4070 6488
507 399 647 459 1627

501 517 665 572 etiam
696 516 958 572 mirabilia
985 510 1306 587 pervenire?
1333 508 1469 580 Quid
1496 516 1743 579 putamus
1768 548 1783 575 ,
1815 506 1915 561 nisi
1944 507 2083 576 quod

499 621 533 662 a
563 623 622 664 se
648 608 885 664 amoveri
917 608 968 662 in
998 602 1441 673 consequentibus
1472 608 1622 670 rogat
1661 598 1848 653 dicens
1881 615 1893 649 :
1940 596 2086 651 Viam

501 699 781 770 iniquitatis
805 714 979 751 amove
997 713 1028 749 a
1052 694 1175 748 me?
1201 694 1263 750 Et
1293 694 1415 763 quia
1436 692 1519 746 lea:
1547 690 1808 745 factorum
1832 688 2086 743 subintra-

500 792 589 858 vit,
621 802 674 845 ut
703 790 979 845 abundaret
1006 788 1239 842 delictum
1267 784 1459 858 (Rom.
1495 799 1547 849 v,
1575 782 1720 855 20);
1753 782 2011 852 sequitur,
2035 789 2088 834 et
2164 835 2175 842 ,

458 882 461 883 ⁷
499 881 648 948 dicit,
677 880 745 935 Et
777 882 795 914 ¹
826 882 933 951 lege
962 890 1048 932 tua
1086 879 1319 931 miserere
1356 876 1475 931 mei.
1519 874 1631 942 Qua
1659 873 1798 944 lege,
1826 871 1927 926 nisi
1971 870 2088 940 lege

499 974 669 1030 ﬁdei?
697 973 832 1028 Audi
879 970 1191 1043 Apostolum
1241 987 1254 1022 :
1297 967 1393 1023 Ubi
1436 975 1508 1022 est
1550 983 1666 1037 ergo
1699 964 1932 1035 gloriatio
1962 962 2089 1016 tua?

500 1069 725 1124 Exclusa
749 1080 839 1123 est.
874 1066 978 1121 Per
997 1082 1145 1137 quam
1167 1063 1373 1136 legem?
1402 1061 1689 1133 factorum?
1714 1058 1867 1124 Non;
1893 1057 1981 1110 sed
2000 1073 2090 1128 per

498 1162 658 1231 legem
680 1160 800 1229 fidei
829 1158 938 1230 (Id.
969 1172 1046 1222 ιιι,
1078 1157 1146 1211 27
1168 1156 1210 1224 ).
1243 1155 1368 1209 Haec
1391 1162 1472 1208 est
1494 1153 1573 1207 lex
1604 1151 1755 1216 ﬁdei,
1786 1165 1888 1220 qua
1914 1148 2089 1204 credi-

500 1268 619 1307 mus
646 1262 699 1306 et
729 1266 940 1307 oramus
982 1264 1079 1320 per
1117 1247 1340 1318 gratiam
1380 1244 1533 1299 nobis
1581 1240 1786 1307 donari,
1831 1248 1888 1294 ut
1927 1238 2087 1293 facia-

498 1359 620 1399 mus
644 1342 784 1414 quod
813 1358 905 1412 per
926 1340 1282 1409 nosmetipsos
1305 1337 1525 1408 implere
1545 1350 1651 1389 non
1680 1346 1962 1403 possumus
1987 1346 2088 1396 ;ne

498 1439 806 1507 ignorantes
840 1436 930 1489 Dei
954 1434 1238 1505 justitiam,
1270 1440 1324 1486 et
1363 1438 1600 1484 nostram
1631 1427 1870 1481 volentes
1889 1426 2091 1480 consti-

496 1536 668 1593 tuere,
717 1526 938 1597 iustitia:
970 1524 1063 1579 Dei
1092 1537 1199 1578 non
1240 1522 1408 1577 simus
1436 1519 1656 1590 subjecti
1679 1516 1786 1589 (Id.
1833 1533 1888 1581 x,
1916 1516 1998 1586 ὃ).
2030 1516 2086 1568 ln

497 1622 614 1691 lege
666 1622 841 1691 itaque
889 1619 1146 1675 factorum
1200 1625 1281 1671 est
1332 1614 1423 1669 Dei
1469 1612 1704 1684 iubentis
1748 1609 1986 1680 justitia;
2034 1607 2087 1661 in

497 1715 616 1787 lege
645 1724 819 1770 autem
852 1713 996 1777 ﬁdei,
1026 1709 1392 1767 subvenientis
1416 1704 1802 1761 misericordia.

571 1809 625 1863 6.
656 1805 804 1880 [vers.
837 1803 1051 1878 30-32.]
1088 1804 1218 1859 Cum
1266 1810 1443 1857 autem
1483 1799 1725 1863 dixisset,
1756 1795 1821 1849 Et
1850 1796 1958 1866 lege
2002 1804 2088 1848 tua

496 1902 733 1955 miserere
758 1900 893 1962 mei;
935 1897 1003 1953 de
1033 1895 1308 1952 beneﬁciis
1331 1894 1447 1963 ejus
1492 1906 1610 1962 quae
1632 1890 1742 1960 jam
1769 1894 2088 1943 consecutus

498 2004 598 2059 est,
632 1991 1044 2065 quodammodo,
1076 1989 1245 2045 sidici
1274 1994 1468 2058 potest,
1491 1982 1805 2055 prmscribit,
1838 1989 1898 2035 ut
1924 1981 2088 2049 impe-

499 2095 607 2139 tret
644 2094 834 2140 caetera
875 2099 991 2154 qua:
1017 2080 1252 2136 nondum
1297 2087 1378 2134 est
1409 2084 1750 2132 consecutus.
1779 2074 1869 2128 Ait
1896 2072 2036 2127 enim
2069 2087 2085 2127 ε

505 2176 655 2232 Viam
677 2177 897 2230 veritatis
912 2174 1073 2244 elegi;
1089 2171 1289 2244 judicia
1320 2178 1406 2224 tua
1432 2186 1532 2223 non
1544 2184 1658 2221 sum
1676 2166 1877 2221 oblitus.
1902 2163 2089 2218 Adhae-

497 2270 540 2323 si
583 2268 877 2322 testimoniis
903 2268 1039 2330 tuis;
1070 2265 1299 2330 Domine,
1329 2264 1435 2318 noli
1464 2278 1542 2316 me
1569 2260 1898 2332 confundere.
1938 2257 2085 2312 Viam

495 2359 716 2413 veritatis
741 2357 887 2429 elegi,
927 2357 1017 2412 ubi
1043 2370 1315 2411 currerem
1343 2372 1356 2407 :
1384 2353 1584 2426 judicia
1604 2362 1691 2405 tua
1716 2367 1817 2405 non
1835 2367 1947 2404 sum
1962 2350 2088 2403 obli-

498 2461 601 2520 tus,
632 2462 690 2506 ut
738 2466 1033 2507 currerem.
1075 2449 1280 2503 Adhaesi
1315 2446 1610 2501 testimoniis
1647 2444 1768 2511 tuis,
1810 2458 1930 2498 cum
1962 2458 2088 2497 cur-

496 2558 672 2598 rerem
703 2560 716 2596 :
750 2541 987 2602 Domine,
1020 2539 1126 2594 noli
1152 2555 1230 2592 me
1253 2536 1595 2609 confundere;
1623 2548 1729 2605 quo
1757 2547 1919 2587 curro
1962 2548 2087 2601 per-

496 2633 711 2688 tendam
737 2673 751 2697 ,
785 2646 891 2702 quo
932 2630 1092 2686 tendo
1117 2628 1443 2699 perveniam.
1491 2626 1607 2681 Non
1651 2624 1792 2680 enim
1835 2624 2083 2687 volentis,

496 2740 673 2796 neque
698 2724 983 2791 currentis,
1011 2723 1107 2778 sed
1144 2720 1449 2777 miserentis
1475 2731 1558 2775 eSt
1588 2719 1680 2774 Dei
1708 2717 1817 2788 (Id.
1849 2733 1922 2783 ix,
1955 2716 2023 2771 16
2045 2717 2085 2786 ).

497 2819 738 2888 Denique
753 2818 1030 2888 sequitur:
1074 2815 1217 2869 Viam
1246 2814 1600 2868 mandatorum
1635 2820 1831 2864 tuorum
1866 2811 2083 2874 cucurri,

496 2930 615 2967 cum
642 2911 869 2965 dilatasti
893 2927 980 2964 cor
1000 2925 1185 2962 meum.
1210 2906 1326 2961 Non
1351 2919 1646 2969 currerem,
1679 2902 1781 2958 nisi
1810 2902 2088 2956 dilatasses

496 3018 593 3060 cor
614 3018 815 3058 meum.
847 3002 1073 3057 Prorsus
1100 3002 1201 3055 isto
1230 3012 1391 3054 versu
1418 2998 1704 3068 exponitur
1732 2994 2083 3065 quemadmo-

496 3096 625 3153 dum
650 3095 849 3151 dictum
880 3094 951 3149 sit
977 3134 993 3159 ,
1043 3090 1187 3146 Viam
1215 3090 1435 3145 ueritatis
1463 3088 1608 3160 elegi,
1636 3088 1837 3159 judicia
1864 3096 1951 3140 tua
1986 3102 2088 3140 non

498 3204 614 3244 sum
638 3186 842 3250 oblitus,
865 3183 1057 3238 adhaesi
1094 3182 1388 3237 testimoniis
1411 3181 1529 3234 tuis.
1556 3177 1756 3234 Cursus
1781 3187 1863 3234 est
1890 3177 2088 3248 quippe

495 3280 599 3336 iste
625 3279 726 3334 via:
754 3276 1123 3332 mandatorum
1146 3274 1239 3328 Dei
1268 3274 1310 3325 ¹.
1344 3271 1549 3341 thuia
1575 3270 1747 3341 potius
1768 3269 1887 3339 ejus
1918 3269 2087 3323 bene-

496 3371 620 3427 ﬁcia
658 3384 816 3439 quam
847 3382 941 3422 sua
970 3366 1159 3422 merita
1201 3364 1427 3419 Domino
1468 3362 1695 3431 allegat;
1728 3369 1982 3429 tanquam
2008 3358 2090 3413 di-

494 3470 715 3519 ceretur
758 3462 827 3525 ei,
874 3457 1151 3525 Quomodo
1202 3457 1358 3511 istam
1407 3454 1549 3509 viam
1607 3452 1952 3517 cucurristi",
1986 3450 2087 3506 eli-

498 3552 699 3625 gendo,
731 3560 786 3607 et
807 3550 899 3606 Dei
927 3550 1122 3620 judicia
1146 3563 1253 3603 non
1303 3545 1700 3609 obliviscendo,
1730 3554 1785 3599 et
1808 3545 1923 3613 ejus
1946 3544 2086 3598 testi-

495 3644 696 3702 moniis
718 3641 1065 3710 adhaerendo,
1095 3657 1161 3695 an
1186 3656 1282 3711 per
1305 3641 1528 3710 teipsum
1546 3638 1643 3692 ista
1665 3636 1921 3708 potuisti?
1948 3636 2082 3702 Non,

499 3738 599 3793 ait.
628 3737 765 3805 Quid
791 3735 958 3806 ergo?
983 3733 1131 3789 Viam
1154 3733 1509 3787 mandatorum
1529 3741 1750 3795 tuorum,
1771 3729 1959 3798 inquit,
1993 3744 2085 3781 cu-

490 3830 633 3899 curri
657 3845 770 3884 cum
796 3827 1019 3881 dilatasti
1041 3841 1127 3880 cor
1148 3841 1334 3878 meum.
1364 3822 1478 3877 Non
1512 3836 1640 3893 ergo
1665 3836 1761 3891 per
1790 3820 2082 3891 preprium,

491 3932 553 3980 et
578 3923 728 3995 quasi
758 3921 952 3976 nullius
981 3929 1082 3975 tua:
1110 3919 1227 3990 opis
1269 3916 1505 3987 indigum
1531 3914 1810 3969 arbitrium
1866 3927 2041 3967 meum
2067 3929 2081 3976 ;

490 4015 590 4072 sed
605 4031 717 4068 cum
734 4011 959 4067 dilatasti
980 4027 1067 4064 cor
1086 4026 1270 4064 meum.
1283 4006 1473 4064 Cordis
1496 4004 1753 4069 dilatatio,
1774 4003 1991 4075 justitia:
2005 4011 2087 4057 est

489 4106 801 4162 delectatio.
847 4103 975 4158 Haec
1012 4116 1204 4156 munus
1233 4110 1317 4156 est
1342 4098 1457 4165 Dei,
1500 4104 1561 4152 ut
1584 4097 1635 4151 in
1664 4094 1942 4166 praeceptis
1969 4093 2084 4163 ejus

493 4208 604 4251 non
640 4197 830 4250 timore
860 4208 1033 4263 paenae
1061 4200 1425 4263 angustemur,
1453 4187 1549 4243 sed
1570 4187 1878 4251 dilectione,
1910 4193 1963 4239 et
1990 4184 2085 4238 de-

494 4286 783 4342 lectatione
808 4284 1026 4354 justitirc
1062 4282 1366 4337 dilatemur.
1419 4279 1566 4334 Hane
1607 4278 1749 4332 enim
1779 4275 1930 4330 nobis
1963 4289 2084 4343 pro-

492 4378 657 4434 mittit
685 4375 1013 4430 latitudinem
1054 4374 1172 4443 ejus
1195 4373 1377 4427 dicens
1408 4388 1424 4426 :
1458 4368 1708 4423 Habitabo
1732 4368 1783 4421 in
1805 4367 1896 4433 eis,
1927 4374 1972 4420 et
1996 4364 2085 4420 de-

490 4468 761 4524 ambulabo
783 4467 846 4538 (ll
876 4466 992 4521 Cor.
1024 4482 1072 4519 γι
1094 4508 1109 4533 ,
1138 4465 1203 4519 l6
1224 4464 1265 4535 ).
1308 4463 1477 4529 Quam
1504 4460 1645 4516 enim
1696 4458 1856 4512 latum
1886 4465 1966 4512 est
1992 4456 2082 4511 ubi

490 4554 803 4617 deambulat
830 4559 969 4614 Deus
994 4557 1009 4613 ι
1044 4557 1096 4611 in
1134 4556 1237 4611 hac
1263 4552 1543 4608 latitudine
1567 4549 1877 4606 diffunditur
1904 4548 2081 4603 chari-

493 4662 578 4709 tas
609 4653 659 4707 in
691 4651 940 4706 cordibus
969 4648 1166 4703 nostris
1197 4662 1290 4717 per
1311 4644 1563 4715 Spiritum
1592 4651 1833 4697 sanctum
1860 4642 1948 4711 qui
1979 4639 2078 4695 da-

492 4756 581 4804 tus
607 4756 689 4802 est
711 4745 863 4801 nobis
893 4746 911 4817 (
936 4744 1087 4799 Rom.
1111 4757 1164 4804 v,
1194 4741 1286 4813 5).
1312 4738 1462 4796 Unde
1484 4738 1643 4792 etiam
1665 4736 1862 4790 dictum
1879 4745 1979 4801 est,
2012 4733 2079 4787 Et

488 4842 546 4896 in
572 4839 751 4912 plateis
771 4838 868 4890 tuis
889 4834 1175 4890 discurrant
1201 4848 1347 4904 aquae
1367 4841 1467 4885 tute
1491 4827 1674 4902 (Prov.
1704 4843 1759 4892 v,
1794 4824 1881 4898 16)
1916 4844 1928 4879 :
1961 4826 2077 4895 pla-

490 4941 578 4991 tea
604 4933 798 5004 quippe
823 4930 889 4984 de
910 4927 1071 4983 verbo
1094 4942 1267 5000 graeco
1287 4943 1315 4979 a
1334 4923 1608 4979 latitudine
1630 4935 1819 4977 nomen
1841 4918 2074 4988 accepit;

488 5025 742 5097 quoniam
763 5036 935 5093 graece
956 5028 1111 5077 πλοιτῦ
1128 5018 1319 5073 dicitur
1342 5016 1525 5070 latum.
1560 5013 1653 5070 Hae
1682 5018 1807 5067 sunt
1834 5025 1984 5080 aquae
2010 5007 2078 5062 de

490 5117 685 5188 quibus
708 5115 965 5169 Dominus
990 5113 1201 5173 clamat,
1238 5108 1337 5174 Qui
1383 5107 1487 5161 sitit
1528 5106 1691 5160 veniat
1719 5103 1788 5157 ad
1830 5118 1929 5156 me.
1977 5100 2077 5168 Qui

488 5209 647 5263 credit
666 5208 721 5263 in
746 5224 844 5274 me,
870 5205 1081 5277 ﬂumina
1109 5217 1252 5273 aqua:
1289 5202 1412 5254 viva:
1430 5199 1590 5269 ﬂuent
1632 5197 1694 5250 de
1720 5205 1887 5250 uentre
1922 5196 2032 5267 ejus
2057 5208 2077 5248 :

488 5310 545 5356 ct
573 5315 846 5370 exponens
876 5295 1211 5365 Evangelista
1237 5292 1363 5364 quid
1388 5291 1602 5355 dixerit,
1628 5285 1742 5341 Hoc
1782 5295 1969 5353 autem,
1995 5286 2075 5340 in-

487 5392 621 5461 quit,
654 5390 847 5445 dicebat
876 5388 938 5442 de
962 5387 1162 5457 Spiritu
1182 5400 1327 5455 quem
1352 5379 1605 5452 accepturi
1626 5384 1770 5433 erant
1798 5377 1885 5449 qui
1913 5376 2075 5431 credi-

487 5483 591 5538 turi
628 5492 771 5537 erant
792 5481 847 5536 in
878 5497 991 5535 eum
1022 5479 1199 5553 (Joan.
1225 5492 1317 5545 vn,
1346 5473 1519 5531 37-39
1542 5472 1583 5544 ).
1612 5468 1775 5527 Multa
1819 5470 1924 5525 dici
1953 5483 2073 5540 pos-

552 5655 570 5723 }
595 5655 671 5723 _Sic
694 5659 795 5703 Am.
821 5660 874 5705 et
891 5659 1001 5704 uss.
1022 5651 1313 5723 juxta_l.‘_xx.
1340 5656 1397 5723 git
1417 5653 1492 5699 Er.
1520 5655 1573 5723 et
1592 5653 1726 5723 tuom,
1742 5652 1840 5723 eta

522 5717 575 5791 ,ε
594 5721 727 5791 ιοιος
751 5706 1400 5791 summam“
1433 5718 1550 5762 εισιι
1577 5706 2029 5761 mw“
2052 5718 2072 5757 -°

488 5776 890 5829 dissentientibus
910 5776 1024 5826 Edd.
1036 5776 1156 5826 aliis
1179 5784 1231 5826 et
1250 5782 1359 5826 Mss.

487 5841 579 5953 us;
596 5841 847 5954 mtto
869 5847 979 5890 Lov.
1019 5838 1164 5901 addit,
1202 5836 1328 5889 riam
1357 5833 1571 5889 veritatis
1610 5847 1630 5887 :
1665 5834 1794 5899 quod
1829 5845 1860 5885 a
1891 5833 2071 5883 nostris

1738 392 1796 447 S.
1839 389 2203 447 AUGUSTINI
2239 388 2541 447 EPISCOPI

3640 388 3779 448 {598

2192 513 2308 559 sent
2334 505 2399 559 de
2426 506 2525 561 ista
2550 504 2726 562 cordis
2756 504 3050 574 latitudine,
3078 505 3173 563 sed
3203 504 3361 578 hujus
3380 509 3645 563 sermonis
3667 506 3779 579 jam

2193 595 2569 651 contradicitur
2594 595 2927 667 longitudini.

2844 726 3015 767 εειιιιο
3052 727 3125 766 XI.

2268 824 2318 879 1.
2362 821 2528 897 [vers.
2558 820 2786 897 53.]1n
2853 824 3059 895 psalmo
3120 824 3224 881 isto
3276 838 3469 896 magno
3540 825 3784 896 sequitur

2194 914 2335 985 quod
2372 915 2524 969 nobis
2547 957 2561 979 ,
2603 915 2890 985 adjuvante
2921 914 3150 971 Domino
3174 959 3191 983 ,
3217 916 3665 972 considerandum
3700 926 3785 971 at-

2190 1022 2296 1077 que
2341 1006 2669 1061 tractandum
2712 1016 2795 1061 est
2834 1024 2848 1062 :
2903 1005 3086 1078 Legem
3136 1024 3264 1078 pone
3311 1008 3471 1073 mihi,
3521 1006 3781 1075 Domine,

2193 1100 2327 1152 uiam
2348 1099 2771 1168 justiﬁeationum
2800 1108 3000 1153 tuarum
3023 1139 3038 1165 ,
3067 1108 3114 1153 et
3143 1082 3533 1170 exquiram'eam
3561 1114 3782 1169 semper.

2194 1189 2483 1260 Apostolus
2501 1190 2628 1244 dicit
2650 1231 2667 1258 ,
2688 1189 2838 1244 Iusto
2861 1191 2941 1244 lea:
2960 1208 3060 1245 non
3082 1200 3153 1245 est
3174 1191 3336 1261 posita
3360 1230 3375 1251 ,
3396 1191 3597 1260 injustis
3616 1200 3787 1243 autem

2194 1291 2359 1338 etnon
2384 1282 2595 1337 subditis
2618 1323 2633 1349 ,
2665 1290 2720 1338 et
2753 1293 2944 1338 caetera
2969 1325 2984 1348 ,
3030 1299 3148 1354 qure
3189 1284 3261 1337 ibi
3299 1284 3622 1339 concludens
3668 1284 3741 1338 ait
3769 1326 3784 1350 ,

2194 1372 2307 1427 Etsi
2332 1373 2454 1439 quid
2477 1372 2618 1427 aliud
2637 1390 2776 1428 sana:
2805 1374 3047 1429 doctrina:
3076 1375 3371 1428 adversatur
3393 1416 3407 1439 ,
3447 1390 3560 1444 quae
3594 1384 3671 1429 est
3700 1389 3786 1428 se-

2193 1466 2413 1519 cundum
2433 1465 2767 1538 Evangelium
2796 1467 2973 1537 gloria:
3017 1466 3145 1519 beati
3183 1465 3316 1531 Dei,
3366 1466 3498 1535 quod
3538 1465 3787 1520 creditum

2193 1568 2264 1611 est
2294 1558 2418 1610 mihi
2464 1557 2519 1629 (l
2543 1556 2678 1612 Tim.
2711 1574 2767 1624 ι,
2798 1557 2930 1613 9-H
2957 1559 2999 1629 ).
3042 1556 3308 1627 Numquid
3343 1572 3470 1628 ergo
3506 1557 3626 1612 talis
3669 1567 3788 1612 erat

2194 1649 2295 1704 iste
2333 1649 2422 1720 qui
2464 1649 2624 1719 dicit,
2652 1648 2838 1721 Legem
2872 1666 3002 1720 pone
3039 1649 3197 1718 mihi,
3243 1650 3497 1713 nomine,
3538 1649 3789 1719 qualibus

2192 1740 2379 1797 beatus
2421 1741 2617 1796 Paulus
2657 1742 2786 1797 dicit
2827 1743 3053 1813 positam
3095 1742 3307 1812 legem?
3335 1742 3506 1796 Absit.
3537 1742 3593 1797 Si
3638 1743 3786 1797 enim

2196 1834 2313 1888 talis
2336 1842 2479 1889 esset
2502 1874 2515 1898 ,
2548 1849 2651 1888 non
2679 1835 2923 1904 superius
2949 1834 3174 1889 dixisset
3200 1875 3213 1897 ,
3259 1832 3399 1888 t’iam
3424 1834 3789 1889 mandatorum

2196 1933 2396 1979 tuorum
2419 1927 2619 1979 cucurri
2639 1965 2655 1991 ,
2684 1943 2795 1979 cum
2821 1926 3045 1979 dilatasli
3075 1941 3162 1978 cor
3188 1940 3370 1978 meum.
3393 1924 3529 1993 Quid
3553 1936 3637 1979 est
3657 1940 3792 1995 ergo

2194 2016 2337 2088 quod
2367 2026 2484 2071 orat
2509 2026 2566 2071 ut
2594 2017 2694 2071 sibi
2719 2017 2804 2071 lex
2834 2031 2863 2069 a
2892 2016 3118 2070 Domino
3143 2025 3370 2086 ponatur
3391 2058 3405 2082 ,
3430 2017 3602 2071 sinon
3629 2017 3789 2085 poni-

2196 2118 2281 2164 tur
2301 2110 2490 2180 justo?
2517 2112 2595 2164 An
2623 2125 2687 2165 eo
2718 2109 2878 2164 modo
2903 2124 3007 2164 non
3046 2109 3259 2181 ponitur
3289 2108 3434 2179 justo
3458 2152 3471 2173 ,
3518 2110 3792 2180 quomodo

2194 2200 2363 2271 posita
2402 2212 2483 2255 est
2547 2200 2746 2271 pepulo
2802 2201 3140 2268 contumaci,
3203 2201 3258 2254 in
3317 2201 3506 2255 tabulis
3563 2202 3793 2271 lapideis

2196 2290 2409 2357 (Exod.
2438 2309 2595 2359 xxxi,
2624 2292 2755 2362 18),
2802 2306 2908 2349 non
2954 2292 3007 2347 in
3048 2292 3238 2346 tabulis
3275 2292 3451 2347 cordis
3487 2294 3796 2350 carnalibus

2195 2383 2429 2456 (llCor.
2482 2402 2579 2454 ιιι,
2623 2386 2725 2457 5);
2768 2384 3059 2441 secundum
3106 2392 3481 2440 testamentum
3526 2395 3681 2440 vetus
3725 2403 3793 2443 ex

2197 2486 2377 2531 monte
2406 2477 2530 2532 Sina
2558 2518 2571 2541 ,
2601 2477 2743 2547 quod
2781 2479 2832 2531 in
2875 2477 3184 2533 servitutem
3224 2484 3443 2547 generat
3468 2476 3488 2549 (
3510 2476 3681 2531 Galat.
3713 2493 3794 2546 tv,

2194 2566 2324 2636 24),
2358 2583 2461 2622 non
2488 2568 2777 2623 secundum
2805 2569 2821 2599 ί
2873 2576 3245 2623 testamentum
3289 2583 3521 2635 novum,
3567 2571 3636 2625 de
3677 2586 3795 2640 quo

2194 2660 2448 2730 soi-iptum
2479 2670 2560 2716 est
2586 2676 2682 2730 per
2707 2660 2994 2715 Jeremiam
3026 2660 3341 2730 prophetam
3368 2702 3381 2724 ,
3414 2658 3548 2714 Ecce
3572 2661 3679 2715 dies
3708 2679 3797 2716 ve~

2196 2754 2341 2807 niunt
2365 2796 2379 2817 ,
2408 2753 2527 2806 dicit
2552 2752 2803 2807 Dominus
2824 2795 2836 2817 ,
2865 2763 2908 2807 et
2934 2754 3290 2808 consummabo
3331 2754 3501 2807 domui
3540 2753 3709 2809 Israel
3741 2766 3792 2810 et

2196 2845 2368 2899 domui
2396 2844 2426 2897 ,Ι
2435 2845 2536 2897 uda
2562 2853 2907 2899 testamentum
2934 2860 3115 2898 novum
3142 2887 3155 2911 ,
3190 2861 3290 2898 non
3325 2846 3597 2899 secundum
3636 2856 3797 2900 testa.

2195 2948 2417 2993 mentum
2445 2937 2578 3005 quod
2606 2939 2828 3008 disposui
2858 2938 3081 3008 patribus
3127 2954 3300 2992 eorum
3335 2938 3389 2990 in
3430 2938 3510 2991 die
3550 2955 3650 3008 qua
3694 2957 3796 3009 ap-

2194 3029 2437 3100 prehendi
2482 3046 2685 3083 manum
2735 3042 2942 3093 eorum,
2997 3040 3049 3082 ut
3102 3030 3363 3083 educerem
3408 3045 3491 3084 eos
3537 3030 3599 3084 de
3653 3040 3797 3088 terra

2195 3120 2459 3191 Egypti:
2506 3122 2741 3191 quoniam
2783 3122 2883 3189 ipsi
2930 3136 3030 3174 non
3080 3131 3465 3189 permanserunt
3511 3123 3566 3176 in
3609 3121 3799 3177 Testa-

2195 3224 2361 3268 mento
2390 3231 2538 3279 meo;
2581 3224 2627 3268 et
2674 3231 2763 3285 ego
2806 3215 3001 3284 neglexi
3028 3230 3110 3267 eos
3132 3254 3148 3280 ,
3181 3214 3302 3267 dicit
3329 3213 3597 3268 Dominus.
3642 3215 3794 3280 Quo-

2194 3307 2331 3360 niam
2360 3307 2452 3360 Iioc
2482 3316 2551 3361 est
2596 3316 2943 3361 testamentum
2987 3307 3122 3376 quod
3166 3307 3465 3360 constituam
3491 3306 3662 3360 domui
3692 3306 3790 3362 Is-

2192 3401 2301 3454 rael
2323 3416 2342 3454 :
2377 3398 2498 3454 Post
2529 3401 2633 3454 dies
2658 3400 2792 3463 illos,
2817 3401 2938 3453 dicit
2959 3399 3232 3465 Dominus,
3262 3399 3390 3453 dabo
3418 3401 3549 3472 leges
3576 3418 3725 3457 meas
3744 3405 3801 3459 in

2193 3491 2441 3545 mentibus
2497 3508 2708 3555 eorum,
2759 3500 2807 3545 et
2851 3492 2901 3545 in
2944 3492 3177 3545 cordibus
3221 3508 3393 3546 eorum
3430 3493 3645 3547 scribam
3699 3513 3795 3551 eas

2195 3582 2431 3656 (Jerem.
2467 3600 2589 3638 xxxi
2614 3626 2630 3652 ,
2662 3584 2825 3639 31-55
2851 3585 2909 3656 )?
2951 3585 3085 3640 Ecce
3120 3585 3387 3655 quomodo
3417 3586 3530 3639 vult
3568 3586 3668 3641 iste
3718 3589 3802 3644 le—

2192 3691 2312 3746 gem
2342 3675 2440 3730 sibi
2469 3677 2591 3746 poni
2632 3691 2659 3729 a
2706 3677 2965 3742 Domino;
3010 3692 3114 3731 non
3158 3678 3294 3732 sicut
3330 3677 3540 3748 injustis
3578 3688 3634 3735 et
3676 3696 3799 3739 non

2195 3767 2423 3822 subditis
2446 3810 2461 3834 ,
2489 3768 2553 3822 ad
2583 3777 2734 3822 vetus
2772 3777 3143 3823 testamentum
3183 3760 3570 3838 pertinentibus
3610 3773 3800 3842 posita

2193 3867 2276 3913 est
2297 3900 2312 3925 ,
2346 3859 2401 3944 in
2430 3858 2619 3913 tabulis
2645 3858 2867 3929 lapideis
2893 3877 2906 3925 ;
2930 3859 3024 3914 sed
3048 3861 3183 3914 sicut
3204 3861 3400 3915 sanctis
3427 3860 3548 3917 ﬁliis
3575 3863 3795 3933 liberae,

2191 3952 2296 4009 hoc
2324 3963 2406 4009 est
2434 3969 2677 4023 supernae
2705 3953 3002 4009 Jerusalem
3023 3995 3038 4019 ,
3073 3954 3189 4008 ﬁliis
3221 3956 3588 4024 promissionis
3613 3999 3629 4024 ,
3664 3959 3800 4015 ﬁliis

2192 4044 2517 4100 hereditatis
2566 4057 2778 4101 ueterum
2802 4087 2818 4113 ,
2869 4054 3054 4101 sancto
3092 4046 3293 4117 Spiritu
3332 4057 3578 4119 tanquam
3619 4049 3801 4122 digito

2192 4139 2286 4194 Dei
2314 4142 2369 4193 in
2394 4148 2573 4193 mente
2611 4139 2807 4206 datur,
2856 4149 2909 4194 et
2952 4140 3006 4195 in
3050 4139 3299 4196 cordibus
3337 4141 3630 4197 scribitur:
3681 4161 3800 4201 non

2191 4248 2349 4302 quam
2379 4233 2635 4289 memoria
2667 4241 2914 4299 teneant,
2945 4243 2999 4288 et
3026 4235 3131 4289 vita
3164 4234 3465 4305 negligant;
3498 4235 3590 4291 sed
3623 4253 3798 4307 quam

2190 4326 2361 4381 sciant
2404 4325 2781 4395 intelligendo,
2824 4324 3017 4380 faciant
3054 4325 3353 4396 diligendo,
3405 4326 3458 4381 in
3503 4327 3801 4386 latitudine

2189 4418 2422 4483 amoris,
2468 4432 2573 4472 non
2622 4419 2673 4472 in
2720 4417 2923 4472 timoris
2952 4418 3228 4488 angustiis.
3280 4417 3413 4472 Nam
3460 4420 3550 4488 qui
3591 4420 3800 4477 timore

2190 4522 2363 4579 poena:
2386 4550 2400 4574 ,
2434 4524 2538 4564 non
2566 4524 2748 4563 amore
2770 4508 2987 4578 justitizc
3012 4523 3147 4578 opus
3171 4509 3301 4579 legis
3330 4508 3455 4565 facit
3476 4552 3490 4577 ,
3536 4511 3801 4580 profecto

2188 4602 2383 4657 invitus
2406 4602 2551 4656 facit.
2572 4601 2722 4670 Quod
2745 4609 2922 4655 autem
2951 4601 3147 4655 invitus
3174 4600 3299 4655 facit
3314 4643 3329 4666 ,
3360 4600 3404 4656 si
3428 4610 3608 4671 posset
3628 4604 3755 4659 ﬁeri
3779 4648 3796 4670 ,

2187 4693 2369 4748 mallet
2398 4695 2575 4764 utique
2604 4708 2706 4747 non
2746 4692 2921 4761 juberi
2956 4709 2969 4746 :
3019 4706 3082 4747 ac
3125 4708 3219 4762 per
3257 4691 3357 4746 hoc
3409 4692 3571 4763 legis,
3619 4710 3798 4764 quam

2187 4785 2351 4840 vellet
2379 4801 2483 4839 non
2513 4799 2679 4850 esse,
2704 4800 2807 4839 non
2848 4792 2931 4838 est
2967 4784 3170 4837 amicus
3195 4824 3208 4847 ,
3252 4781 3345 4837 sed
3384 4782 3561 4854 potius
3600 4783 3799 4841 inimi-

2187 4891 2319 4941 cus;
2348 4892 2445 4931 nec
2470 4876 2753 4931 mundatur
2776 4888 2937 4946 opere
2959 4913 2977 4941 ,
3004 4874 3093 4944 qui
3125 4872 3427 4927 immundus
3460 4883 3540 4927 est
3582 4876 3795 4931 volun—

2186 4968 2360 5023 Late-‘.
2393 4967 2537 5022 Talis
2567 4982 2672 5021 non
2700 4975 2877 5037 potest
2904 4965 3083 5019 dicere
3111 4963 3252 5033 quod
3280 4964 3383 5018 iste
3429 4962 3562 5017 dixit
3591 4963 3648 5018 in
3693 4981 3799 5020 su-

2185 5060 2485 5130 perioribus
2505 5059 2749 5117 versibus
2773 5099 2786 5123 ,
2821 5056 2967 5110 Viam
2994 5055 3349 5109 mandatorum
3368 5064 3567 5109 tuorum
3591 5073 3797 5111 cucur-

2184 5152 2231 5207 ri
2254 5193 2269 5220 ,
2297 5169 2410 5206 cum
2437 5153 2660 5207 dilatasti
2685 5168 2770 5205 cor
2800 5166 2965 5204 meum
2988 5166 3008 5214 ;
3028 5150 3150 5220 quia
3176 5150 3263 5204 illa
3284 5148 3522 5206 dilatatio
3543 5150 3801 5208 charita-

2186 5255 2291 5301 tem
2331 5245 2632 5316 signiﬁcat,
2678 5260 2796 5315 qua:
2834 5242 3128 5298 secundum
3162 5230 3479 5313 Apostolum
3515 5242 3653 5313 legis
3702 5255 3799 5302 est

2184 5337 2454 5409 plenitudo
2488 5335 2507 5407 (
2535 5337 2682 5391 Rom.
2716 5351 2807 5390 xm
2830 5377 2845 5401 ,
2877 5334 2944 5390 10
2970 5335 3009 5407 ).

2255 5430 2311 5485 2.
2351 5428 2459 5485 Cur
2502 5442 2629 5499 ergo
2668 5428 2769 5483 iste
2813 5426 2986 5482 adhuc
3022 5425 3193 5497 poscit
3243 5423 3345 5481 sibi
3388 5424 3560 5495 legem
3603 5428 3793 5496 poni;

2181 5535 2301 5594 quae
2327 5521 2509 5591 utique
2532 5521 2576 5574 si
2598 5533 2706 5574 non
2734 5518 2784 5574 ei
2814 5518 2991 5589 posita
3024 5517 3241 5581 fuisset,
3286 5529 3394 5570 non
3430 5516 3569 5571 viam
3614 5532 3797 5575 man-

2245 5702 2264 5734 ¹
2284 5707 2359 5750 Er.
2388 5707 2441 5751 et
2460 5706 2593 5761 Dom,
2617 5699 2701 5751 sed
2724 5699 3005 5751 sectmdtun.
3030 5692 3196 5744 Melius
3231 5699 3332 5743 Am.
3350 5699 3406 5744 et
3424 5700 3553 5754 uss,
3576 5704 3681 5745 nas
3703 5709 3794 5748 se.

2179 5764 2482 5877 “ﬂiam.
2515 5831 2568 5877 et
2599 5833 2702 5877 Mss.
2745 5829 2801 5875 At
2828 5829 2903 5872 Et.
2940 5826 2993 5871 et
3032 5826 3173 5884 Lov.,
3210 5816 3488 5887 cognatione
3522 5822 3568 5869 et
3598 5819 3793 5873 volun-

2181 5892 2294 5939 tale.
