4090 6536
388 438 410 494 Ι
420 434 523 491 529

322 554 325 555 ⁷
379 553 624 609 datorum
670 549 764 605 Dei
800 548 853 604 in
895 545 1073 604 cordis
1120 544 1400 601 latitudine
1441 540 1808 601 eucurrisset?
1850 538 1957 595 Sed

380 645 499 715 quia
541 642 827 713 proﬁciens
872 639 1141 710 loquitur,
1181 646 1236 691 et
1278 635 1374 690 Dei
1414 633 1611 693 donum
1652 632 1800 688 novit
1839 644 1960 686 esse

377 738 516 807 quod
546 733 790 806 proﬁcit;
818 730 943 803 quid
970 729 1113 786 aliud
1138 730 1302 801 petit,
1341 742 1463 784 cum
1497 726 1599 782 sibi
1636 725 1807 796 legem
1834 724 1959 795 poni

377 828 547 900 petit,
578 828 679 882 nisi
707 834 767 881 ut
793 828 845 879 in
870 840 934 880 ea
963 824 1129 895 magis
1160 823 1434 893 magisque
1472 819 1730 890 proﬁciat.
1757 817 1958 887 Quem-

375 920 663 976 a‘dmodum
718 919 765 973 si
811 916 1061 989 poculum
1117 914 1329 985 plenum
1380 920 1594 979 teneas,
1660 918 1712 966 et
1761 908 1958 965 sitienti

375 1013 505 1069 dare
547 1011 808 1081 incipias;
849 1016 904 1064 et
940 1007 1117 1062 haurit
1150 1004 1413 1071 bibendo,
1454 1011 1510 1059 et
1546 1002 1718 1074 poscit
1750 999 1960 1056 deside-

373 1104 563 1163 rando.
591 1104 796 1173 Quibus
822 1111 996 1156 autem
1039 1098 1247 1170 injustis
1285 1106 1340 1153 et
1376 1112 1483 1152 non
1514 1095 1741 1152 subditis
1781 1093 1866 1149 lex
1904 1093 1959 1148 in

372 1196 599 1269 lapideis
642 1194 836 1250 tabulis
878 1193 1091 1264 ponitur
1115 1233 1128 1257 ,
1166 1187 1615 1261 praevaricationis
1647 1200 1769 1242 reos
1792 1226 1808 1251 ,
1850 1198 1958 1239 non

373 1287 746 1361 promissionis
773 1283 936 1340 efﬁcit
962 1282 1120 1338 ﬁlios.
1144 1281 1251 1337 Sed
1278 1288 1333 1335 et
1356 1280 1446 1335 ille
1485 1279 1572 1349 qui
1611 1277 1726 1347 ejus
1769 1276 1958 1332 memi-

371 1381 451 1437 nit
469 1421 485 1447 ,
514 1394 617 1436 nec
641 1392 757 1435 eam
788 1376 993 1447 diligit,
1022 1389 1088 1430 eo
1110 1373 1269 1429 modo
1296 1387 1419 1428 reus
1443 1381 1562 1437 est;
1596 1370 1717 1441 quia
1757 1385 1957 1425 memo-

369 1472 449 1527 ria
473 1470 591 1540 ejus
618 1468 754 1539 lapis
782 1468 859 1522 illi
887 1474 969 1522 est
993 1463 1385 1537 quodammodo
1414 1464 1642 1534 scriptus
1666 1504 1681 1530 ,
1710 1476 1818 1518 non
1850 1476 1956 1532 quo

369 1564 662 1619 adornetur
682 1601 699 1627 ,
728 1559 823 1615 sed
845 1574 951 1629 quo
985 1564 1292 1628 prematur;
1340 1554 1549 1627 pondus
1586 1553 1767 1610 oneris
1789 1594 1803 1619 ,
1848 1567 1956 1607 non

369 1655 555 1712 titulus
584 1654 823 1710 honoris.
856 1651 1003 1707 Hanc
1022 1659 1199 1706 autem
1225 1651 1393 1720 legem
1420 1648 1520 1703 iste
1539 1647 1678 1703 viam
1699 1646 1955 1716 jusﬁﬁca-

368 1748 574 1805 tionum
617 1746 709 1802 Dei
745 1745 990 1809 vocavit;
1039 1757 1140 1798 nec
1184 1742 1287 1797 alia
1330 1741 1413 1795 via
1458 1746 1540 1796 est
1586 1739 1953 1793 mandatorum

367 1838 484 1909 ejus
506 1879 523 1905 ,
554 1851 715 1908 quam
745 1851 805 1891 se
840 1834 1141 1891 cucurrisse
1169 1832 1279 1903 jam
1309 1832 1559 1898 dixerat,
1607 1845 1725 1885 cum
1768 1829 1954 1883 dilata-

366 1938 479 1985 tum
508 1936 595 1984 est
620 1943 714 1984 cor
737 1927 872 1996 ejus.
907 1926 1047 1997 Ergo
1074 1933 1129 1980 et
1152 1922 1423 1989 cucurrit,
1454 1930 1507 1977 et
1533 1921 1740 1987 currit,
1781 1919 1953 1975 donec

366 2021 642 2091 perveniat
662 2019 730 2074 ad
753 2019 981 2090 palmam
1020 2031 1265 2087 supemze
1298 2014 1591 2070 vocationis
1632 2014 1747 2069 Dei.
1789 2013 1950 2069 Deni-

366 2127 472 2183 que
495 2126 618 2167 cum
648 2111 872 2166 dixisset
892 2150 908 2176 ,
938 2107 1123 2180 Legem
1160 2123 1289 2179 pone
1326 2106 1484 2174 mihi,
1532 2104 1779 2168 Domine,
1819 2104 1951 2159 viam

365 2203 786 2272 iustificationum
839 2211 1075 2265 tuarum;
1125 2197 1367 2260 addidit,
1423 2205 1471 2251 et
1526 2195 1785 2264 exquiram
1839 2212 1950 2250 eam

364 2310 579 2364 semper.
608 2291 744 2360 Quid
769 2292 912 2348 enim
940 2290 1170 2360 exquirit
1197 2287 1341 2359 quod
1366 2286 1524 2342 habet
1546 2328 1562 2353 ,
1601 2286 1701 2342 nisi
1738 2288 1861 2357 quia
1896 2296 1952 2343 et

364 2387 525 2443 habet
549 2387 756 2459 agendo
776 2429 790 2454 ,
824 2394 881 2442 et
904 2385 1136 2455 exquirit
1158 2380 1528 2453 proﬁciendo?

434 2481 489 2535 5.
530 2479 633 2535 Sed
660 2479 786 2550 quid
815 2487 898 2534 est
922 2519 937 2544 ,
977 2474 1214 2546 semper?
1255 2473 1445 2531 Utrum
1483 2471 1794 2543 exquirendi
1840 2486 1946 2527 non

360 2572 465 2628 erit
495 2571 614 2626 ﬁnis
638 2588 654 2638 ;
682 2571 820 2626 sicut
847 2570 1045 2625 dictum
1071 2575 1155 2622 est
1176 2608 1192 2633 ,
1231 2565 1443 2636 Semper
1482 2562 1595 2618 laus
1623 2564 1733 2633 ejus
1766 2564 1821 2618 in
1864 2578 1950 2618 ore

363 2679 472 2717 meo
503 2662 523 2732 (
549 2660 695 2716 Psal.
730 2677 905 2716 χχχιιι
929 2702 944 2727 ,
970 2659 1006 2713 2
1030 2658 1070 2730 );
1098 2658 1220 2727 quia
1246 2655 1494 2709 laudandi
1525 2669 1627 2708 non
1656 2654 1757 2709 erit
1785 2652 1905 2709 finis
1929 2671 1942 2708 :

362 2769 536 2825 neque
555 2755 699 2810 enim
732 2753 894 2807 Deum
927 2766 1032 2805 non
1058 2747 1387 2804 laudabimus
1416 2788 1431 2812 ,
1459 2760 1580 2800 cum
1605 2744 1672 2801 ad
1709 2745 1825 2815 ejus
1856 2760 1944 2800 re-

361 2863 523 2919 gnum
552 2846 948 2917 pervenerimus
982 2852 1240 2897 aeternum
1269 2880 1284 2905 ,
1324 2854 1445 2895 cum
1487 2838 1724 2909 legamus
1746 2879 1760 2904 ,
1800 2836 1945 2891 Beati

360 2942 447 3011 qui
473 2940 698 2993 habitant
726 2938 779 2991 in
808 2937 958 2991 domo
988 2945 1075 2990 tua
1098 2978 1112 2999 ,
1136 2934 1192 2988 in
1218 2932 1403 2989 sarcula
1429 2931 1731 2986 steculorum
1764 2930 1945 2984 lauda-

362 3032 483 3087 bunt
506 3042 553 3088 te
584 3030 604 3103 (
636 3030 776 3085 Psal.
808 3044 1009 3084 Lxxxm
1032 3068 1047 3093 ,
1075 3028 1109 3083 5
1134 3026 1190 3096 )?
1211 3028 1291 3080 An
1316 3067 1332 3092 ,
1352 3040 1577 3095 semper,
1607 3023 1805 3078 dictum
1828 3030 1941 3089 est,

361 3124 614 3195 quamdiu
646 3123 731 3179 hic
774 3122 971 3177 vivitur
998 3162 1011 3186 ,
1058 3120 1180 3190 quia
1221 3117 1419 3173 tamdiu
1465 3116 1774 3185 proﬁcitur;
1826 3122 1945 3184 post

360 3216 500 3271 hanc
526 3224 703 3271 autem
735 3216 893 3269 vitam
922 3214 1011 3283 qui
1035 3212 1171 3266 bene
1202 3210 1286 3264 hic
1310 3208 1658 3279 proﬁciebat,
1690 3206 1759 3261 ibi
1786 3206 1943 3276 perfi-

361 3308 542 3365 citur?
566 3308 713 3364 Sicut
738 3306 804 3361 de
828 3304 1143 3376 quibusdam
1170 3302 1380 3357 feminis
1418 3300 1615 3355 dictum
1647 3308 1728 3354 est
1751 3340 1767 3366 ,
1807 3316 1941 3354 sem-

362 3420 450 3475 per
473 3402 718 3455 discentes
742 3416 759 3454 :
789 3398 884 3454 sed
910 3397 1016 3452 illas
1039 3396 1178 3451 male
1202 3434 1217 3462 ,
1258 3394 1378 3464 quia
1411 3401 1624 3448 secutus
1659 3391 1903 3460 adjunxit
1922 3432 1941 3459 ,

256 3541 269 3545 _
362 3494 430 3549 Et
454 3494 522 3547 ad
546 3493 765 3548 veritatis
784 3490 1042 3546 scientiam
1062 3502 1320 3557 nunquam
1341 3485 1674 3556 pervenientes
1698 3482 1716 3555 (
1739 3481 1781 3537 ll
1809 3482 1939 3536 Tim.

360 3604 455 3655 ιιι,
486 3589 517 3642 7
541 3589 580 3657 ).
615 3587 715 3655 Qui
743 3600 873 3640 vero
902 3584 955 3638 in
981 3582 1169 3637 melius
1198 3594 1409 3650 semper
1434 3577 1520 3632 hic
1549 3575 1796 3646 proﬁcit,
1837 3590 1943 3646 quo

361 3679 689 3752 proﬁciendo
714 3679 899 3731 nititur
922 3718 935 3741 ,
966 3673 1247 3744 pervenit,
1282 3672 1369 3725 ubi
1390 3671 1500 3741 jam
1528 3685 1632 3723 non
1661 3668 1938 3739 proﬁciat,

360 3771 481 3843 quia
508 3769 775 3841 perfectus
802 3767 915 3821 sine
941 3766 1046 3819 ﬁne
1071 3763 1334 3819 consistit.
1363 3760 1469 3816 Nec
1516 3760 1583 3814 de
1617 3758 1725 3813 illis
1766 3767 1939 3812 tamen

360 3863 431 3918 ita
461 3860 659 3915 dictum
684 3867 766 3914 est
787 3900 800 3923 ,
834 3873 1025 3927 semper
1049 3855 1291 3908 discentes
1314 3892 1330 3918 ,
1359 3860 1419 3906 ut
1445 3858 1499 3905 et
1548 3858 1670 3920 post
1715 3856 1939 3903 mortem
1965 3901 1968 3904 .

359 3956 568 4015 discere
592 3961 935 4025 perseverent
958 3964 1092 4005 vana
1118 3957 1172 4003 et
1197 3946 1520 4002 infructuosa
1544 3961 1560 4010 ;
1590 3958 1709 3997 cum
1753 3940 1942 3997 talibus

360 4049 618 4106 doctrinis
642 4044 996 4102 successerint
1020 4056 1123 4096 non
1151 4039 1321 4094 studia
1347 4080 1363 4105 ,
1390 4037 1485 4091 sed
1510 4034 1767 4106 supplicia
1794 4048 1939 4089 sem-

361 4142 588 4213 piterna.
617 4138 714 4200 Hic
737 4152 863 4208 ergo
890 4135 1183 4206 exquiritur
1212 4131 1307 4186 llei
1334 4130 1420 4185 lex
1438 4167 1458 4197 ,
1498 4127 1747 4197 quamdiu
1791 4127 1841 4180 in
1877 4141 1940 4181 ea

360 4232 636 4305 proﬁcitur
659 4271 672 4297 ,
703 4240 758 4285 et
782 4228 998 4284 sciendo
1022 4233 1078 4281 et
1102 4221 1403 4294 diligendo;
1451 4220 1521 4274 ibi
1557 4226 1735 4272 autem
1774 4217 1942 4286 pleni-

360 4325 489 4382 tudo
516 4324 633 4395 ejus
655 4330 835 4378 manet
859 4319 926 4375 ad
954 4317 1236 4374 fruendum
1263 4355 1278 4381 ,
1308 4328 1412 4369 non
1442 4318 1683 4367 remanet
1706 4308 1771 4364 ad
1792 4323 1939 4379 qua:-

360 4419 609 4477 rcndum.
638 4417 728 4485 Sic
750 4416 908 4470 etiam
934 4411 1059 4467 illud
1087 4410 1287 4465 dictum
1329 4414 1445 4472 est,
1496 4405 1718 4473 Quaerite
1760 4404 1940 4473 [aciem

361 4513 469 4584 ejus
492 4526 687 4582 semper
710 4508 730 4580 (
751 4505 897 4561 Psal.
922 4520 1025 4570 σιν,
1055 4504 1090 4558 4
1110 4502 1149 4573 ).
1181 4499 1281 4557 Ubi
1310 4514 1532 4569 semper,
1558 4497 1659 4550 nisi
1683 4495 1804 4549 hic?
1824 4493 1938 4548 Non

359 4583 505 4668 enim
530 4613 584 4660 et
612 4603 683 4659 ibi
712 4610 1013 4672 quzeremus
1040 4596 1130 4650 Dei
1161 4594 1346 4648 faciem
1372 4631 1387 4657 ,
1415 4590 1505 4645 ubi
1535 4587 1833 4644 videbimus
1856 4583 1938 4639 fa-

357 4701 441 4756 eie
466 4697 534 4752 ad
560 4695 748 4751 faciem
779 4694 839 4767 (Ι
867 4690 984 4747 Cor.
1011 4704 1103 4743 χιιι
1132 4728 1146 4752 ,
1178 4685 1245 4740 l2
1272 4686 1311 4755 ).
1340 4684 1446 4739 Aut
1482 4682 1526 4737 si
1560 4689 1705 4736 recte
1748 4678 1941 4733 dicitur

359 4788 565 4861 exquiri
587 4785 729 4858 quod
754 4783 871 4840 sine
908 4779 1120 4836 fastidio
1158 4776 1392 4847 diligitur
1416 4816 1430 4839 ,
1469 4782 1524 4829 et
1568 4771 1618 4827 id
1658 4771 1829 4841 agitur
1874 4784 1941 4824 ne

360 4884 670 4947 amittatur;
696 4891 908 4948 semper
935 4873 1153 4929 omnino
1176 4872 1292 4924 sine
1319 4868 1425 4922 ﬁne
1444 4879 1744 4937 quaeremus
1770 4863 1938 4932 legem

362 4974 455 5033 Dei
481 5016 496 5040 ,
524 4973 625 5028 hoc
650 4980 734 5026 est
759 4969 1037 5024 veritatem
1069 4962 1162 5017 Dei
1192 4979 1206 5016 :
1234 4961 1284 5014 in
1312 4959 1413 5013 hoc
1443 4957 1637 5026 quippe
1664 4955 1781 5025 ipso
1806 4953 1940 5008 dici-

359 5074 442 5120 tur
479 5065 685 5135 psalmo
709 5103 725 5127 ,
774 5055 839 5114 Et
875 5061 957 5113 lea:
994 5066 1079 5110 tua
1122 5052 1321 5108 veritas.
1361 5048 1624 5117 Quaeritur
1667 5058 1845 5110 nunc,
1885 5052 1942 5098 ut

359 5166 600 5213 teneatur
623 5172 637 5221 ;
672 5164 800 5209 tunc
822 5149 1086 5207 tenebitur
1113 5188 1127 5211 ,
1155 5161 1223 5200 ne
1251 5143 1646 5209 derelinquatur
1674 5155 1687 5191 :
1714 5137 1850 5192 sicut
1874 5135 1942 5190 de

358 5250 562 5321 Spiritu
590 5248 680 5302 Dei
707 5247 909 5300 dictum
937 5252 1019 5297 est
1047 5240 1188 5311 quod
1217 5236 1393 5290 omnia
1436 5239 1701 5287 scrutetur
1725 5270 1738 5295 ,
1778 5230 1940 5284 etiam

356 5342 663 5399 altitudines
693 5339 785 5393 Dei
812 5336 940 5407 (Id.
969 5350 1004 5389 ιι
1030 5374 1046 5401 ,
1078 5332 1142 5388 10
1163 5331 1204 5403 );
1234 5344 1338 5384 non
1373 5325 1553 5396 utique
1592 5332 1651 5378 ut
1674 5321 1812 5392 quod
1847 5336 1941 5375 nc-

357 5437 456 5490 scit
483 5433 757 5499 inveniat,
787 5429 882 5485 sed
908 5428 1027 5499 quia
1057 5425 1191 5480 nihil
1232 5423 1497 5491 relinquat
1540 5416 1757 5472 omnino
1799 5413 1940 5485 quod

356 5529 577 5585 nesciat.
842 5506 847 5513 ’

426 5623 479 5676 4.
523 5618 691 5694 [vers.
718 5613 850 5688 54.]
888 5611 1069 5669 Gratia
1111 5609 1291 5679 itaque
1338 5606 1431 5661 Dei
1479 5603 1634 5658 nobis
1678 5600 1941 5671 praecipue

357 5692 801 5774 commendatur,
873 5702 1085 5775 quando
1151 5700 1252 5755 sibi
1299 5698 1467 5768 legem
1526 5694 1648 5765 poni
1702 5692 1871 5762 poscit
1909 5705 1941 5745 a

358 5803 584 5859 Domino
608 5841 624 5868 ,
674 5799 762 5869 qui
802 5793 984 5866 utique
1029 5794 1138 5861 jam
1168 5791 1338 5861 legem
1376 5784 1666 5841 secundum
1709 5783 1940 5837 litteram

359 5900 599 5953 noverat.
647 5889 752 5947 Sed
806 5887 929 5960 quia
981 5885 1155 5940 littera
1202 5879 1431 5945 occidit,
1493 5876 1710 5947 spiritus
1760 5882 1941 5929 autem

1442 423 1838 484 ENARRATIO
1873 422 1939 480 IN
1975 420 2296 485 PSALMUM
2330 430 2561 489 CXVHI.

3505 445 3645 505 1350

2064 542 2292 599 viviﬁcat
2338 545 2419 617 (ll
2463 546 2580 603 Cor.
2626 548 2721 615 ui,
2760 549 2876 622 6);
2943 558 3059 607 orat
3097 560 3158 609 ut
3200 567 3299 624 per
3344 555 3640 627 Spiritum“

2065 632 2220 690 faciat
2244 638 2383 708 quod
2418 654 2512 708 per
2559 641 2787 697 litteram
2830 644 3066 711 sciebat;
3118 662 3184 701 ne
3227 663 3324 717 per
3363 649 3640 707 scientiam

2063 728 2296 784 mandati
2334 746 2441 787 non
2480 733 2742 789 observati
2785 736 2942 791 etiam
2971 740 3418 809 praevaricationis
3460 744 3510 799 ei
3538 744 3643 799 cri-

2064 835 2187 875 men
2217 823 2453 879 accedat.
2486 825 2795 897 Quanquam
2821 831 2978 884 etiam
3008 840 3065 886 ut
3088 833 3286 888 sciatur
3307 834 3390 890 lex
3420 850 3643 905 quomo-

2064 912 2136 989 do
2159 914 2373 969 scienda
2401 925 2484 971 est
2504 958 2521 983 ,
2552 918 2603 972 id
2633 929 2715 974 est
2738 961 2754 985 ,
2783 930 2839 976 ut
2865 923 3189 994 intelligatur
3216 927 3341 996 quid
3366 926 3466 982 sibi
3491 930 3639 998 velit,

2064 1018 2228 1074 quare
2252 1005 2323 1059 sit
2346 1006 2424 1060 eis
2467 1007 2638 1076 posita
2686 1011 2775 1080 qui
2823 1027 2940 1066 eam
2988 1028 3094 1068 non
3144 1026 3295 1070 erant
3338 1021 3636 1086 servaturi,

2063 1097 2190 1168 quid
2217 1098 2412 1154 habeat
2436 1101 2677 1158 utilitatis
2696 1105 2854 1159 etiam
2878 1104 2981 1160 hoc
3005 1106 3175 1175 ipsum
3204 1108 3344 1178 quod
3370 1109 3450 1164 tea:
3469 1112 3640 1165 subin-

2063 1190 2211 1243 travit
2234 1230 2250 1255 ,
2279 1200 2334 1243 ut
2370 1190 2642 1247 abundaret
2681 1193 2919 1249 delictum
2964 1196 3160 1269 (Rom.
3201 1214 3255 1266 v,
3298 1197 3430 1272 20),
3482 1217 3641 1256 nemo

2061 1282 2467 1351 comprehendit
2490 1326 2505 1350 ,
2538 1285 2637 1338 nisi
2664 1300 2695 1339 a
2726 1286 2955 1343 Domino
2982 1290 3247 1359 acceperit
3274 1290 3596 1347 intellectum
3624 1312 3637 1348 :

2062 1373 2202 1429 unde
2228 1376 2331 1429 iste
2354 1374 2591 1446 adjungit
2618 1384 2673 1430 et
2708 1377 2873 1445 dicit,
2928 1377 3006 1433 Da
3048 1380 3173 1434 mihi
3213 1382 3551 1449 intellectum,
3594 1394 3643 1439 et

2059 1465 2319 1520 scrutabor
2346 1465 2503 1538 legem
2532 1476 2669 1521 tuam
2692 1509 2707 1534 ,
2738 1477 2784 1521 et
2811 1469 3089 1524 custodiam
3115 1472 3258 1525 illam
3284 1473 3337 1527 in
3365 1482 3465 1529 toto
3492 1476 3641 1530 corde

2059 1573 2188 1610 meo.
2217 1554 2349 1611 Cum
2373 1558 2513 1613 enim
2538 1558 2761 1630 quisque
2787 1559 2959 1630 legem
2988 1571 3253 1618 scrutatus
3273 1564 3430 1619 fuerit
3452 1608 3467 1632 ,
3496 1576 3549 1621 ct
3575 1568 3640 1622 ad

2058 1646 2173 1717 ejus
2201 1649 2306 1703 alta
2334 1650 2671 1719 pervenerit,
2708 1652 2759 1704 in
2785 1652 2978 1722 quibus
3003 1659 3110 1709 tota
3139 1656 3333 1724 pendet
3358 1674 3371 1721 ;
3405 1657 3643 1728 profecto

2058 1739 2219 1795 debet
2244 1742 2410 1795 Deum
2442 1742 2660 1813 diligere
2685 1758 2752 1798 ex
2782 1751 2893 1798 toto
2917 1744 3079 1799 corde
3103 1788 3117 1813 ,
3162 1762 3227 1801 ex
3271 1756 3378 1802 tota
3423 1749 3598 1803 anima
3624 1791 3639 1813 ,

2058 1844 2125 1885 ex
2155 1839 2261 1885 tota
2290 1840 2467 1886 mente
2492 1849 2504 1897 ;
2538 1842 2592 1887 et
2616 1833 2914 1902 proximum
2941 1850 3093 1890 suum
3117 1845 3360 1906 tanquam
3383 1839 3641 1907 scipsum.

2056 1920 2114 1975 ln
2163 1921 2246 1977 his
2291 1923 2431 1977 enim
2473 1922 2681 1979 duobus
2722 1927 3003 1994 praeceptis
3050 1934 3156 1981 tota
3208 1926 3315 1981 Lex
3360 1929 3550 1996 pendet
3590 1939 3643 1985 et

2054 2012 2334 2083 Pr0pltetaa
2359 2014 2377 2085 (
2406 2014 2591 2070 Matth.
2623 2031 2734 2069 χχιι
2760 2056 2774 2082 ,
2806 2016 2973 2073 57-40
2997 2018 3036 2088 ).
3064 2018 3177 2073 Hoc
3200 2018 3409 2073 videtur
3440 2021 3640 2088 promi-

2053 2106 2189 2161 sisse
2208 2146 2225 2173 ,
2247 2121 2368 2162 cum
2389 2106 2522 2161 dixit
2545 2148 2560 2172 ,
2588 2106 2653 2160 Et
2674 2109 2952 2161 custodiam
2975 2109 3116 2163 illam
3142 2109 3195 2163 in
3223 2118 3325 2163 toto
3341 2111 3490 2164 corde
3510 2128 3637 2165 meo.

2124 2198 2178 2253 5.
2222 2196 2392 2270 [vers.
2415 2197 2548 2271 55.]
2586 2198 2690 2254 Sed
2719 2199 2841 2269 quia
2872 2210 2927 2254 et
2969 2199 3069 2254 hoc
3109 2201 3284 2254 minus
3320 2202 3461 2256 valet
3506 2203 3637 2256 viri-

2053 2288 2155 2344 bus
2200 2291 2466 2360 propriis,
2516 2290 2615 2345 uisi
2656 2290 2935 2365 adjuvetur
2981 2292 3048 2346 ab
3082 2292 3176 2346 illo
3223 2293 3314 2362 qui
3347 2292 3535 2361 jubet,
3582 2303 3641 2350 ut

2053 2380 2211 2436 faciat
2235 2381 2374 2451 quod
2398 2381 2586 2451 jubet,
2617 2380 2794 2437 Deduc
2820 2400 2898 2436 me
2919 2424 2935 2451 ,
2964 2384 3175 2453 inquit,
3204 2385 3259 2437 in
3286 2385 3462 2438 semita
3490 2402 3637 2439 matt-

2052 2470 2286 2525 datorum
2316 2480 2517 2526 tuorum
2539 2513 2555 2538 ,
2603 2473 2721 2544 quia
2758 2474 2922 2543 ipsam
2956 2475 3112 2529 volui.
3160 2475 3353 2530 Parum
3389 2485 3472 2531 est
3506 2476 3637 2531 mihi

2050 2562 2295 2619 voluntas
2324 2578 2441 2619 mea
2465 2604 2480 2631 ,
2517 2564 2618 2619 nisi
2648 2564 2700 2619 in
2726 2580 2791 2620 eo
2816 2564 2957 2635 quod
2981 2566 3159 2632 volui,
3200 2581 3287 2622 me
3326 2567 3439 2637 ipse
3468 2566 3637 2621 dedu-

2050 2670 2159 2713 cas.
2190 2656 2258 2711 Et
2284 2665 2428 2712 certe
2452 2657 2565 2727 ipsa
2588 2666 2671 2713 est
2697 2658 2926 2724 semita;
2973 2658 3075 2714 hoc
3114 2667 3198 2714 est
3234 2660 3319 2714 via
3356 2659 3635 2715 mandato-

2049 2763 2168 2805 rum
2196 2748 2291 2802 Dei
2318 2788 2334 2815 ,
2360 2763 2518 2819 quam
2541 2764 2598 2803 sc
2622 2791 2638 2815 ,
2669 2749 2886 2803 dilatato
2926 2750 2994 2805 ab
3035 2751 3127 2805 illo
3174 2751 3335 2807 corde
3375 2767 3474 2807 suo
3497 2794 3513 2819 ,
3543 2767 3635 2808 cu—

2047 2842 2282 2898 currisse
2299 2842 2409 2912 jam
2435 2842 2657 2897 dixerat.
2687 2842 2854 2911 Quam
2878 2852 3156 2914 propterea
3194 2846 3351 2901 etiam
3389 2848 3633 2903 semitam

2051 2944 2207 2990 vocat
2231 2975 2247 2999 ,
2278 2935 2400 3004 quia
2425 2943 2647 3005 angusta
2674 2945 2756 2990 est
2783 2936 2864 2990 via
2890 2951 3009 3006 qua:
3035 2932 3179 2992 ducit
3203 2938 3269 2992 ad
3295 2939 3454 2993 vitam
3497 2938 3517 3012 (
3545 2939 3632 2994 Id.

2047 3041 2159 3092 vn,
2192 3027 2258 3081 14
2281 3026 2323 3097 );
2352 3033 2406 3083 et
2431 3041 2552 3082 cum
2580 3027 2647 3081 sit
2674 3037 2893 3098 angusta
2920 3069 2933 3092 ,
2963 3027 3065 3082 nisi
3093 3029 3311 3085 dilatato
3338 3031 3499 3087 corde
3527 3048 3633 3089 non

2049 3124 2303 3181 curritur.

2118 3216 2172 3272 6.
2213 3216 2379 3291 [νει-ε.
2406 3216 2540 3290 56.]
2580 3215 2687 3273 Sed
2711 3217 2961 3288 quoniam
2990 3216 3165 3273 adhuc
3189 3218 3399 3288 proﬁcit
3423 3260 3438 3286 ,
3462 3218 3634 3275 adhuc

2047 3311 2250 3376 currit;
2278 3320 2332 3364 et
2362 3310 2481 3365 ideo
2509 3309 2747 3363 divinum
2789 3310 3042 3363 auxilium
3083 3324 3188 3380 quo
3225 3310 3516 3366 deducatur
3554 3312 3633 3365 in-

2046 3401 2244 3471 quirit,
2290 3401 2411 3471 quia
2453 3415 2625 3471 neque
2663 3399 2885 3455 volentis
2908 3441 2924 3466 ,
2976 3415 3151 3471 neque
3190 3401 3449 3455 currentis
3473 3442 3495 3467 ,
3534 3400 3627 3455 sed

2046 3493 2350 3549 miserentis
2372 3501 2453 3548 est
2483 3492 2575 3548 Dei
2602 3492 2619 3561 (
2644 3490 2795 3545 Rom.
2822 3508 2875 3545 ιχ
2900 3532 2914 3555 ,
2961 3491 3027 3546 16
3052 3490 3109 3563 ):
3156 3490 3384 3562 denique
3421 3492 3542 3561 quia
3579 3502 3633 3547 et

2046 3585 2219 3656 ipsum
2242 3584 2377 3639 velle
2398 3585 2537 3639 Deus
2558 3592 2807 3653 operatur
2835 3583 2884 3636 in
2910 3582 3063 3637 nobis
3078 3583 3099 3613 '
3123 3580 3382 3653 (Philipp.
3409 3597 3445 3636 ιι
3472 3624 3484 3645 ,
3514 3582 3628 3653 l5),
3716 3628 3719 3629 ν

2045 3675 2375 3748 ρνωριιιιειιιίι·
2404 3678 2542 3731 enim
2573 3675 2820 3731 voluntas
2846 3691 2872 3727 ει
2905 3675 3126 3731 Domino
3150 3692 3165 3736 ;
3205 3675 3443 3744 sequitur
3470 3683 3523 3729 et
3546 3674 3631 3729 di-

2044 3771 2158 3837 cit,
2191 3770 2394 3825 lnclina
2428 3786 2516 3824 cor
2555 3786 2720 3823 meum
2757 3770 2808 3821 in
2859 3768 3140 3821 testimonia
3179 3779 3301 3831 tua,
3350 3776 3396 3821 et
3436 3783 3537 3821 non
3579 3768 3633 3822 in

2045 3864 2329 3917 avaritiam.
2360 3861 2501 3931 Quid,
2518 3870 2600 3915 est
2625 3861 2932 3916 inclinatum
2960 3875 3058 3915 cor
3077 3860 3141 3914 ad
3167 3860 3365 3930 aliquid
3394 3860 3592 3916 habere
3614 3903 3627 3925 ,

2044 3955 2147 4009 nisi
2174 3952 2277 4009 hoc
2307 3952 2485 4010 velle?
2512 3952 2581 4007 Et
2608 3940 2773 4007 veluit
2796 3968 2923 4021 ergo
2946 3992 2961 4019 ,
2996 3961 3050 4007 ct
3083 3961 3201 4006 orat
3248 3961 3306 4007 ut
3353 3953 3494 4006 velit.
3524 3953 3627 4007 Vo-

2044 4046 2143 4101 luit
2165 4087 2180 4109 ,
2208 4060 2328 4101 cum
2353 4045 2483 4100 dicit
2505 4083 2519 4108 ,
2551 4042 2728 4097 Deduc
2759 4059 2837 4097 me
2862 4044 2915 4096 in
2938 4044 3115 4096 semita
3142 4042 3491 4095 mandatorum
3515 4054 3626 4096 tuo~

2042 4154 2193 4202 rum,
2223 4138 2340 4209 quia
2377 4136 2541 4205 ipsam
2588 4134 2765 4188 volui:
2813 4142 2929 4189 orat
2973 4140 3148 4188 autem
3196 4142 3254 4188 ut
3295 4133 3458 4199 velit,
3504 4148 3623 4186 cum

2043 4227 2209 4295 dicit,
2233 4227 2436 4281 Inclina
2459 4243 2546 4280 cor
2574 4242 2736 4279 meum
2764 4226 2816 4279 in
2845 4226 3125 4278 teslitttonia
3172 4235 3258 4277 tua
3279 4266 3292 4289 ,
3339 4234 3383 4277 et
3430 4241 3530 4278 non
3578 4226 3628 4278 in

2043 4320 2327 4374 avaritiam.
2358 4318 2468 4373 Hoc
2496 4319 2676 4388 itaque
2699 4325 2817 4380 orat
2840 4358 2855 4383 ,
2886 4325 2947 4371 ut
2978 4317 3029 4370 in
3062 4317 3172 4386 ipsa
3201 4316 3469 4369 voluntate
3503 4330 3630 4385 pro-

2046 4413 2212 4468 ﬁciat.
2241 4412 2371 4479 Qute
2396 4419 2724 4466 suntautem
2769 4410 2861 4464 Dei
2903 4408 3206 4464 testimonia
3233 4450 3247 4474 ,
3293 4408 3394 4461 nisi
3438 4407 3631 4476 quibus

2045 4506 2146 4562 sibi
2178 4507 2288 4575 ipse
2314 4504 2632 4560 attestatur?
2669 4502 3014 4558 Testimoniis
3038 4502 3182 4556 enim
3210 4500 3404 4570 aliquid
3434 4499 3629 4569 proba-

2045 4610 2171 4668 tur;
2202 4614 2265 4656 ac
2305 4614 2398 4670 per
2436 4597 2538 4651 hoc
2576 4595 2980 4667 iustiﬁcationes
3012 4593 3109 4648 Dei
3153 4602 3206 4647 et
3246 4593 3493 4647 mandata
3539 4592 3632 4646 Dci

2045 4691 2365 4750 testimoniis
2398 4690 2490 4744 Dei
2523 4688 2815 4759 probantur
2839 4702 2854 4753 ;
2879 4695 2932 4741 ct
2958 4684 3213 4755 quidquid
3238 4685 3390 4740 nobis
3417 4698 3633 4754 persua-

2045 4787 2173 4843 dere
2198 4785 2314 4840 vnlt
2341 4784 2479 4838 Deus
2502 4823 2518 4849 ,
2546 4782 2657 4837 suis
2704 4781 3020 4836 testimoniis
3050 4778 3333 4848 persuadet
3364 4796 3375 4830 :
3422 4778 3472 4830 in
3514 4792 3632 4845 qua:

2045 4877 2148 4933 iste
2175 4874 2571 4945 pelitinclinari
2611 4887 2704 4927 cor
2750 4886 2903 4925 suum
2931 4911 2944 4935 ,
2991 4878 3045 4924 et
3090 4884 3194 4923 non
3241 4869 3293 4921 in
3333 4868 3629 4921 avaritiam.

2045 4965 2388 5023 Testimoniis
2448 4964 2643 5033 quippe
2700 4962 2809 5016 suis
2862 4962 2967 5031 agit
3012 4960 3285 5014 nobiscum
3353 4958 3528 5021 Deus,
3576 4967 3631 5010 ut

2045 5074 2169 5116 eum
2190 5058 2353 5130 gratis
2379 5057 2621 5111 colamus
2644 5071 2659 5119 ;
2688 5054 2826 5124 quod
2854 5052 3074 5122 impedit
3103 5050 3321 5104 avaritia
3348 5048 3493 5102 radix
3518 5063 3632 5101 om—

2047 5151 2196 5205 nium
2246 5149 2531 5203 malorum.
2581 5146 2695 5199 Tali
2734 5145 2899 5199 verbo
2940 5157 3113 5212 grmco
3158 5140 3243 5193 hic
3287 5138 3555 5208 appellat,
3603 5154 3633 5193 a

2046 5260 2153 5315 quo
2185 5242 2351 5314 possit
2382 5239 2601 5309 intelligi
2628 5237 2893 5308 generalis
2919 5234 3141 5288 avaritia
3165 5274 3180 5297 ,
3207 5248 3308 5303 qua
3330 5232 3446 5301 plus
3469 5247 3633 5300 appe-

2049 5336 2111 5391 tit
2136 5334 2361 5406 qttisque
2387 5346 2544 5401 qttam
2575 5338 2657 5384 sat
2682 5337 2764 5382 cst
2790 5346 2803 5382 :
2836 5334 2972 5381 πλέον
2998 5325 3139 5380 enim
3171 5325 3332 5378 latine
3361 5324 3476 5392 plus
3508 5333 3587 5378 est
3616 5341 3629 5381 :

2046 5438 2141 5496 ἕεις
2169 5428 2378 5483 habitus
2404 5433 2488 5480 est
2508 5465 2523 5491 ,
2555 5422 2622 5477 ab
2646 5436 2710 5477 eo
2734 5419 2877 5489 quod
2907 5426 2990 5474 est
3010 5418 3229 5472 habere.
3265 5415 3405 5485 Ergo
3449 5431 3476 5469 a
3522 5417 3635 5484 plus

2049 5520 2295 5577 habendo
2320 5518 2584 5589 appellata
2611 5523 2692 5569 est
2716 5523 2957 5578 πλεονεξία
2980 5553 2994 5577 ,
3018 5526 3175 5581 quam
3200 5509 3348 5564 latini
3373 5509 3636 5578 interpre-

2046 5621 2129 5669 tes
2158 5614 2212 5668 in
2242 5612 2343 5666 hoc
2368 5612 2486 5664 loco
2517 5605 2757 5661 nonnulli
2788 5601 3122 5673 interpretati
3165 5609 3289 5655 sunt
3323 5600 3635 5653 emolumen-

2112 5752 2129 5783 ⁸
2156 5747 2289 5807 Edd.,
2313 5757 2401 5810 per
2424 5742 2652 5805 Spiritum
2665 5742 2910 5810 sanctum.
2937 5736 3105 5799 Abest,
3122 5738 3538 5810 ψιμυθίῳ.

2110 5814 2131 5844 ⁸
2155 5793 2363 5861 sic—Ini.—
2380 5793 2559 5857 etitss.
2588 5810 2641 5852 At
2664 5808 2738 5863 Er.
2767 5807 2820 5851 et
2840 5808 2975 5862 hom,
2998 5793 3224 5863 operatur
3244 5794 3299 5848 in
3319 5793 3537 5847 omnibus
3555 5794 3637 5847 ὕοι

2046 5873 2138 5929 nis.
