4070 6506
400 523 544 577 tum,
573 510 786 584 quidam
813 524 942 568 vero
966 510 1277 575 utilitatem;
1313 506 1409 565 sed
1444 506 1638 563 melius
1672 504 1761 576 qui
1803 503 1971 558 avari-

400 607 541 658 tiam.
572 602 710 660 Dicit
736 614 912 659 autem
935 600 1218 673 Apostolus
1243 618 1258 654 :
1287 598 1459 655 Radix
1478 599 1609 654 enim
1627 596 1850 651 animum
1875 608 1978 647 ma-

400 698 564 752 (orm
600 698 815 752 avaritia
854 702 927 752 ut
974 694 1191 768 (lTim.
1220 706 1273 749 γι
1296 734 1311 761 ,
1342 692 1468 763 10).
1514 691 1618 748 Sed
1662 691 1713 746 in
1757 702 1973 760 gruzco,

402 792 541 846 unde
570 791 623 846 in
649 799 883 846 nostram
904 789 1135 861 linguam
1164 786 1323 841 verba
1362 785 1475 856 ipsa
1516 783 1769 842 translata
1813 789 1937 835 sunt
1958 819 1977 846 ,

401 899 504 939 non
535 884 724 955 legitur
750 883 888 957 apud
916 882 1227 953 Apostoium
1256 888 1531 946 πλεονεξία,
1578 876 1716 947 quod
1757 876 1809 930 in
1857 874 1979 929 loco

402 976 504 1030 isto
532 975 719 1046 psalmi
752 976 944 1045 hujus;
972 973 1065 1029 sed
1085 982 1367 1045 φιλαργυρῦα
1388 1010 1404 1038 ,
1432 978 1538 1040 quo
1570 968 1734 1024 verbo
1770 964 1977 1036 signiﬁ-

402 1072 553 1122 catur
576 1076 726 1123 amor
751 1063 1010 1138 pecunia).
1054 1061 1248 1119 Verum
1280 1062 1566 1133 Apostolus
1607 1057 1979 1128 intelligendus

402 1170 483 1214 est
521 1158 625 1213 iste
668 1158 885 1213 nomine
923 1168 1089 1227 genus
1127 1154 1453 1226 significasse
1488 1163 1583 1222 per
1618 1149 1850 1220 speciem
1876 1189 1891 1214 ,
1924 1147 1981 1202 id

403 1260 485 1305 est
508 1291 522 1315 ,
555 1262 650 1320 per
674 1264 913 1305 amorem
934 1248 1169 1319 pecunia.
1193 1245 1543 1301 universalem
1569 1240 1982 1313 generalemqne

402 1344 713 1407 avaritiam,
761 1354 881 1413 quae
922 1350 1051 1397 vere
1097 1338 1246 1395 radix
1292 1345 1373 1394 est
1416 1338 1672 1391 maiorum
1710 1333 1973 1389 omnium.

402 1437 532 1492 Nam
575 1437 673 1506 ipsi
717 1436 875 1508 primi
918 1434 1160 1490 homines
1207 1449 1302 1503 per
1338 1440 1641 1501 serpentem
1679 1426 1887 1496 decepti
1925 1434 1981 1482 et

403 1529 596 1599 dejceli
623 1540 725 1583 non
753 1528 1014 1593 fuissent,
1042 1527 1145 1582 nisi
1180 1525 1300 1598 plus
1340 1538 1498 1595 quam
1541 1526 1857 1590 acceperant
1883 1519 1979 1572 ha-

402 1621 530 1676 bere
553 1663 567 1687 ,
598 1631 652 1677 et
679 1622 794 1691 plus
821 1635 977 1691 quam
1007 1619 1131 1674 faeti
1153 1618 1361 1673 fuerant
1384 1630 1503 1671 esse
1527 1615 1839 1668 voluissent.
1870 1611 1982 1665 Hoc

403 1714 601 1785 quippe
627 1713 712 1770 ille
739 1715 1057 1784 promiserat
1080 1712 1264 1768 dicens
1292 1728 1304 1763 :
1334 1709 1493 1763 Eritis
1537 1708 1663 1762 sicut
1703 1707 1775 1761 dii
1800 1705 1821 1778 (
1850 1703 1981 1760 Gen.

404 1824 460 1862 ιιι
484 1848 498 1870 ,
534 1809 564 1862 Β
587 1806 630 1877 ).
664 1808 801 1876 Ergo
833 1808 930 1862 iSta
956 1815 1192 1872 #llﬂeflot
1218 1802 1458 1858 subversi
1489 1810 1631 1855 sunt.
1670 1799 1796 1853 Pius
1836 1797 1981 1851 enim

407 1901 645 1956 volentes
674 1900 869 1955 habere
899 1908 1055 1970 quum
1086 1905 1437 1967 acceperant,
1485 1902 1540 1949 et
1574 1891 1715 1964 quod
1764 1906 1985 1959 aceepc~

407 2001 523 2048 rant
553 1993 862 2047 amiserunt.
886 1989 1049 2059 Cujus
1077 1988 1352 2057 vestigium
1382 1984 1619 2040 veritatis
1647 1994 1765 2050 quae
1792 1982 1984 2050 ubique

406 2084 646 2154 diSpersa
674 2091 755 2137 est
780 2086 820 2150 ³,
872 2089 924 2137 et
954 2083 1005 2135 itt
1048 2074 1246 2135 forensi
1287 2079 1409 2147 jure
1442 2075 1837 2145 deprehensum
1859 2082 1942 2127 est
1965 2109 1982 2138 ,

408 2190 513 2245 quo
541 2175 839 2227 institbtum
869 2180 950 2226 est
990 2178 1046 2225 ut
1084 2170 1203 2239 plus
1248 2167 1475 2238 petendo
1513 2174 1668 2220 causa
1712 2164 1902 2218 cadat:
1933 2162 1984 2216 id

410 2274 491 2321 cst
514 2309 527 2333 ,
558 2275 612 2320 ut
637 2267 725 2335 qui
752 2266 868 2335 plus
901 2266 1107 2335 petierit
1133 2276 1291 2333 quam
1314 2262 1362 2316 ei
1390 2262 1611 2315 debetur
1634 2301 1649 2325 ,
1684 2267 1741 2313 et
1771 2257 1911 2327 quod
1936 2257 1986 2310 ei

409 2359 706 2413 debebatur
729 2359 953 2413 amittat.
980 2357 1163 2411 Omnis
1188 2365 1365 2409 autem
1392 2368 1419 2405 a
1464 2351 1615 2405 nobis
1656 2348 1991 2404 circumcidi-

408 2460 495 2505 tur
520 2450 737 2505 avarltia
764 2493 778 2516 ,
809 2450 852 2504 si
878 2449 1041 2519 gratis
1065 2449 1270 2502 colatur
1297 2448 1453 2501 Deus.
1480 2445 1559 2499 Ad
1580 2443 1720 2513 quod
1747 2451 1987 2497 sanctum

409 2541 509 2598 Joh
533 2542 585 2596 in
612 2556 781 2610 agone
808 2540 1113 2596 tentatibnis
1140 2539 1254 2608 ipse
1277 2544 1529 2607 provocat
1555 2533 1801 2588 inimicus
1822 2570 1835 2595 ,
1862 2545 1986 2586 cum

410 2636 477 2691 de
508 2634 597 2690 ilio
623 2636 792 2691 dicit:
840 2626 1108 2705 Numquid
1149 2633 1307 2705 gratis
1347 2631 1464 2685 coiit
1500 2629 1599 2683 Job
1635 2628 1796 2683 Deam
1826 2625 1987 2699 (Job.

410 2744 427 2785 ι
454 2771 467 2793 ,
499 2727 619 2801 9)?
648 2728 871 2784 Putabat
898 2727 1039 2781 enim
1072 2726 1323 2780 Diabolus
1347 2722 1489 2794 quod
1530 2723 1582 2776 in
1614 2722 1726 2776 Deo
1764 2719 1991 2775 colendo

412 2821 493 2874 vir
515 2820 690 2890 justus
735 2831 829 2875 cor
875 2819 1181 2873 inclinatum
1220 2815 1443 2871 haberet
1483 2815 1535 2868 iu
1576 2810 1891 2875 avaritiam,
1938 2819 1993 2865 et

413 2920 574 2967 cauta
614 2913 959 2968 emolumenti
989 2911 1075 2966 vel
1111 2911 1352 2966 utilitatis
1395 2920 1571 2962 rerum
1619 2904 1989 2975 temporalium

414 3005 608 3077 quibus
633 3016 756 3060 eum
782 3005 1042 3059 ditaverat
1072 3004 1329 3059 Dominus
1352 3045 1366 3069 ,
1389 3002 1533 3056 velut
1554 2998 1916 3055 mercenarius
1942 2997 1992 3050 ei

411 3113 510 3168 pro
560 3098 646 3152 tali
698 3098 945 3153 mercede
983 3097 1241 3151 serviret:
1282 3095 1375 3150 sed
1423 3109 1579 3165 quam
1618 3092 1780 3162 gratis
1826 3092 1991 3145 Deum

413 3190 615 3244 coleret
638 3230 652 3255 ,
684 3192 915 3243 tentatus
938 3188 1205 3257 apparuit.
1223 3187 1277 3241 Si
1304 3201 1432 3255 ergo
1456 3198 1552 3238 cor
1577 3190 1678 3237 non
1704 3182 1993 3236 habeamus

414 3280 723 3334 inclinatum
776 3281 830 3334 in
878 3278 1153 3333 avaritiam
1182 3320 1197 3344 ,
1254 3280 1416 3333 Deum
1470 3288 1574 3330 non
1622 3275 1845 3329 colimus
1890 3273 1995 3329 nisi

412 3383 635 3445 propter
662 3372 822 3428 Deum
852 3414 866 3439 ,
901 3382 956 3425 ut
980 3374 1063 3428 sui
1090 3375 1263 3427 cultus
1288 3372 1401 3441 ipse
1442 3372 1510 3425 sit
1550 3383 1779 3425 merces.
1816 3368 1989 3438 Ipsum

415 3464 697 3533 diligamus
718 3464 769 3516 in
798 3464 977 3532 seipse
1000 3505 1015 3529 ,
1040 3464 1211 3531 ipsum
1232 3463 1511 3532 diligamus
1532 3464 1581 3515 iu
1606 3461 1760 3514 nobis
1783 3501 1796 3524 ,
1821 3460 1993 3529 ipsum

417 3554 471 3608 in
499 3554 755 3622 proximis
776 3555 973 3627 nostris
999 3564 1132 3622 quos
1154 3553 1422 3621 diligimus
1444 3554 1579 3606 sicut
1608 3552 1963 3621 nosmetipsos
1978 3588 1994 3617 ,

415 3646 530 3700 sive
559 3643 790 3699 habeant
815 3656 935 3699 eum
964 3687 976 3707 ,
1019 3647 1131 3700 sive
1163 3655 1223 3699 ut
1244 3647 1263 3677 ⁸
1296 3646 1524 3699 habeant
1552 3659 1694 3697 eum.
1724 3644 1876 3712 Quod
1900 3658 2001 3698 no-

419 3738 504 3792 bis
533 3737 781 3807 quoniam
808 3739 923 3807 ipse
945 3737 1178 3792 donante
1202 3737 1472 3791 confertur
1496 3777 1509 3801 ,
1546 3736 1661 3789 ideo
1685 3736 1757 3790 illi
1780 3735 1996 3789 dicitur.

418 3831 626 3885 lnch'na
653 3846 740 3885 cor
764 3842 929 3884 nteant
955 3830 1008 3883 in
1032 3830 1318 3883 testimonia
1352 3839 1441 3882 tua
1464 3870 1478 3895 ,
1510 3837 1555 3881 et
1601 3842 1702 3881 non
1741 3828 1793 3880 in
1828 3827 1999 3879 avari.

418 3925 562 3978 tiam.
606 3922 711 3978 Sed
747 3934 865 3994 (pun
908 3931 1244 3993 sequuntur,
1290 3920 1395 3975 alio
1436 3930 1684 3975 sermone
1726 3917 2011 3974 tractanda

417 4024 561 4070 Stml.

1060 4136 1231 4181 SERHO
1268 4141 1360 4179 XII.

492 4243 545 4297 1.
576 4239 724 4314 [υεγε.
754 4238 867 4313 37.]
906 4239 1154 4311 Sequitur
1182 4240 1232 4293 in
1264 4239 1464 4308 psalmo
1488 4253 1645 4309 quem
1675 4237 2005 4305 suscepimus

423 4332 815 4397 disserendum,
837 4333 1016 4386 Averle
1040 4332 1209 4385 oculos
1232 4348 1381 4396 meos,
1405 4348 1465 4383 ne
1484 4330 1682 4384 videant
1704 4331 2004 4395 vanitatem;

421 4429 476 4482 in
506 4428 586 4481 via
630 4436 714 4480 tua
740 4425 933 4495 vivi/ica
960 4442 1055 4479 me.
1089 4426 1133 4479 A
1178 4426 1445 4479 contrario
1475 4422 1722 4478 differunt
1766 4422 1903 4477 inter
1948 4438 2004 4476 se

421 4518 631 4573 vanitas
656 4527 709 4572 et
736 4520 948 4572 veritas.
981 4517 1145 4585 Hujus
1176 4525 1349 4573 autem
1378 4515 1557 4569 mundi
1600 4515 1881 4584 cupiditas,
1913 4529 2002 4567 va-

424 4611 565 4665 nitas
592 4626 604 4662 :
633 4609 726 4664 sed
765 4608 1027 4672 Christus,
1061 4610 1149 4677 qui
1176 4625 1236 4661 ex
1269 4608 1367 4663 hoc
1397 4608 1592 4661 mundo
1620 4606 1828 4674 liberat,
1864 4606 2005 4660 veri-

424 4712 527 4759 tas.
556 4702 673 4771 Ipse
701 4711 782 4757 est
810 4710 866 4756 et
887 4703 970 4756 via
998 4702 1049 4755 in
1080 4717 1183 4771 qua
1215 4717 1270 4753 se
1304 4701 1412 4754 vult
1450 4700 1549 4753 istc
1580 4698 1851 4765 vivificari,
1884 4700 2004 4770 quia

425 4798 542 4869 ipse
564 4805 646 4852 est
670 4807 725 4852 et
756 4799 859 4852 vita
882 4812 898 4863 ;
932 4797 1043 4866 ipse
1070 4797 1265 4867 quippe
1289 4794 1365 4849 ait
1392 4813 1404 4847 :
1438 4788 1548 4865 Ego
1576 4811 1685 4848 sum
1708 4795 1804 4857 via,
1828 4794 2006 4847 veritus

424 4901 472 4943 et
497 4890 598 4944 vita
625 4888 798 4961 (Joan.
822 4906 928 4955 xw,
955 4889 1029 4959 6).
1059 4889 1163 4945 Sed
1185 4889 1308 4958 quid
1329 4898 1431 4954 est,
1463 4889 1638 4942 Averte
1657 4886 1829 4941 oculos
1850 4905 2003 4956 meos,

425 4997 490 5036 ne
511 4981 709 5035 videant
729 4982 995 5035 vanitatem
1015 4982 1039 5035 ?
1062 4980 1323 5051 Numquid
1350 4979 1600 5049 quamdiu
1621 4995 1804 5033 smnus
1830 4978 1880 5033 in
1907 4979 2006 5033 huc

423 5074 646 5140 mundo,
675 5089 956 5144 pessumus
984 5091 1087 5129 non
1115 5075 1293 5129 videre
1322 5074 1648 5130 vanitatem?
1679 5073 1852 5127 Omnis
1878 5075 2007 5127 enim

425 5180 657 5222 creatura
684 5169 889 5223 vanitati
925 5167 1149 5239 subjecta
1188 5177 1278 5234 cst,
1324 5184 1441 5240 qua:
1473 5169 1779 5238 intelligitur
1806 5184 1922 5222 esse
1956 5168 2004 5220 in

428 5260 678 5323 homine;
709 5272 782 5327 et,
818 5260 1003 5316 Omnia
1042 5262 1237 5316 vanitas
1266 5276 1285 5315 :
1313 5277 1428 5333 qua:
1456 5258 1763 5313 abundantia
1792 5258 2007 5311 hominis

354 5348 361 5351 ”
424 5352 479 5404 in
508 5353 644 5405 omni
675 5352 844 5407 labore
869 5370 983 5421 suo,
1013 5370 1112 5424 quo
1137 5355 1244 5422 ipse
1281 5352 1474 5407 laborat
1503 5352 1591 5403 sub
1615 5350 1718 5404 sole
1744 5348 1936 5417 (Eccle.
1971 5366 2004 5414 ι,

426 5440 636 5514 2et3)?
664 5445 745 5499 An
768 5445 867 5499 iste
894 5444 1135 5501 fortassis
1162 5445 1263 5499 hoc
1290 5454 1423 5507 erat.
1457 5451 1642 5496 utnon
1669 5441 1736 5495 sit
1759 5441 1873 5511 ejus
1904 5441 2005 5493 vita

426 5536 526 5592 sub
544 5536 679 5602 sole,
709 5536 799 5593 ubi
824 5540 1002 5595 orntiia
1031 5540 1269 5603 vanitas;
1298 5538 1393 5595 sed
1417 5540 1467 5594 in
1498 5536 1589 5593 illo
1619 5536 1707 5601 sit,
1742 5535 1793 5589 in
1823 5550 1925 5603 quo
1950 5550 2007 5589 se

491 5691 690 5742 ‘sicali

425 5691 1186 5816 asseasse
1215 5696 1395 5771 ευθέως
1429 5708 1540 5759 οη
1569 5693 1744 5757 κινέεται
1776 5690 2009 5755 σίδαν-π

541 5791 552 5803 -
706 5792 709 5795 ν
760 5809 768 5816 .
928 5796 929 5799 η
1168 5762 1391 5810 ambus
1406 5767 1511 5809 Mss.
1942 5814 1952 5816 _

928 5760 1071 5809 alia
1085 5762 1147 5809 ab
1168 5760 1391 5810 ouilibus
1406 5767 1511 5809 Mss.

492 5819 510 5847 ¹
534 5818 617 5883 sic.
636 5814 732 5866 Am.
760 5814 812 5869 Et
836 5828 939 5875 Mss.
969 5828 1022 5883 Ai.
1044 5828 1134 5881 Fax,
1159 5821 1256 5874 sive
1274 5836 1366 5873 non
1390 5822 1510 5873 velut
1526 5814 2007 5881 habeam.t.ov.,sit'e

423 5889 518 5930 non
534 5878 755 5932 habeam.

1672 390 1729 449 3.
1769 385 2139 447 Αῠυιλθτικι
2174 390 2477 451 EPiSGOPl

3525 398 3669 459 1559

2078 507 2329 564 viviticari
2366 511 2536 579 petiti
2554 510 2657 569 ille
2676 512 2876 583 quippe
2915 514 3139 573 ace-dit
3164 529 3277 571 non
3298 529 3469 587 super
3493 518 3665 575 solem

2080 611 2306 670 tantum,
2342 604 2434 658 sed
2473 621 2624 675 super
2645 614 2820 660 omna
2845 603 3015 673 colos,
3058 616 3115 662 ut
3152 607 3453 678 «impleret
3492 612 3670 665 omnia

2080 695 2295 766 (Epiro.
2325 713 2397 761 iv,-
2429 694 2539 769 {0).
2571 696 2710 752 Etin
2740 696 2834 753 illo
2861 698 3027 767 magis
3045 712 3207 768 quam
3232 698 3332 755 sub
3352 700 3670 756 solsvivunt

2079 789 2167 858 qui
2190 801 2298 843 non
2323 790 2552 845 inaniter
2572 789 2796 845 audiunt
2821 789 2960 859 quod
2987 788 3123 845 dixit
3144 791 3464 859 Apostolus:
3488 810 3508 843 ι
3536 790 3675 859 Qua;

2079 888 2290 935 sursum
2318 890 2443 935 sunt
2469 882 2708 951 quierite,
2736 882 2824 936 ubi
2848 882 3092 938 Christus
3118 892 3203 939 est
3226 884 3281 939 in
3322 883 3543 939 dextera
3571 883 3674 940 Dei

2078 972 2306 1034 sedens;
2333 980 2451 1042 quis
2483 987 2693 1027 sin-sum
2722 982 2848 1029 sunt
2875 974 3063 1043 sapite,
3094 989 3198 1030 non
3224 991 3343 1044 qua:
3366 990 3527 1046 super
3557 984 3671 1029 ter-

2079 1080 2213 1120 ram.
2240 1064 2429 1119 Mortui
2474 1066 2617 1121 enim
2643 1067 2797 1132 estis,
2827 1077 2882 1123 et
2909 1067 3014 1122 vita
3042 1076 3220 1124 vestra
3248 1067 3555 1123 abscondita
3585 1077 3674 1123 est

2079 1172 2199 1213 cum
2226 1157 2444 1213 Christo
2484 1158 2537 1213 in
2566 1160 2676 1213 Deo
2704 1172 2726 1211 ο
2774 1159 3005 1228 (Colon.
3027 1176 3117 1227 1n,
3150 1158 3291 1231 1-5).
3324 1162 3403 1215 Ac
3428 1176 3527 1232 per
3564 1161 3679 1217 hoc

2079 1252 2125 1306 si
2155 1252 2262 1307 vita
2288 1259 2471 1307 nostra
2502 1251 2573 1306 ibi
2609 1259 2698 1307 est
2734 1253 2823 1307 ubi
2853 1254 3073 1321 veritas,
3110 1266 3218 1309 non
3244 1262 3327 1310 est
3351 1254 3458 1309 vita
3486 1263 3682 1309 nostra

2080 1344 2179 1399 sub
2219 1345 2334 1399 sole
2380 1344 2467 1399 ubi
2498 1344 2722 1399 vanitas.
2768 1343 2877 1400 Sed
2907 1345 3011 1400 hoc
3034 1352 3143 1399 tam
3172 1359 3425 1415 mnum
3470 1344 3683 1399 bonum

2080 1435 2248 1504 magis
2278 1434 2536 1493 habemus
2564 1434 2618 1489 in
2639 1450 2756 1507 spe,
2781 1450 2887 1490 non
2914 1446 3152 1491 tenemus
3172 1436 3225 1490 in
3254 1451 3313 1490 re
3344 1452 3361 1491 ε
3392 1444 3450 1491 et
3474 1450 3681 1509 seem-

2081 1524 2208 1580 dum
2229 1540 2377 1594 spem
2400 1535 2636 1580 nostram
2662 1527 2850 1581 beatus
2875 1527 3165 1598 Apostolus
3191 1528 3293 1583 ista
3318 1526 3529 1591 loeutus
3548 1536 3635 1583 est
3654 1542 3679 1592 ς

2083 1623 2205 1692 quia
2230 1630 2284 1675 et
2312 1621 2441 1675 illud
2478 1637 2602 1676 cum
2643 1621 2886 1689 dixisset,
2926 1621 3153 1677 Vanitati
3174 1632 3415 1677 matura
3450 1621 3682 1693 subjecta

2083 1725 2174 1779 est,
2204 1714 2400 1784 adjecit
2428 1723 2589 1784 atque
2612 1716 2708 1780 ait,
2741 1714 2793 1767 Ν
2798 1732 2860 1769 an
2886 1724 3084 1783 sponte,
3112 1715 3200 1769 sed
3225 1724 3431 1786 propter
3454 1730 3569 1773 eum
3588 1713 3683 1785 qui

2083 1806 2289 1877 subjecit
2315 1808 2367 1859 in
2392 1823 2500 1876 spe.
2537 1808 2676 1877 Ergo
2701 1808 2755 1861 in
2780 1821 2895 1875 spe,
2925 1822 3026 1877 qua
3064 1822 3346 1875 speramus
3370 1821 3473 1863 nos
3492 1807 3687 1862 adhuc

2085 1912 2240 1955 suros
2266 1900 2689 1970 contemplanda:
2728 1900 2958 1966 veritati,
2992 1898 3215 1968 subjecti
3246 1912 3434 1955 sumus
3462 1900 3683 1955 interim

2084 1990 2322 2045 vanitati.
2366 1989 2620 2046 Greatura
2665 1992 2858 2061 quippe
2886 1992 2985 2045 ista
3029 1990 3318 2060 spirituaiis
3343 2031 3357 2056 ,
3389 1991 3637 2045 animalis
3658 2029 3679 2057 ,

2086 2085 2485 2154 corporalisqne
2525 2085 2699 2139 omnis
2745 2085 2797 2138 in
2838 2084 3059 2138 homine
3083 2092 3205 2148 est;
3237 2084 3346 2137 imo
3370 2082 3537 2138 homo
3571 2091 3682 2137 est.

2088 2178 2289 2245 Sponte
2325 2177 2583 2245 peccavit,
2612 2185 2665 2229 et
2694 2174 2904 2229 inimica
2934 2174 3069 2230 facta
3101 2185 3182 2230 est
3222 2174 3430 2230 veritati
3462 2190 3477 2229 :
3502 2172 3600 2229 sed
3624 2181 3690 2229 ut

2090 2268 2281 2323 merito
2330 2266 2623 2337 puniretur,
2665 2277 2772 2321 non
2814 2277 3006 2337 sponte
3052 2267 3291 2335 subjecta
3326 2274 3411 2320 est
3437 2265 3686 2322 vanitati.

2090 2362 2326 2431 Denique
2360 2369 2477 2429 post
2521 2368 2705 2429 pauca,
2751 2357 2873 2413 Non
2897 2359 3061 2413 solum
3088 2367 3276 2422 autem,
3307 2358 3494 2427 inquit,
3520 2356 3610 2410 sed
3632 2365 3689 2411 α

2091 2469 2182 2506 nos
2204 2452 2305 2523 ipsi
2334 2451 2580 2521 primitias
2604 2450 2809 2519 spiritus
2838 2450 3093 2514 titubantes,
3120 2448 3171 2504 id
3196 2456 3297 2511 est,
3320 2448 3412 2519 qui
3441 2447 3685 2502 nondum

2090 2542 2303 2612 quidem
2330 2556 2394 2595 ex
2420 2549 2532 2596 toto
2558 2539 2698 2611 quod
2725 2553 2932 2604 sumus,
2960 2538 3055 2594 sed
3079 2554 3149 2595 ex
3176 2552 3239 2594 ea
3266 2548 3417 2608 parte
3450 2553 3553 2608 qua
3595 2552 3695 2607 pe-

2091 2633 2305 2691 curibus
2348 2633 2596 2687 meliores
2642 2640 2845 2697 ωηιυδ,
2889 2631 3021 2696 Deo,
3070 2642 3177 2684 non
3223 2630 3440 2684 vanitati
3488 2627 3691 2683 subditi

2092 2737 2295 2791 sumus,
2326 2720 2429 2779 hoc
2464 2733 2566 2789 est,
2611 2738 2708 2793 per
2746 2722 3004 2791 primitias
3044 2720 3306 2790 spiritus:
3342 2737 3363 2772 ι
3396 2728 3451 2774 et
3485 2720 3587 2789 ipsi
3628 2720 3691 2774 in

2094 2816 2491 2885 nobismetipsis
2510 2813 2927 2885 ingemiscimus,
2946 2811 3288 2882 adoptionem
3306 2819 3694 2882 exspectantes

2095 2910 2519 2982 redemptionem
2565 2908 2805 2977 corporis
2848 2906 3039 2961 nostri.
3084 2903 3194 2975 Spe
3233 2904 3377 2961 enim
3404 2904 3535 2960 salvi
3562 2902 3699 2959 facti

2095 3016 2300 3059 Sumus.
2328 3002 2463 3070 Spes
2493 3006 2669 3053 autem
2698 3012 2817 3067 quae
2845 2996 3070 3060 videtur,
3104 3010 3210 3051 non
3236 3005 3320 3051 est
3351 3010 3476 3065 spes
3504 3014 3516 3049 :
3545 2994 3698 3065 quod

2096 3098 2237 3152 enim
2265 3093 2409 3148 videt
2434 3092 2575 3163 quis,
2604 3089 2731 3161 quid
2758 3089 2981 3159 sperat?
3009 3086 3065 3144 Si
3096 3098 3273 3143 autem
3300 3086 3442 3158 quod
3470 3102 3576 3142 non
3606 3087 3696 3141 vi-

2097 3188 2286 3243 demus
2300 3198 2597 3256 speramus,
2618 3197 2713 3252 per
2730 3181 3037 3251 patientiam
3052 3189 3443 3249 exspectamus.
3456 3197 3478 3231 ι
3498 3180 3701 3245 Quas»

2095 3280 2185 3335 diu
2229 3281 2407 3348 itaque
2452 3276 2538 3331 hic
2565 3275 2858 3330 secundum
2898 3288 3115 3328 carnem
3140 3286 3347 3340 smnus,
3373 3273 3526 3342 cujus
3554 3271 3699 3327 ado—

2098 3373 2333 3443 ptionem
2358 3376 2417 3423 et
2457 3366 2884 3437 redemptionem
2915 3379 3010 3433 per
3030 3363 3342 3434 patientiam
3373 3364 3487 3433 spei
3516 3362 3707 3416 adhuc

2099 3468 2510 3531 exspectamus;
2540 3458 2740 3512 tamdiu
2762 3456 3054 3512 secundum
3078 3455 3134 3510 id
3160 3472 3253 3524 per
3278 3455 3421 3526 quod
3450 3454 3548 3509 sub
3573 3454 3703 3509 sole

2100 3568 2304 3617 sumus,
2340 3550 2558 3605 vanitati
2600 3548 2826 3618 subjecti
2872 3562 3076 3602 sumus.
3125 3545 3390 3615 Quamdiu
3432 3545 3591 3615 igitur
3620 3546 3701 3600 ita

2102 3658 2305 3708 sumus,
2353 3642 2492 3697 unde
2536 3652 2818 3709 pessumus
2866 3653 2969 3693 non
3022 3637 3205 3691 videre
3248 3637 3557 3700 vanitatem,
3605 3636 3701 3689 cui

2102 3738 2259 3791 etiam
2284 3734 2506 3805 subjecti
2532 3742 2717 3786 sumus
2744 3731 2796 3784 in
2820 3730 2961 3800 spe?
2987 3729 3125 3797 Quid
3151 3737 3234 3782 est
3257 3743 3385 3797 ergo
3426 3726 3565 3797 quod
3595 3726 3705 3782 iste

2101 3829 2249 3894 dicit,
2284 3828 2460 3881 Averte
2482 3826 2654 3880 oculos
2666 3840 2830 3886 aneos,
2856 3839 2918 3877 ne
2934 3822 3130 3877 videant
3151 3819 3461 3875 vanitatem?
3485 3819 3566 3872 An
3590 3818 3704 3874 hoc

2106 3921 2256 3991 petit,
2289 3927 2346 3972 ut
2372 3932 2476 3971 non
2504 3914 2719 3986 quidem
2748 3913 2800 3968 in
2829 3912 2928 3966 hac
2954 3912 3059 3965 vita
3083 3908 3226 3979 quod
3256 3909 3309 3963 in
3336 3924 3430 3977 Spe
3460 3909 3703 3978 gerimus

2105 4012 2406 4082 impleatur,
2434 4008 2531 4064 sed
2565 4016 2619 4061 ut
2647 4007 2698 4060 in
2731 4020 2793 4060 ea
2824 4013 2969 4058 sorte
2990 4003 3082 4064 sit,
3112 4016 3233 4071 qum
3259 4001 3313 4054 in
3340 4000 3431 4055 illo
3460 3998 3707 4068 quando-

2107 4120 2211 4178 que
2238 4104 2405 4173 possit
2435 4102 2668 4172 impleri,
2693 4112 2821 4155 etim
2864 4095 3155 4151 liberabitur
3182 4111 3215 4147 a
3240 4094 3475 4148 servitute
3515 4108 3703 4146 corru-

2109 4196 2313 4270 ptionis,
2357 4203 2415 4248 et
2441 4193 2628 4263 spiritu
2656 4202 2711 4247 et
2742 4190 2929 4244 anitua
2955 4196 3010 4241 et
3034 4200 3283 4254 corpore,
3324 4185 3377 4237 in
3424 4182 3707 4238 libertatem

2108 4289 2287 4362 gloria:
2315 4288 2536 4358 ﬁliorum
2574 4282 2676 4338 Dei
2697 4280 2875 4351 (Rom.
2924 4294 3040 4347 νιιι,
3064 4276 3281 4349 Ἇ-ῆὸ).
3320 4275 3408 4332 ubi
3435 4276 3546 4347 jam
3594 4290 3708 4329 non

2110 4384 2288 4438 videat
2316 4380 2603 4435 vanitatem
2626 4376 2650 4429 ‘I

2175 4477 2235 4531 2.
2281 4475 2511 4528 Possunt
2556 4467 2766 4539 quidem
2816 4464 2977 4520 verba
3026 4462 3126 4516 ista
3178 4462 3257 4517 sic
3296 4459 3543 4529 intelligi,
3595 4474 3710 4512 non

2114 4578 2307 4642 praeter
2346 4566 2583 4634 regulam
2604 4561 2735 4616 iidei
2761 4577 2775 4625 ;
2800 4558 2898 4614 sed
2930 4568 3011 4613 est
3040 4556 3126 4611 hic
3151 4557 3289 4609 alius
3323 4568 3513 4609 sensus
3542 4570 3709 4624 quem

2111 4666 2239 4722 mihi
2270 4664 2439 4718 fateor
2462 4662 2582 4731 plus
2606 4658 2834 4728 placere.
2866 4653 3122 4707 Dominus
3147 4652 3199 4704 in
3230 4649 3521 4718 Evangelio
3539 4648 3709 4702 dicit:

2121 4779 2139 4812 ε
2166 4759 2224 4813 Si
2251 4755 2406 4810 fuerit
2448 4752 2634 4807 oculos
2663 4758 2782 4803 tuus
2820 4746 3069 4814 simplex,
3116 4751 3287 4798 totum
3334 4754 3528 4811 corpus
3557 4746 3709 4792 tuum

2114 4850 2347 4907 lucidum
2370 4847 2494 4901 erit.
2540 4843 2599 4899 Si
2639 4850 2815 4895 autem
2845 4838 3032 4893 oculus
3076 4846 3197 4890 tuus
3224 4834 3387 4889 fuerit
3431 4847 3660 4900 nequam
3687 4872 3707 4897 ,

2117 4951 2281 4997 totum
2320 4951 2515 5007 corpus
2540 4944 2693 4988 tuum
2722 4932 3059 4985 tenebrosum
3102 4926 3224 4982 erit.
3270 4925 3327 4980 Si
3352 4939 3479 4993 ergo
3526 4922 3709 4976 iumen

2113 5034 2252 5106 quod
2294 5034 2349 5085 in
2386 5039 2443 5083 te
2471 5036 2553 5083 est
2594 5025 2832 5081 tenebrae
2859 5030 3005 5087 sunt,
3054 5021 3181 5089 ipsa:
3227 5017 3464 5072 tenehrzc
3494 5023 3710 5084 quantae

2114 5126 2309 5185 erunt?
2342 5143 2362 5176 ο
2398 5120 2627 5177 Proinde
2668 5116 2843 5187 magni
2890 5114 3133 5177 interest,
3179 5127 3298 5165 cum
3344 5107 3542 5176 aliquid
3582 5107 3710 5161 boni

2116 5218 2357 5281 facimus,
2389 5213 2539 5283 cujus
2565 5210 2641 5266 rei
2672 5207 3119 5275 contemplatione
3154 5202 3428 5256 faciamus.
3461 5199 3709 5254 Ofﬁcium

2116 5311 2310 5384 quippe
2336 5316 2596 5369 nostrum,
2619 5317 2730 5357 non
2750 5300 2949 5363 ofﬁcio,
2976 5297 3071 5353 sed
3102 5295 3204 5348 fine
3229 5291 3557 5363 pensandum
3588 5300 3706 5353 est;

2117 5380 2172 5457 ut
2201 5402 2403 5457 scilicet
2422 5411 2533 5452 non
2559 5404 2761 5449 tanturn
2786 5392 2830 5445 si
2856 5392 3051 5445 bonuu
3076 5397 3157 5443 est
3178 5385 3319 5456 quod
3344 5384 3585 5443 facimus.
3611 5380 3709 5436 sed

2116 5493 2386 5564 prmcipue
2412 5487 2457 5543 si
2483 5489 2677 5542 bonum
2707 5493 2787 5538 est
2819 5490 3034 5551 prepter
3059 5477 3199 5549 quod
3233 5476 3476 5539 facimus,
3506 5472 3715 5542 cogite-

2116 5601 2257 5642 mus.
2290 5583 2395 5637 Hos
2416 5578 2600 5635 oeulos
2623 5576 2812 5645 quibus
2826 5571 3256 5642 contemplemur
3269 5582 3431 5637 quare
3452 5564 3712 5619 faciamus

2118 5679 2258 5751 quod
2284 5675 2531 5737 facimus,
2564 5669 2728 5724 averti
2750 5664 2929 5737 poscit
2959 5679 3025 5718 ne
3055 5660 3267 5717 videant
3296 5654 3583 5712 vanitatem
3610 5671 3624 5718 ;
3656 5654 3709 5751 id

2117 5745 2220 5836 est,
2250 5786 2315 5821 ne
2340 5770 2479 5822 hanc
2505 5760 2762 5825 attendat,
2788 5766 3010 5827 propter
3038 5768 3196 5824 quam
3222 5750 3400 5815 faciat,
3427 5764 3548 5803 cum
3580 5745 3709 5801 boni

2012 5932 2017 5935 _
2063 5915 2083 5935 ,ν
2118 5861 2319 5933 aliquid
2344 5860 2483 5916 facit.
2502 5857 2560 5913 in
2584 5871 2689 5931 qua
2700 5853 2931 5910 unitate
2959 5847 3281 5925 praecipuum
3305 5843 3480 5900 locum
3502 5837 3710 5899 obtinet
