4070 6470
251 399 384 474 till:

249 515 592 584 amo‘r'latldis
617 521 883 592 humanm,
915 523 1130 596 propter
1158 533 1314 595 quam
1343 522 1506 577 multa
1535 523 1721 590 magna
1749 511 1829 574 te-

250 627 436 674 cer‘unt
462 619 555 686 qui
585 617 757 687 magna
787 619 838 670 in
881 615 980 671 hoc
1006 617 1198 672 sarculo
1229 606 1485 670 nominati
1510 622 1653 678 sunt,
1695 610 1833 665 ntul-

251 717 468 779 tumquc
493 702 688 762 latl'datl
719 705 772 762 In
800 699 1099 762 Civitatibus
1122 703 1379 776 "gentiam,
1406 707 1708 775 quaerentes
1727 711 1833 756 non

249 793 389 871 apud
434 791 624 863 Deum,
672 799 766 853 sed
793 789 930 868 apud
975 791 1216 852 homines
1259 794 1501 867 gloriam,
1533 797 1587 849 et
1616 799 1836 866 propter

251 890 388 945 hanc
418 889 561 945 velut
590 890 898 961 prudenter,
931 882 1155 952 fortiter,
1187 887 1568 956 temperanter,
1590 880 1844 956 justeque

249 985 490 1039 viventes
514 995 529 1048 ;
561 982 626 1037 ad
655 985 810 1052 qnam
852 975 1218 1051 pervenientes
1245 981 1601 1051 perceperunt
1627 983 1834 1031 merce-

248 1075 371 1130 dem
403 1085 578 1140 suam,
611 1071 729 1127 vani
761 1079 972 1128 vanam.
1001 1061 1083 1126 Al)
1125 1071 1222 1126 hac
1247 1073 1479 1125 Vanitate
1520 1069 1703 1123 volens
1733 1067 1839 1121 Do-

249 1163 430 1223 minus
454 1175 696 1220 avertere
719 1165 900 1218 oculos
925 1166 1140 1217 suorum
1173 1180 1185 1216 :
1223 1179 1242 1213 ι
1276 1158 1565 1226 Attendite,
1600 1151 1833 1229 iinquit,

256 1276 278 1309 ι
310 1267 380 1312 ne
420 1255 679 1327 jusutitttlt
721 1259 951 1311 VEStrdtn
982 1253 1184 1310 faciatis
1213 1257 1390 1308 eorain
1430 1249 1752 1316 hominibus,
1781 1255 1838 1304 tit

251 1349 540 1406 videamini
579 1337 646 1404 ab
669 1349 780 1412 eis;
811 1347 1044 1418 alioquin
1089 1347 1390 1402 mercedem
1431 1353 1535 1399 non
1579 1343 1839 1399 habebitis

255 1442 395 1513 apud
422 1439 634 1497 Patrem
653 1447 909 1505 vestrum,
940 1441 1027 1511 qui
1059 1440 1111 1493 in
1138 1439 1290 1494 coelis
1310 1441 1410 1494 est.
1441 1457 1462 1491 ι
1498 1435 1698 1494 Deinde
1717 1445 1836 1492 cum

257 1535 422 1608 ipsius
459 1535 677 1605 iustitiae
714 1533 968 1605 quasdam
1015 1535 1192 1604 partes
1219 1541 1620 1604 exsequeretur,
1654 1533 1839 1601 praeci-

255 1629 406 1699 pietts
432 1625 499 1682 de
524 1627 900 1698 eleemosy‘nis,
927 1625 992 1682 de
1016 1621 1277 1691 oratione,
1307 1625 1372 1681 de
1395 1625 1619 1696 jejunio,
1645 1623 1840 1695 ubique

256 1721 307 1775 id
334 1714 633 1784 admonuit,
664 1732 733 1774 ne
773 1714 972 1788 aliquid
1019 1725 1203 1772 eorum
1234 1727 1454 1787 pmpter
1483 1717 1700 1787 gloriam
1744 1716 1840 1770 ho-

206 1851 234 1885 .
255 1810 459 1867 minum
489 1809 599 1876 ﬂat,
627 1818 681 1865 et
705 1808 899 1879 ubique
920 1808 1046 1864 dicit
1075 1823 1167 1863 eos
1190 1809 1282 1879 qui
1314 1817 1591 1878 propterea
1619 1808 1836 1873 faciunt,

256 1903 560 1975 percepisse
589 1899 893 1957 mercedem
923 1905 1070 1955 suam
1114 1897 1324 1972 (Matth.
1357 1915 1428 1962 vt,
1463 1897 1642 1968 i-25),
1677 1893 1728 1952 id
1759 1904 1840 1954 est

256 2009 362 2050 non
402 1994 658 2056 azterham
689 2003 806 2063 quae
833 1992 1028 2047 sanctis
1052 1990 1285 2061 reposita
1311 1993 1393 2046 est
1419 1989 1556 2061 apud
1587 1987 1797 2045 Patrem
1821 2032 1835 2056 ,

255 2086 347 2140 sed
379 2083 725 2154 temporalem
766 2097 922 2152 quam
953 2091 1194 2152 quaerunt
1224 2081 1312 2151 qui
1335 2081 1762 2150 contemplemur
1789 2081 1840 2135 in

254 2177 367 2230 suis
396 2172 649 2246 operibus
671 2175 955 2234 vanitatem
989 2191 1002 2230 :
1029 2185 1133 2228 non
1159 2173 1282 2244 quia
1311 2174 1423 2244 ipsa
1464 2173 1580 2226 laus
1607 2171 1838 2227 humana

254 2266 518 2338 culpanda
545 2270 626 2324 est
655 2267 799 2336 (nam
828 2267 951 2337 quid
973 2275 1076 2321 tam
1099 2257 1390 2335 optandum
1413 2274 1494 2321 est
1517 2265 1837 2332 hominibus,

253 2367 414 2428 quam
445 2365 502 2413 ut
526 2360 602 2413 eis
631 2357 871 2428 placeant
893 2369 1008 2428 qum
1031 2353 1261 2412 debeant
1287 2356 1480 2411 imitari
1500 2354 1570 2424 ἲ),
1601 2355 1694 2410 sed
1723 2366 1844 2424 pro-

257 2457 378 2518 pter
407 2449 576 2518 ipsam
607 2447 815 2502 laudem
844 2449 977 2502 bene
1007 2447 1233 2518 operari,
1260 2447 1360 2500 hoc
1383 2457 1465 2501 est
1484 2445 1768 2500 vanitatem
1788 2445 1840 2500 in

254 2540 366 2593 suis
392 2537 644 2606 operibus
670 2539 878 2592 intueri.
906 2535 1345 2607 Quandoquidem
1371 2544 1421 2590 ct
1444 2538 1553 2604 ipsa
1576 2536 1644 2589 ab
1667 2537 1842 2590 homi-

255 2631 413 2685 nibus
436 2631 554 2684 πως
576 2629 776 2683 nemini
793 2629 936 2698 justo
951 2635 1371 2698 quantacumque
1394 2629 1713 2697 provenerit,
1737 2638 1841 2682 non

256 2723 328 2776 ibi
349 2732 474 2776 esse
502 2721 659 2777 debet
703 2720 819 2792 ejus
845 2719 967 2775 linis
995 2721 1141 2787 boni,
1165 2721 1256 2775 sed
1287 2722 1443 2774 etiam
1471 2721 1580 2789 ipsa
1609 2721 1845 2776 referen-

253 2811 321 2866 da
343 2818 430 2866 est
451 2811 519 2865 ad
549 2809 757 2865 laudem
791 2811 900 2875 Dei,
923 2821 1138 2882 propter
1161 2821 1316 2880 quem
1347 2811 1478 2865 bona
1507 2811 1842 2867 faciuntverc

259 2901 381 2955 boni
401 2918 414 2966 ;
445 2902 698 2972 quoniam
714 2915 818 2956 non
834 2916 864 2956 a
879 2902 1087 2971 seipsis,
1106 2901 1198 2956 sed
1220 2901 1285 2956 ab
1307 2899 1396 2956 illo
1414 2902 1542 2955 ηιιιιι
1561 2903 1706 2957 boni.
1736 2903 1840 2956 Dc-

257 2994 417 3063 niqne
449 2995 501 3047 in
534 2994 719 3048 codem
763 3005 1010 3048 sermone
1038 2993 1292 3047 Dominus
1330 2993 1436 3062 jam
1477 2993 1689 3047 dixerat
1717 2994 1795 3048 eis
1825 3010 1839 3049 ε

257 3083 445 3138 Lucem
489 3085 653 3138 lumen
708 3093 922 3138 vestrum
963 3093 1131 3138 corum
1180 3084 1460 3137 hominibus
1482 3126 1496 3150 ,
1543 3091 1596 3136 ut
1641 3085 1844 3137 videant

259 3187 415 3230 vestra
437 3192 593 3245 Opera
624 3177 770 3242 bona,
801 3186 845 3229 et
874 3175 1152 3246 gloriﬁcent
1183 3172 1388 3228 Patrem
1419 3185 1652 3240 uestrum,
1684 3177 1768 3244 qui
1791 3176 1842 3228 in

255 3272 392 3327 cali:
435 3279 510 3326 est
542 3269 651 3340 (Id.
699 3277 767 3333 v,
811 3269 922 3338 18).
957 3268 1054 3324 Ubi
1088 3268 1243 3323 ﬂuent
1273 3268 1468 3336 posuit,
1519 3270 1618 3322 hoc
1662 3277 1742 3322 est
1787 3269 1836 3322 in

253 3365 421 3436 gloria
454 3363 571 3428 Dei,
599 3362 700 3416 hoc
726 3360 980 3415 debemus
1002 3358 1214 3430 quando
1240 3358 1432 3429 aliquid
1466 3359 1587 3413 boni
1617 3359 1841 3415 facimus

256 3456 474 3520 intueri,
497 3455 542 3508 si
567 3453 875 3507 avertuntur
895 3464 925 3504 ει
949 3452 1178 3504 vanitate
1204 3451 1341 3505 oculi
1362 3451 1547 3506 nostri.
1578 3450 1691 3506 Non
1714 3465 1842 3521 ergo

255 3549 324 3603 sit
355 3547 477 3601 linis
507 3543 632 3599 boot
660 3544 840 3613 operis
873 3543 924 3597 in
955 3542 1200 3597 laudibus
1247 3541 1541 3604 hominum,
1573 3541 1665 3596 sed
1699 3543 1840 3611 ipsas

258 3637 440 3693 laudes
471 3637 746 3689 hominum
774 3635 1123 3703 corrigamus,
1151 3639 1208 3686 et
1234 3631 1298 3685 ad
1334 3633 1423 3686 Dei
1453 3633 1634 3686 laudes
1662 3634 1840 3686 omnia

259 3729 570 3795 reita-amns,
595 3737 624 3780 tt
651 3739 756 3798 quo
784 3725 937 3780 nobis
981 3725 1137 3779 datur
1164 3723 1416 3794 quidquid
1450 3724 1502 3778 in
1535 3725 1686 3779 nobis
1728 3728 1843 3779 sine

259 3823 522 3879 laudantis
550 3829 732 3876 errore
776 3817 1040 3874 laudatur.
1069 3818 1235 3873 Porro
1277 3818 1322 3871 si
1367 3828 1555 3871 vanum
1603 3826 1682 3870 est
1713 3832 1843 3886 pro-

260 3925 378 3986 pter
399 3911 678 3970 nominum
703 3911 884 3967 laudes
911 3910 1046 3966 bona
1074 3909 1270 3977 facere,
1293 3918 1494 3978 quanto
1514 3909 1703 3962 vanius
1730 3923 1846 3979 pro.

261 4017 380 4077 pter
415 4003 812 4076 adipiscendam
862 4003 1174 4073 peettniam,
1221 4002 1300 4055 vel
1347 3999 1640 4070 augendam
1666 4042 1679 4065 ,
1729 4001 1843 4054 sive

261 4096 697 4163 retinendam,~et
720 4095 765 4150 si
793 4093 917 4165 quid
944 4093 1243 4164 hujusmodi
1273 4102 1354 4147 est
1395 4090 1658 4146 commodi
1703 4099 1841 4146 temd

262 4190 479 4260 potans,
525 4188 666 4258 quod
709 4188 862 4243 nobis
889 4185 1092 4242 accedit
1121 4186 1490 4240 extrinsecus?
1517 4185 1646 4252 Quia
1673 4186 1845 4238 omnia

262 4281 455 4333 sonitus
482 4294 502 4332 :
527 4290 640 4348 quae
678 4277 987 4330 abundauit:
1014 4275 1228 4330 nominis
1254 4276 1306 4329 in
1335 4277 1470 4330 omni
1514 4275 1682 4329 labore
1706 4288 1798 4329 suo
1827 4312 1841 4341 ,

261 4387 360 4442 quo
382 4372 493 4440 ipse
510 4369 704 4424 latior-at
728 4370 819 4424 sub
845 4368 996 4422 sole?
1025 4367 1249 4436 Propter
1269 4368 1436 4437 ipsam
1463 4367 1694 4439 denique
1714 4377 1847 4423 tem-

265 4463 502 4534 pontem
546 4461 769 4515 salutem
814 4473 918 4514 non
975 4459 1231 4514 debemus
1274 4460 1448 4514 facere
1494 4459 1630 4514 bona
1680 4473 1842 4530 opera

266 4566 470 4621 nostra,
497 4554 590 4609 sed
612 4555 788 4624 potius
805 4561 1023 4623 propter
1045 4553 1188 4607 illam
1210 4567 1367 4623 quam
1390 4565 1666 4622 speramus
1688 4562 1848 4608 mter‘

267 4663 408 4713 nam,
453 4645 542 4701 ubi
587 4646 728 4700 bono
772 4645 1082 4699 immutabili
1130 4646 1477 4714 perfruamur,
1523 4645 1662 4716 quod
1693 4646 1848 4701 nobis

257 4741 368 4796 erit
393 4755 465 4795 ex
509 4740 638 4802 Deo,
670 4739 780 4791 imo
803 4737 944 4808 quod
975 4737 1126 4791 nobis
1153 4746 1237 4792 est
1279 4738 1392 4806 ipse
1421 4736 1583 4792 Dens.
1616 4737 1673 4791 Si
1703 4738 1844 4791 enim

267 4831 434 4886 sancti
467 4829 559 4885 Dei
605 4838 822 4899 propter
868 4828 1005 4882 hanc
1051 4828 1394 4898 temporalem
1441 4829 1666 4883 salutem
1709 4828 1847 4883 bona

270 4937 430 4994 Opera
468 4922 741 4985 lacerent,
791 4935 1059 4991 nunquam
1107 4927 1370 4991 martyres
1411 4919 1605 4986 Christi
1649 4921 1847 4974 bonum

270 5033 402 5088 opus
429 5013 782 5072 confessionis
824 5015 876 5068 in
903 5012 1145 5083 ejusdem
1186 5013 1372 5066 salutis
1401 5013 1686 5067 amissiOne
1730 5027 1850 5081 per.

271 5109 509 5167 ﬁcerent.
537 5108 643 5164 Sed
665 5115 984 5176 acceperunt
1006 5105 1256 5160 auxilium
1275 5104 1342 5158 de
1361 5104 1715 5167 tribulatione,
1740 5119 1848 5158 non

273 5202 538 5258 intuentes
563 5197 872 5264 vanitatem,
912 5196 1033 5268 quia
1065 5209 1194 5250 vana
1233 5195 1375 5249 salus
1419 5193 1650 5247 hominis
1677 5191 1844 5261 (Paul.

275 5308 379 5360 uti,
405 5294 496 5360 l3)
521 5309 536 5360 ;
561 5301 614 5346 et
635 5290 776 5346 diem
799 5289 1072 5343 hominum
1101 5300 1204 5341 non
1225 5286 1609 5355 concupierunt
1632 5283 1846 5356 (let-em.

274 5403 399 5453 xm,
430 5385 542 5455 16),
587 5384 711 5455 quia
740 5381 900 5446 homo
930 5380 1147 5434 vanitati
1176 5380 1437 5434 similatus
1462 5390 1562 5446 est,
1595 5379 1709 5434 dies
1731 5378 1850 5449 ejus

275 5479 409 5533 sicut
433 5477 622 5532 umbra
646 5480 968 5544 praetereunt
994 5470 1166 5543 (Paul,
1195 5486 1372 5538 cxuu,
1405 5468 1480 5541 4).

344 5573 396 5627 3.
425 5569 577 5643 lucra.
600 5565 719 5642 58.}
745 5567 878 5622 Cum
903 5571 1082 5622 autem
1115 5566 1254 5619 Deus
1281 5573 1498 5633 rogatur
1516 5603 1529 5628 ,
1560 5572 1620 5617 nt
1645 5577 1706 5618 ea
1729 5578 1849 5634 qua:

277 5662 553 5732 videntur‘
584 5675 702 5715 esse
731 5661 784 5714 in
813 5667 990 5714 nostra
1021 5665 1304 5728 potestate,
1337 5656 1388 5710 id
1421 5664 1535 5721 est,
1574 5656 1849 5712 oculorum

277 5755 482 5812 aversio
509 5768 543 5809 a
572 5750 797 5807 videnda
825 5751 1055 5808 vaniutte
1086 5749 1153 5804 ab
1189 5746 1282 5802 illo
1309 5745 1462 5802 nobis
1489 5747 1812 5804 concedatur
1831 5789 1847 5815 ,

338 5869 358 5900 ι
382 5873 478 5928 ειη
507 5861 714 5918 videtur.
839 5867 897 5913 tt.

1309 405 1704 470 ENARRATIO
1741 402 1807 461 1N
1845 387 2163 464 Patauium
2201 387 2430 466 exim.

3380 423 3518 480 15M

1941 515 2066 588 quid
2093 517 2194 575 nisi
2218 518 2332 592 ejus
2352 521 2518 594 gratia
2545 523 2982 590 cdt‘itlnendaltir?
3016 522 3261 588 Nonnulli
3288 537 3427 590 enim
3454 539 3519 593 ab

1940 624 2002 663 ca
2039 606 2264 667 vanitate
2294 621 2396 669 non
2423 617 2732 673 averterunt
2764 615 2947 678 oculos
2973 627 3098 678 suos
3117 668 3130 687 ,
3155 627 3275 696 quia
3306 635 3522 697 putave-

1943 714 2065 753 runt
2101 709 2131 755 a
2169 703 2358 773 seipsis
2387 721 2445 762 se
2472 705 2586 763 [leti
2609 705 2780 779 justus
2821 715 2873 767 et
2912 707 3078 769 bonus
3098 760 3111 777 ,
3143 720 3196 772 et
3223 711 3522 776 dilexerunt

1940 790 2465 883 gloriam‘hominum
2510 802 2677 871 magis
2706 809 2861 872 Quam
2898 805 2988 861 Dei
3025 803 3218 878 (Joan.
3253 821 3348 876 xtl,
3378 807 3519 883 43);

1944 884 2068 952 quia
2091 891 2144 938 et
2164 877 2264 955 ipsi
2286 883 2528 943 homines
2549 893 2691 959 sunt,
2712 894 2802 963 'qhi
2828 893 2926 949 sibi
2946 877 3162 952 nimium
3188 877 3518 969 placuerunt,

1942 981 1996 1027 et
2037 972 2104 1028 de
2144 976 2225 1030 sui
2261 975 2464 1034 arbitrii
2501 979 2700 1039 viribus
2727 991 3212 1057 praesumpserant:
3241 987 3335 1047 sed
3359 991 3518 1049 etiam

1947 1064 2062 1152 haec
2089 1067 2294 1126 vanitas
2315 1079 2367 1126 et
2398 1078 2739 1147 prastnnptio
2766 1079 2981 1146 spiritus
3010 1077 3091 1136 est
3117 1075 3308 1153 (Eccle.
3340 1099 3410 1150 vt,
3441 1085 3497 1145 9i

1942 1156 2078 1214 Cum
2102 1175 2228 1231 ergo
2258 1159 2500 1233 dixisset,
2531 1164 2711 1224 Avertit
2738 1161 2908 1228 oeulos
2941 1179 3096 1244 meos,
3125 1191 3188 1231 ne
3218 1177 3415 1234 videant
3439 1188 3524 1236 tte-

1942 1250 2180 1316 nitatem;
2217 1251 2271 1305 in
2300 1254 2378 1307 viti
2408 1256 2495 1309 tua
2529 1253 2725 1327 vitii/ica
2762 1269 2871 1329 tne;
2904 1267 3019 1334 quae
3048 1261 3130 1321 via
3161 1271 3264 1325 non
3287 1276 3517 1340 Vanitas,

1943 1341 2038 1396 sed
2065 1342 2258 1398 veritas
2289 1354 2370 1399 εει
2397 1355 2409 1396 ε
2440 1341 2632 1404 deinde
2680 1343 2986 1422 sithjunitit,
3029 1343 3210 1414 Statue
3254 1377 3394 1418 servo
3441 1371 3523 1419 tuo

1944 1432 2193 1502 eloquium
2215 1437 2352 1489 tuum
2378 1437 2434 1490 in
2470 1437 2695 1494 timorem
2722 1445 2860 1497 tuum
2883 1447 2924 1501 ¹.
2952 1441 3102 1513 Quod
3126 1441 3253 1520 quid
3278 1459 3358 1508 εει
3385 1446 3521 1510 aliud

1944 1539 2123 1594 quam,
2151 1526 2222 1579 Da
2251 1527 2377 1582 mihi
2403 1537 2454 1583 ut
2477 1527 2663 1586 iaciam
2689 1534 2828 1603 quod
2856 1537 3151 1607 eloqueris?
3177 1533 3361 1614 Neque
3383 1548 3520 1601 enim

1945 1621 2199 1672 statutum
2228 1619 2308 1673 est
2337 1619 2604 1690 eldqtthtm
2633 1624 2722 1679 Dei
2755 1623 2835 1680 his
2870 1629 2958 1697 qui
2987 1629 3037 1683 in
3069 1635 3126 1688 se
3154 1641 3367 1690 movent
3397 1633 3521 1692 illud

1944 1717 2126 1762 contra
2153 1703 2421 1778 t‘acie‘ndo;
2457 1714 2534 1770 eis
2552 1719 2731 1771 antem
2764 1723 3015 1774 statutum
3037 1718 3186 1779 estin
3207 1718 3396 1796 quibus
3427 1727 3521 1782 im-

1948 1801 2144 1857 mobile
2173 1811 2271 1859 est.
2318 1797 2517 1863 Statuit
2543 1809 2718 1882 itaque
2739 1804 2879 1868 Deus
2908 1813 3170 1885 eloquium
3200 1833 3348 1874 suum
3379 1822 3426 1876 in
3460 1821 3524 1877 Ii-

1945 1908 2150 1948 morem
2190 1903 2342 1951 stium
2378 1899 2456 1954 eis
2494 1895 2685 1970 quibus
2733 1897 2822 1959 dat
2865 1905 3110 1975 spiritum
3157 1910 3358 1967 timoris
3403 1913 3522 1968 sui:

1944 1987 2153 2042 timoris
2177 1997 2350 2044 autem
2381 1997 2485 2046 utin
2515 1987 2654 2050 illius
2683 1991 2748 2050 de
2776 2005 2880 2067 quo
2904 1999 3030 2055 dicit
3065 1994 3366 2071 Apostolus.
3407 2005 3527 2060 Non

1946 2079 2078 2132 enim
2134 2081 2395 2151 accepistis
2444 2083 2674 2155 spiritum
2726 2091 2973 2145 servitutis
3024 2095 3202 2148 iterum
3251 2096 3304 2150 in
3354 2099 3528 2152 timore

1947 2168 2137 2240 (Rom.
2166 2180 2277 2239 vin,
2303 2174 2435 2246 l5);
2469 2173 2610 2232 hunc
2639 2181 2776 2234 enim
2808 2193 3167 2239 consummata
3191 2187 3418 2242 Charitas
3445 2189 3524 2245 fo-

1947 2275 2034 2314 ras
2062 2263 2218 2318 mittit
2251 2265 2492 2321 timorem
2521 2268 2560 2339 (Ι
2588 2265 2744 2324 Jomt.
2776 2287 2848 2339 ιν,
2883 2271 2973 2343 18)
3001 2292 3012 2328 :
3037 2271 3130 2330 sed
3163 2270 3300 2332 illius
3324 2283 3524 2337 timoris

1946 2353 2270 2420 quem-dicit
2314 2357 2566 2427 propheta
2607 2359 2847 2430 spiritum
2875 2366 3080 2421 timeris
3111 2367 3203 2424 Dei
3245 2367 3407 2436 (Issi.
3446 2389 3520 2438 xi,

1947 2442 2051 2513 5);
2100 2444 2300 2501 timeris
2345 2449 2524 2518 utique
2565 2453 2734 2518 casti,
2779 2459 3135 2522 permanentia
3181 2461 3231 2513 in
3273 2461 3522 2517 sareulum

1947 2535 2125 2588 saeculi
2157 2534 2344 2605 (Psal.
2378 2547 2526 2606 xviii,
2558 2542 2679 2611 10),
2714 2544 2919 2599 timoris
2952 2557 3056 2616 quo
3087 2550 3298 2605 timetur
3331 2545 3522 2608 oilendi

1946 2627 2035 2696 qui
2056 2635 2278 2682 amatur.
2314 2630 2483 2685 Aliter
2501 2635 2692 2703 quippe
2716 2635 2864 2691 timet
2888 2638 3123 2694 adultera
3147 2641 3312 2695 virum
3343 2655 3516 2710 suum,

1946 2718 2100 2772 aliter
2141 2728 2284 2774 casta
2321 2737 2333 2773 :
2363 2723 2628 2792 adultera,
2658 2735 2725 2783 ne
2754 2728 2957 2795 veniat;
2989 2741 3131 2785 casta
3153 2774 3166 2794 ,
3198 2747 3265 2788 ne
3293 2733 3522 2790 deserat.

2018 2810 2072 2864 4.
2113 2809 2259 2882 [rem
2291 2811 2403 2885 59.]
2443 2813 2692 2886 Amputa,
2739 2817 2940 2889 inquit,
2988 2822 3312 2891 approbrinm
3364 2841 3525 2880 meum

1945 2903 2080 2973 quoii
2125 2905 2404 2973 suspicatus
2449 2923 2576 2972 sum,
2625 2911 2740 2978 quia
2776 2911 2975 2982 judicia
3024 2922 3109 2967 tua
3156 2917 3346 2970 suavia.
3399 2917 3527 2985 Quis

1946 3002 2029 3046 est
2078 2996 2162 3062 qui
2207 3006 2357 3049 suum
2398 2999 2739 3068 opprobrium
2791 3003 3120 3073 suspicatur,
3169 3017 3220 3062 et
3265 3019 3367 3064 non
3413 3025 3525 3065 ma-

1946 3086 2027 3153 gis
2081 3085 2225 3140 novit
2285 3099 2436 3144 suum
2491 3093 2712 3163 quisque
2750 3096 3110 3166 opprobrium,
3160 3113 3312 3170 quam
3353 3103 3528 3172 cujus-

1947 3175 2076 3229 libet
2120 3177 2399 3233 alienum?
2439 3181 2704 3251 Suspicari
2758 3187 2896 3241 enim
2946 3189 3118 3258 potius
3160 3192 3387 3248 alienum
3436 3209 3529 3263 po-

1949 3273 2049 3318 test
2089 3267 2282 3331 hotno,
2327 3285 2429 3323 non
2481 3285 2664 3338 somn;
2711 3279 2956 3346 Quoniam
2999 3281 3136 3350 quod
3191 3285 3526 3353 suspicatur,

1947 3354 2154 3426 ignorat
2188 3377 2200 3412 :
2234 3361 2289 3415 in
2331 3376 2426 3416 suo
2467 3372 2642 3419 autem
2683 3367 2969 3436 opprobrio
3005 3387 3108 3426 non
3156 3375 3236 3428 est
3272 3376 3529 3446 cujusque

1946 3451 2180 3519 suspicio
2201 3495 2214 3517 ,
2253 3453 2345 3508 sed
2385 3455 2624 3523 scientia,
2649 3457 2735 3513 ubi
2763 3458 2997 3528 loquitur
3025 3463 3363 3519 conscientia.
3394 3467 3528 3534 Quid

1948 3552 2031 3596 est
2060 3557 2187 3612 ergo
2215 3544 2354 3612 quod
2381 3546 2474 3610 ait,
2513 3543 2856 3618 Opprobrium
2886 3561 3052 3606 meum
3079 3555 3216 3624 quod
3239 3559 3524 3627 suspicatus

1947 3634 2101 3688 sum?
2137 3633 2396 3691 Nimirum
2421 3637 2489 3693 de
2519 3641 2790 3710 superiore
2816 3649 2976 3697 s‘ensu
3007 3647 3164 3700 etiam
3196 3648 3295 3703 istc
3335 3649 3529 3706 ducen-

1947 3727 2049 3780 dus
2076 3735 2157 3781 est
2189 3745 2202 3777 :
2235 3729 2484 3797 quoniam
2511 3732 2760 3801 quamdiu
2787 3743 2891 3788 non
2927 3737 3121 3791 avertit
3159 3735 3320 3794 homo
3346 3743 3531 3796 oculos

1949 3832 2075 3872 suos
2100 3835 2168 3873 ne
2195 3820 2404 3873 videant
2427 3823 2729 3888 vanitatem,
2754 3824 2892 3893 Quod
2922 3824 2973 3879 in
3000 3825 3177 3896 seipso
3206 3829 3395 3898 agitur,
3428 3831 3531 3887 hoc

1949 3910 2016 3964 de
2044 3911 2161 3964 aliis
2189 3913 2515 3980 suspicatur;
2539 3923 2595 3967 ut
2626 3925 2838 3983 propter
2862 3915 3001 3985 quod
3032 3919 3142 3986 ipse
3166 3921 3290 3972 coiit
3325 3920 3526 3988 Deum,

1948 4002 2036 4056 vel
2057 4009 2271 4070 propter
2298 4003 2449 4072 quod,
2468 4004 2603 4057 bona
2631 4011 2792 4073 opera
2823 4005 2962 4070 facit,
2989 4011 3204 4079 proptetr
3225 4009 3327 4064 hoc
3349 4012 3529 4067 credat

1951 4101 2007 4146 et
2053 4091 2279 4145 alterum
2319 4089 2515 4148 fauere.
2565 4094 2789 4150 Passum
2835 4097 3029 4167 quippe
3067 4098 3308 4156 hemines
3351 4103 3531 4157 videre

1951 4182 2092 4252 quod
2113 4185 2343 4254 agimus;
2373 4185 2521 4255 cujus
2547 4197 2722 4242 autem
2751 4188 2826 4242 rei
2845 4191 3290 4261 contemplatione
3311 4209 3529 4265 agamus

1951 4277 2215 4330 occultum
2243 4277 2326 4332 est
2357 4291 2371 4330 :
2400 4283 2450 4332 et
2493 4277 2612 4333 ideo
2648 4279 2806 4334 datur
2839 4281 3227 4351 suspicionibus
3263 4284 3427 4352 locus,
3474 4295 3532 4342 ut

1951 4366 2144 4422 audeat
2184 4368 2345 4423 homo
2378 4369 2618 4439 judicare
2651 4373 2716 4426 de
2745 4374 2965 4429 Occultis
2996 4373 3289 4444 hominum,
3319 4390 3371 4434 et
3401 4379 3530 4437 falsa

1953 4461 2283 4530 plerumque,
2317 4468 2389 4526 e’t,
2422 4463 2466 4517 si
2519 4471 2662 4528 vera,
2700 4471 2880 4519 tamen
2917 4465 3180 4538 incognita
3215 4477 3412 4526 temere
3443 4481 3534 4526 Su-

1953 4551 2164 4620 Spieari.
2193 4551 2478 4622 Propterea
2509 4553 2760 4609 Dominus
2788 4571 2906 4611 cum
2923 4557 2990 4612 de
3021 4558 3137 4628 ipso
3165 4558 3270 4616 due
3293 4561 3536 4632 loquere-

1955 4651 2044 4697 tur
2075 4655 2288 4712 propter
2313 4659 2472 4714 quem
2491 4645 2749 4715 justitiam
2774 4647 2947 4704 facere
2971 4648 3248 4714 debemus,
3269 4661 3326 4707 ut
3352 4655 3533 4709 oculos

1955 4745 2167 4789 nosnos
2193 4751 2222 4788 a
2257 4735 2700 4806 contemplatione
2729 4747 2990 4795 averteret
3027 4742 3303 4806 vanitatis,
3331 4746 3536 4800 monuit

1954 4841 2022 4880 ne
2043 4836 2256 4896 propter
2283 4827 2464 4882 laudes
2487 4827 2759 4883 hominum
2791 4830 2925 4884 bona
2956 4843 3117 4900 opera
3149 4831 3420 4901 faciamus,
3452 4833 3534 4888 di-

1953 4932 2082 4972 cens
2111 4935 2122 4970 :
2151 4918 2400 4971 Attendite
2426 4935 2487 4971 ne
2516 4920 2716 4990 faciatis
2729 4921 2981 4992 justitiam
3011 4933 3222 4977 vestmm
3249 4941 3418 4978 coram
3443 4925 3535 4978 Ito-

1954 5009 2186 5075 minibns,
2210 5019 2264 5062 ut
2290 5011 2559 5064 videamini
2585 5013 2648 5066 ab”
2675 5014 2763 5067 eis.
2797 5014 3019 5082 Monuit,
3043 5031 3109 5069 ne
3136 5024 3350 5085 prepter
3377 5031 3535 5085 pecu-

1953 5101 2094 5154 niam
2119 5142 2134 5166 ,
2173 5099 2356 5154 dicens
2391 5119 2403 5156 :
2433 5103 2588 5156 nolite
2621 5103 2756 5157 vobis
2801 5106 3136 5159 thesaurizsre
3172 5106 3226 5158 in
3267 5114 3432 5170 terra;
3457 5115 3531 5172 et,

1955 5191 2077 5248 Non
2108 5194 2312 5264 potestis
2352 5192 2462 5248 Dea
2506 5196 2691 5250 seruire
2730 5205 2777 5249 et
2823 5211 3140 5250 mammomc.
3193 5197 3416 5264 Monuit,
3468 5209 3535 5254 ne

1953 5295 2172 5356 prapter
2214 5286 2385 5356 ipsum
2431 5289 2789 5343 necessarium
2837 5288 3029 5342 victum
3067 5297 3228 5359 atque
3262 5289 3532 5356 vestitum,

1953 5381 2136 5436 dicens
2159 5398 2174 5434 :
2203 5379 2284 5434 Ne
2302 5380 2504 5434 solliciti
2524 5382 2632 5435 sitis
2653 5381 2836 5434 anima:
2853 5389 3026 5435 mli-re
3052 5383 3175 5452 quid
3201 5384 3533 5448 manducetis,

1953 5491 2111 5546 neque
2129 5473 2327 5542 corpori
2356 5481 2514 5524 vestro
2538 5473 2660 5545 quid
2687 5472 2971 5526 induamini
2993 5472 3013 5544 (
3032 5472 3221 5529 Matth.
3245 5491 3316 5540 Vl,
3353 5477 3378 5531 l
3400 5519 3414 5541 ,
3447 5477 3534 5543 19,

1954 5565 2046 5630 24,
2075 5565 2191 5636 25).
2221 5564 2288 5619 Ει
2311 5579 2429 5617 cum
2451 5562 2567 5618 haac
2588 5564 2764 5618 omnia
2781 5566 3094 5635 monuisset,
3117 5568 3238 5638 quia
3260 5584 3538 5638 possumus

1957 5656 2216 5726 suspicari
2260 5668 2354 5709 eos
2391 5667 2526 5722 quos
2562 5654 2707 5724 juste
2730 5655 2906 5710 vivere
2931 5657 3191 5725 videmus,
3221 5669 3276 5715 et
3301 5676 3404 5730 quo
3437 5661 3539 5714 line

1955 5748 2151 5805 faciant
2171 5759 2276 5800 non
2304 5743 2565 5810 videmus,
2588 5753 2802 5815 propter
2824 5745 3020 5818 aliquid
3051 5750 3351 5820 hujusmodi
3375 5750 3556 5828 bene-3
3617 5793 3632 5828 ξ

2027 5863 2045 5895 ³
2066 5862 2140 5910 ste
2161 5865 2268 5909 Mss.
2289 5857 2429 5921 juxta
2442 5862 2592 5911 Grec.
2610 5865 2741 5912 LXX.
2765 5867 2823 5914 At
2843 5862 2977 5927 Edd.,
2991 5863 3044 5916 in
3066 5864 3234 5918 timore
3254 5871 3352 5916 tuo.
