4090 6472
430 370 565 429 1ὒ55

424 487 635 549 facere;
664 483 915 539 continuo
941 479 1167 553 subjecit
1197 495 1210 533 :
1246 475 1417 533 Nolite
1441 476 1696 548 judicare,
1720 490 1783 527 ne
1800 472 2005 543 judice-

425 578 548 631 mini
578 575 704 644 (Id.
735 592 826 642 vn,
861 576 884 629 1
913 575 950 642 ).
983 556 1215 629 υιιάεει
1242 569 1329 623 hic
1353 583 1474 623 cum
1500 566 1748 630 dixisset,
1787 564 2007 632 Amputa

428 668 754 739 approbrium
783 682 945 719 meum
970 665 1101 735 qaod
1130 661 1410 732 suspicatus
1426 666 1547 713 ‘sum
1564 674 1583 723 ,'
1628 654 1858 718 addidit,
1889 653 2006 721 quia

418 762 615 834 judicia
654 768 741 814 tua
777 759 985 823 suavia,
1029 756 1079 811 id
1123 764 1223 818 est,
1251 752 1446 823 judicia
1473 759 1560 805 tua
1589 764 1730 804 vera.
1755 745 2005 801 Veritatis

424 854 564 908 enim
593 860 799 906 amator
826 865 989 905 suave
1022 847 1214 903 clamat
1241 860 1360 901 esse
1385 843 1527 916 quod
1552 857 1736 897 verum
1762 849 1865 895 est.
1894 839 2004 894 Ho-

424 943 626 999 minum
651 940 825 997 autem
852 939 1047 1011 judicia
1077 939 1144 993 de
1173 936 1395 991 occultis
1421 933 1721 997 hominum,
1752 948 1857 985 non
1885 945 2006 983 sua-

352 1074 375 1111 ;
423 1035 523 1097 via,
553 1034 674 1103 quia
703 1031 1003 1088 temeraria.
1052 1029 1119 1083 Et
1152 1027 1271 1082 ideo
1310 1040 1464 1081 suum
1500 1024 1634 1078 dixit
1662 1021 2003 1092 opprobrium
2047 1095 2061 1115 ἱ

424 1125 564 1194 quod
585 1124 651 1179 de
676 1124 798 1179 aliis
825 1132 908 1178 est
935 1122 1259 1191 suspicatus;
1289 1119 1409 1189 quia
1435 1122 1487 1172 et
1518 1117 1619 1171 hoc
1646 1114 1786 1185 quod
1808 1115 1827 1145 ί
1856 1116 2001 1181 Apo-

423 1216 590 1270 stolus
634 1217 728 1281 ait,
756 1214 1115 1285 Comparantes
1134 1212 1425 1277 semetipsos
1454 1209 1771 1279 sibimetipsis
1793 1206 1858 1277 (ll
1882 1205 1999 1261 Cor.

423 1320 477 1371 x,
512 1306 645 1376 12),
690 1322 792 1361 non
834 1305 1132 1375 intelligunt
1164 1322 1176 1358 :
1208 1303 1311 1358 hoc
1336 1302 1475 1358 enim
1514 1301 1800 1371 proclivius
1842 1299 2004 1353 homo

424 1398 724 1467 suspicatur
755 1397 807 1452 in
837 1397 962 1464 alio,
992 1396 1131 1467 quod
1162 1396 1323 1450 sentit
1352 1395 1402 1449 in
1433 1395 1629 1463 seipso.
1678 1393 1789 1447 Hoc
1828 1393 2004 1461 itaque

423 1490 762 1559 opprobrium
790 1504 942 1544 suum
977 1489 1187 1559 petebat
1212 1488 1427 1551 auferri,
1460 1485 1601 1557 quod
1638 1485 1689 1539 in
1728 1498 1787 1539 sc
1823 1498 2004 1537 sense-

424 1592 525 1648 rat,
553 1590 606 1635 et
632 1582 683 1636 in
709 1581 825 1636 aliis
857 1584 1027 1637 fuerat
1056 1581 1383 1649 suiSpicatus;
1417 1587 1473 1633 ut
1494 1592 1598 1632 non
1627 1583 1770 1632 esset
1793 1573 2002 1630 diabolo

422 1674 626 1738 similis,
656 1678 743 1744 qui
767 1674 832 1727 de
853 1674 1074 1729 occultis
1099 1672 1266 1727 sancti
1303 1671 1402 1725 Job
1430 1670 1726 1740 suspicatus
1756 1674 1841 1722 est
1862 1665 2002 1736 quod

421 1779 527 1817 non
553 1764 713 1832 gratis
746 1765 909 1819 Deum
946 1764 1162 1829 coleret,
1192 1778 1347 1832 quem
1390 1760 1631 1833 poposcit
1658 1757 1998 1833 tentandum,

422 1863 481 1908 ut
509 1856 711 1911 crimen
737 1856 877 1927 quod
899 1856 1155 1923 objiceret
1182 1855 1443 1909 inveniret
1469 1852 1590 1923 (Job
1615 1869 1652 1915 ι,
1684 1850 1857 1921 9-11).

493 1949 544 2003 5.
580 1947 726 2021 [vers.
754 1948 867 2020 40.]
897 1949 1000 2005 Sed
1026 1964 1144 2003 cum
1176 1948 1401 2002 libenter
1421 1947 1636 2001 alterius
1657 1944 2001 2015 opprobrium

420 2040 631 2097 nonnisi
674 2043 938 2096 aemulatio
979 2042 1292 2111 suSpieetur,
1337 2042 1461 2096 dum
1502 2041 1698 2095 bonum
1746 2054 1880 2109 Opus
1919 2054 2004 2094 re-

423 2132 677 2203 prehendi
706 2148 808 2185 non
836 2140 1029 2203 potest,
1065 2134 1187 2203 quia
1222 2147 1281 2188 se
1308 2133 1540 2187 asserit”
1578 2131 1720 2203 quod
1757 2140 1999 2201 apertum

420 2235 534 2288 est;
572 2234 623 2280 et
653 2241 755 2294 quo
785 2226 887 2279 line
909 2226 998 2279 liat
1026 2224 1450 2295 reprehenditur,
1477 2226 1601 2295 quia
1623 2241 1726 2279 non
1756 2240 1814 2279 se
1842 2239 2003 2278 exse—

421 2316 649 2385 ritquod
672 2316 936 2371 occultum
961 2324 1075 2381 est;
1118 2325 1275 2387 atque
1317 2316 1389 2372 ita
1428 2316 1563 2371 male
1600 2315 1855 2385 suspicari
1878 2330 2001 2369 eum

419 2408 550 2463 libet
576 2410 660 2463 cui
689 2409 833 2473 libet,
866 2424 975 2464 non
1003 2408 1232 2464 videndo
1258 2409 1397 2480 quod
1438 2408 1585 2473 latet,
1629 2415 1683 2462 et
1717 2408 2000 2462 invidendo

418 2500 557 2570 quod
585 2501 783 2556 eminet
807 2501 826 2531 ³
853 2519 865 2555 :
898 2502 1134 2571 proiecto
1155 2508 1338 2555 contra
1368 2500 1467 2554 hoc
1491 2499 1709 2565 malum,
1733 2514 1838 2569 quo
1863 2500 2000 2568 quis-

417 2607 519 2663 que
560 2593 786 2648 libenter
824 2593 890 2649 de
928 2593 1144 2648 homine
1188 2593 1383 2647 malum
1428 2592 1566 2661 quod
1606 2607 1709 2645 non
1751 2591 2001 2661 perspicit

416 2684 732 2753 suspicatur,
761 2684 989 2739 charitas
1020 2684 1261 2739 habenda
1300 2693 1401 2749 est,
1432 2699 1549 2753 quae
1578 2698 1681 2736 non
1722 2683 2000 2735 aemulatur

417 2775 456 2847 (l
488 2776 604 2829 (ἔον.
636 2793 749 2841 xnt,
771 2777 858 2846 4);
888 2793 1044 2846 quam
1076 2776 1328 2831 Dominus
1350 2777 1615 2845 praecipue
1635 2774 1994 2839 commendat,

417 2866 601 2922 dicens
621 2909 636 2933 ,
678 2867 977 2921 Mandatum
1002 2884 1185 2921 novum
1209 2867 1274 2920 do
1304 2868 1456 2930 vobis,
1487 2874 1540 2919 ut
1564 2882 1650 2919 vos
1678 2866 1886 2919 invicem
1915 2865 1996 2917 di-

416 2960 583 3030 ligatis
602 2978 619 3024 ;
638 2960 717 3023 et,
750 2960 815 3013 In
839 2961 930 3013 hoc
954 2962 1107 3014 scient
1132 2976 1301 3013 omnes
1326 2960 1443 3027 quia
1471 2958 1710 3029 discipuli
1735 2959 1829 3010 mei
1857 2957 1994 3022 estis,

415 3052 460 3104 si
480 3052 789 3104 dilectionem
817 3051 1084 3105 habueritis
1109 3052 1159 3103 in
1186 3051 1393 3103 invicem
1417 3048 1593 3117 (Joan.
1620 3064 1732 3112 xm,
1757 3050 1847 3113 54,
1868 3048 1958 3118 55)
1981 3066 1993 3102 :

416 3151 470 3197 et
511 3143 577 3197 de
618 3142 899 3196 dilectione
946 3142 1038 3196 Dei
1066 3150 1118 3195 et
1151 3141 1372 3210 proximi
1414 3142 1665 3211 loquens,
1700 3138 1763 3193 In
1794 3141 1890 3205 his,
1918 3142 2000 3193 in-

414 3234 560 3304 quit,
594 3233 786 3287 duobus
822 3233 1073 3286 mandatis
1119 3242 1221 3287 tota
1259 3231 1366 3286 Lex
1414 3231 1592 3301 pendet
1632 3244 1678 3284 et
1728 3229 2000 3300 Propheta:

415 3326 628 3395 (Matth.
658 3342 785 3390 xxn,
808 3324 919 3396 40).
946 3324 1099 3380 Unde
1127 3332 1181 3379 et
1211 3325 1308 3378 iste
1335 3333 1518 3379 contra
1544 3338 1655 3378 suae
1680 3324 1997 3393 suSpicionis

414 3416 756 3487 opprobrium
805 3415 944 3485 quod
990 3414 1256 3469 desiderat
1297 3416 1577 3483 amputari,
1624 3414 1774 3479 Ecce,
1807 3415 1993 3484 inquit,

415 3508 678 3578 concupivi
740 3507 978 3560 mandata
1024 3517 1142 3569 tua;
1189 3507 1241 3559 in
1294 3515 1380 3558 tua
1414 3505 1617 3576 justitia
1659 3505 1854 3573 vivi/ica
1897 3521 1993 3557 me.

416 3600 555 3656 Ecce
594 3599 869 3668 concupivi
898 3614 961 3654 ex
994 3606 1102 3653 toto
1128 3597 1310 3660 corde,
1344 3613 1411 3651 ex
1437 3604 1542 3650 tota
1568 3597 1764 3659 anima,
1797 3612 1860 3649 ex
1889 3605 1994 3649 tota

415 3703 593 3749 mente
630 3692 849 3762 diligere
894 3703 974 3758 te,
1020 3700 1073 3746 et
1116 3690 1414 3761 proximum
1458 3690 1593 3743 sicut
1633 3703 1758 3741 me:
1792 3703 1897 3742 non
1943 3690 1994 3742 in

416 3802 554 3851 mea,
584 3785 676 3841 sed
705 3787 759 3839 in
790 3785 1087 3856 luajustitia
1112 3785 1305 3849 vivi/ica
1332 3798 1431 3848 me,
1469 3782 1570 3836 hoc
1606 3790 1705 3846 est,
1736 3783 1833 3835 ista
1864 3781 1993 3835 cha-

414 3877 566 3932 ritatc
593 3892 748 3947 quam
780 3876 1053 3944 concupivi
1077 3918 1091 3939 ,
1126 3874 1285 3943 imple
1330 3890 1435 3929 me.
1480 3873 1681 3942 Adjuva
1719 3883 1774 3927 nt
1808 3872 1993 3926 faciam

412 3970 552 4041 quod
578 3968 938 4033 commendas,
982 3968 1121 4022 dona
1169 3969 1280 4037 ipse
1318 3966 1459 4038 quod
1502 3967 1742 4021 mandas.
1796 3966 1863 4020 In
1906 3976 1995 4020 tua

416 4060 609 4124 iustitia
643 4060 839 4130 vivi/ica
865 4075 943 4113 me
973 4073 991 4111 :
1019 4058 1141 4128 quia
1170 4057 1221 4111 iu
1252 4073 1336 4112 me
1364 4056 1501 4111 unde
1527 4071 1767 4111 morerer
1793 4056 1949 4110 habiti
1975 4073 1989 4121 ;

414 4153 557 4206 unde
586 4161 763 4207 autem
792 4152 962 4205 vivam
990 4166 1094 4204 non
1124 4151 1335 4205 invenio
1358 4151 1456 4203 nisi
1489 4150 1540 4204 in
1574 4158 1643 4204 te.
1672 4149 1882 4205 Justitia
1905 4158 1992 4203 tua

412 4245 655 4300 Christus
688 4253 799 4306 est,
836 4262 855 4295 ι
876 4244 968 4313 qui
1003 4242 1171 4297 lactus
1206 4251 1289 4298 est
1322 4242 1475 4297 nobis
1512 4241 1767 4312 sapientia
1798 4255 1827 4294 a
1856 4240 1990 4307 Deo,

411 4350 468 4397 et
488 4340 711 4411 justitia,
735 4347 787 4392 et
812 4338 1177 4401 sanctiﬁcatio,
1210 4346 1263 4393 et
1288 4336 1610 4405 redemptio;
1643 4344 1719 4401 ut,
1742 4333 1995 4405 quemad-

413 4430 629 4485 modum
670 4429 924 4498 scriptum
971 4436 1072 4495 est,
1112 4427 1210 4495 Qui
1236 4428 1510 4497 gloriatur,
1536 4426 1586 4480 in
1622 4425 1847 4479 Domino
1874 4424 1992 4495 glo-

413 4523 580 4579 rietur
610 4540 627 4573 ι
666 4520 707 4593 (1
737 4518 853 4577 Cor.
883 4537 919 4585 ι,
948 4520 1037 4585 50,
1067 4519 1178 4590 51).
1221 4520 1284 4573 Et
1310 4520 1362 4574 in
1392 4518 1479 4572 illo
1506 4517 1718 4571 invenio
1746 4516 1992 4571 mandata

416 4622 501 4668 tua
529 4628 645 4681 qurc
671 4612 968 4682 concupivi,
1002 4621 1059 4666 ιιι
1099 4612 1147 4665 in
1192 4621 1277 4665 tua
1313 4609 1536 4679 justitia,
1561 4608 1663 4663 hoc
1693 4617 1773 4663 est
1801 4608 1851 4661 in
1877 4608 1988 4675 illo,

412 4703 645 4758 vivilices
673 4717 776 4757 me.
807 4702 922 4771 Ipse
950 4711 1031 4757 est
1055 4702 1193 4757 enim
1220 4701 1449 4756 Verbum
1481 4700 1645 4763 Deus;
1678 4708 1731 4753 et
1756 4697 1989 4753 Verbum

410 4808 537 4850 caro
550 4791 742 4849 factum
759 4803 857 4860 est,
879 4802 935 4847 ut
950 4791 1437 4861 essetetproximus
1449 4805 1599 4845 meus
1623 4788 1799 4861 (Joan.
1820 4806 1858 4855 ι,
1880 4784 1987 4861 ll).

1048 4900 1219 4941 SERIO
1242 4901 1350 4939 Xlll.

487 4982 539 5036 1.
586 4979 733 5052 [vers.
764 4978 875 5050 61.)
915 4978 1157 5033 Sermoni
1198 4977 1437 5046 pristino,
1481 4991 1640 5047 quem
1682 4975 1749 5030 de
1789 4974 1993 5045 psalmo

412 5073 503 5145 qui
545 5080 626 5129 est
661 5071 897 5127 omnium
930 5068 1348 5140 prolixissimus,
1390 5084 1559 5137 nuper
1599 5067 1897 5132 habuimus,
1926 5066 1994 5121 de

372 5170 377 5173 “
412 5163 592 5221 verbis
612 5164 727 5233 ejus
752 5178 871 5233 qua:
901 5153 1195 5231 sequuntur
1235 5160 1335 5213 iste
1378 5154 1674 5228 iungendus
1715 5166 1816 5212 est.
1869 5157 1994 5211 Hmc

412 5255 573 5311 verba
602 5263 724 5310 sunt
754 5272 766 5307 :
804 5253 868 5307 Et
894 5252 1059 5308 veniat
1082 5268 1234 5321 super
1264 5267 1341 5304 me
1367 5250 1708 5305 misericordia
1733 5259 1850 5316 tua,
1881 5249 1991 5303 Do-

413 5451 430 5502 ι
482 5391 498 5422 ί
524 5392 692 5499 Sicilia.
716 5389 861 5451 Lugd.
888 5396 1007 5438 Ven.
1038 5395 1091 5439 et
1119 5395 1231 5437 Lov.
1265 5393 1313 5436 In
1346 5393 1417 5447 8.,
1462 5386 1576 5451 quia
1618 5387 1707 5437 hoc
1733 5392 1779 5438 et
1803 5393 1993 5452 aposto-

434 5466 505 5502 us.
646 5489 657 5501 .

434 5466 505 5503 "8.
604 5460 657 5501 Μ.

476 5516 495 5544 ²
522 5520 586 5563 tta
611 5513 701 5566 hoc
719 5512 825 5562 loco
848 5521 946 5561 Am.
975 5520 1027 5561 et
1047 5520 1150 5561 Mss.
1178 5518 1230 5560 Αι
1252 5517 1325 5559 Er.
1354 5517 1405 5560 et
1422 5519 1553 5567 L0v.,
1577 5511 1774 5562 exserit.

482 5575 502 5607 ³
525 5576 597 5624 sic
618 5573 799 5637 aliquot
838 5581 943 5623 Mss.
962 5574 1217 5637 rAlii_vero,
1241 5572 1478 5637 suspicari
1491 5572 1621 5637 “licet
1645 5572 1867 5637 cuilibet,
1894 5582 1989 5624 etc.

416 5644 471 5687 At
494 5642 645 5699 Eraet
668 5633 799 5693 Lina,
838 5634 1082 5699 suspicari
1102 5648 1195 5699 non
1228 5633 1372 5699 debet
1400 5634 1609 5699 quilibet,
1656 5648 1753 5699 non
1790 5634 1993 5686 videndo

414 5698 542 5759 quod
576 5697 686 5769 latet
704 5732 718 5755 ,
752 5704 808 5769 et
827 5696 929 5747 non
951 5696 1207 5769 invidendo
1246 5696 1375 5769 quod
1405 5696 1603 5769 manu,
1627 5697 1757 5769 Apud
1803 5711 1901 5769 ῃιιι.
1942 5705 1993 5769 et

414 5758 585 5830 Omnes
626 5767 730 5810 Mss.
769 5761 951 5827 absque
977 5760 1237 5823 negatione
1264 5758 1469 5820 legitur,
1510 5764 1555 5808 et
1586 5758 1843 5811 invidendo
1865 5758 1991 5823 quod

415 5830 603 5875 eminet.

1661 360 1718 419 S.
1759 351 2123 415 AUGUSTI!“
2161 350 2463 412 EPISCOPI

3554 354 3696 414 I536

2115 472 2267 526 mine.
2317 470 2446 539 Quae
2480 471 2741 527 sententia
2775 472 3035 543 superiori
3064 472 3272 530 videtur
3307 487 3515 531 annexa
3543 492 3557 529 :
3586 491 3695 530 non

2114 563 2257 617 enim
2282 565 2374 629 ait,
2412 562 2589 617 Veniat
2618 580 2769 632 super
2797 580 2906 629 me;
2931 563 3023 619 sed
3051 564 3144 631 ait,
3172 564 3242 618 Et
3267 566 3453 620 veniat.
3482 565 3578 621 Est
3600 580 3698 621 au-

2115 662 2219 708 tem
2251 656 2337 709 illa
2362 656 2625 725 superior,
2655 656 2787 710 Ecce
2813 656 3077 727 concupivi
3104 657 3345 711 mandata
3372 666 3502 721 tua;
3526 658 3580 711 in
3606 666 3697 711 tua

2106 745 2313 816 justitia
2359 748 2555 817 viviﬁca
2593 764 2674 801 me
2701 762 2719 802 :
2746 746 2937 802 deinde
2977 748 3234 819 sequitur,
3263 748 3328 803 Et
3356 750 3519 804 veniat
3544 765 3697 818 super

2112 854 2190 893 me
2218 839 2559 893 misericordia
2596 848 2703 905 tua,
2733 837 2964 893 Domine.
3006 839 3141 908 Quid
3183 839 3271 897 hic
3307 855 3434 910 ergo
3481 841 3693 909 poscit,

2112 932 2211 985 nisi
2252 940 2308 986 ut
2347 932 2591 988 mandata
2627 949 2745 1004 qua:
2773 933 3096 1002 concupivit,
3124 948 3219 1003 per
3246 934 3364 1003 ejus
3387 934 3695 988 misericor-

2112 1023 2248 1077 diam
2279 1023 2502 1091 faciat‘,
2533 1026 2621 1095 qui
2651 1027 2959 1081 mandavit?
3003 1026 3240 1097 Exponit
3267 1028 3406 1082 enim
3438 1028 3692 1097 quodam-

2110 1115 2268 1169 modo
2300 1115 2425 1185 quid
2453 1116 2679 1181 dixerit,
2727 1116 2795 1170 In
2840 1126 2928 1171 tua
2963 1119 3161 1189 iustitia
3202 1119 3398 1187 viviﬁca
3427 1134 3545 1183 me;
3570 1133 3696 1173 cum

2109 1207 2398 1277 subjungit,
2420 1208 2483 1262 Et
2508 1211 2670 1263 veniat
2691 1226 2845 1280 super
2863 1227 2941 1265 me
2958 1211 3302 1265 misericordia
3325 1221 3430 1275 tua,
3457 1210 3694 1274 Domine,

2108 1302 2331 1355 salutare
2374 1311 2517 1356 tuum
2558 1304 2832 1357 secundum
2870 1304 3122 1376 eloquium
3160 1314 3299 1358 tuum
3329 1319 3347 1357 :
3377 1303 3476 1359 hoc
3499 1312 3584 1359 est
3610 1318 3697 1358 se-

2108 1392 2339 1447 cundum
2368 1394 2776 1463 promissionem
2811 1404 2975 1450 tuam.
3025 1396 3178 1451 Unde
3205 1411 3301 1450 nos
3329 1396 3440 1451 vult
3466 1399 3696 1467 Aposto-

2110 1484 2193 1539 lus
2239 1484 2375 1540 lilios
2424 1488 2790 1557 promissionis
2840 1489 3061 1559 intelligi
3103 1489 3290 1558 (Rom.
3334 1506 3418 1554 lx,
3460 1488 3564 1561 8);
3626 1505 3695 1545 ne

2109 1575 2427 1631 arbitremur
2489 1589 2727 1633 nostrum
2792 1594 2911 1634 esse
2978 1579 3121 1650 quod
3181 1595 3405 1645 sumus,
3460 1579 3555 1634 sed
3608 1590 3694 1635 to-

2110 1675 2220 1721 tum
2270 1668 2360 1722 Dei
2406 1670 2591 1740 gratia:
2630 1672 3000 1727 retribuamus.
3050 1670 3243 1725 Factus
3281 1681 3351 1726 est
3380 1672 3521 1727 enim
3552 1671 3696 1726 nobis

2107 1759 2350 1837 Christus
2375 1763 2622 1833 sapientia
2649 1779 2683 1817 a
2708 1763 2836 1828 Deo,
2860 1772 2906 1818 et
2923 1766 3155 1833 justitia,
3188 1773 3234 1819 et
3262 1765 3614 1832 sanctiﬁcatio,
3647 1775 3695 1819 et

2106 1856 2414 1923 redemptio;
2438 1865 2511 1922 ut,
2541 1857 2965 1928 quemadmodum
2991 1858 3232 1927 scriptum
3260 1867 3352 1922 est,
3381 1858 3481 1922 Qui
3503 1858 3697 1927 gloria-

2108 1954 2207 2010 tur,
2240 1947 2291 1999 in
2308 1944 2527 2001 Domino
2550 1946 2792 2018 glorietur
2810 1947 2851 2017 (Ι
2874 1947 2990 2001 Cor.
3017 1964 3055 2013 ι,
3082 1948 3151 2003 50
3171 1958 3217 2001 et
3241 1948 3353 2018 51).
3384 1948 3535 2016 Quod
3567 1963 3695 2019 ergo

2107 2037 2200 2101 ait,
2233 2036 2295 2090 In
2330 2047 2420 2091 tua
2436 2039 2640 2109 justitia
2670 2041 2864 2107 vivi/ica
2890 2057 2997 2104 me;
3029 2041 3079 2094 in
3106 2040 3319 2096 Christo
3349 2041 3527 2111 utique
3554 2040 3692 2095 vivi-

2108 2128 2253 2183 licari
2281 2130 2446 2199 cupit,
2475 2140 2529 2185 et
2568 2131 2680 2201 ipsa
2720 2139 2802 2185 est
2836 2132 3199 2187 misericordia
3239 2148 3397 2203 quam
3439 2148 3600 2203 super
3635 2149 3696 2189 sc

2107 2223 2278 2291 poscit
2303 2223 2503 2277 venire.
2557 2223 2674 2293 Ipse
2709 2223 2952 2280 Christus
2978 2233 3061 2279 est
3087 2212 3140 2279 εἰ
3168 2226 3389 2279 salutare
3420 2225 3545 2291 Dei;
3587 2242 3695 2293 quo

2105 2313 2271 2367 verbo
2309 2315 2553 2382 exposuit
2588 2330 2743 2385 quam
2777 2314 3197 2371 misericordiam
3224 2316 3425 2371 diceret
3467 2316 3553 2370 ubi
3597 2317 3690 2381 ait,

2106 2405 2174 2460 Et
2202 2407 2363 2461 veniat
2389 2424 2540 2477 super
2564 2425 2642 2461 me
2664 2408 3008 2462 misericordia
3047 2418 3155 2475 tua,
3199 2407 3434 2463 Domine.
3477 2409 3534 2464 Si
3563 2424 3694 2480 ergo

2104 2499 2393 2567 qumrimus
2432 2515 2550 2569 qua:
2590 2500 2659 2554 sit
2694 2500 2791 2554 ista
2830 2500 3215 2565 misericordia,
3247 2500 3524 2555 audiamus
3548 2500 3691 2570 quod

2104 2593 2343 2663 sequitur
2376 2611 2389 2646 :
2420 2592 2661 2648 Salutare
2688 2602 2827 2648 tuum
2850 2595 3125 2649 secundum
3145 2595 3394 2667 eloquium
3414 2606 3572 2649 tuum.
3605 2595 3691 2653 Ab

2104 2697 2170 2736 eo
2198 2683 2392 2752 quippe
2433 2683 2531 2739 hoc
2569 2685 2888 2753 promissum
2919 2695 3021 2752 est,
3054 2685 3142 2755 qui
3173 2692 3315 2739 vocat
3357 2702 3414 2739 ea
3451 2701 3566 2754 quea
3589 2702 3691 2739 non

2103 2785 2239 2838 sunt,
2265 2784 2503 2844 tanquam
2526 2778 2625 2831 sint
2649 2776 2821 2844 (Rom.
2855 2794 2926 2839 IV.
2958 2777 3072 2847 17).
3100 2777 3343 2833 Nondum
3370 2778 3510 2832 enim
3536 2789 3693 2834 erant

2104 2866 2295 2934 quibus
2314 2869 2740 2938 promitteretur,
2766 2884 2834 2923 ne
2862 2869 3143 2940 quisquam
3163 2869 3231 2924 de
3260 2870 3462 2924 meritis
3490 2869 3690 2940 gloria-

2104 2964 2270 3011 retur.
2317 2959 2377 3011 Ιιζι
2416 2960 2608 3028 quibus
2645 2960 2963 3027 promissum
2993 2968 3097 3024 est,
3128 2960 3287 3014 etiam
3314 2960 3411 3031 ipsi
3438 2960 3689 3030 promissi

2103 3058 2258 3115 sunt;
2288 3061 2346 3103 ut
2373 3059 2537 3104 totum
2559 3066 2753 3120 corpus
2780 3052 2978 3107 Christi
3002 3051 3163 3116 dicat,
3186 3052 3350 3123 gratia
3375 3051 3471 3106 Dei
3501 3069 3611 3106 sum
3632 3052 3690 3105 id

2102 3142 2237 3212 quod
2261 3159 2371 3195 sum
2397 3144 2438 3213 (l
2466 3142 2584 3197 Cor.
2614 3160 2700 3209 xv,
2729 3143 2839 3215 10).

2172 3233 2227 3286 2.
2275 3233 2421 3306 [vers.
2451 3232 2565 3306 42.]
2607 3234 2672 3287 Et
2696 3234 3026 3306 respondebo,
3054 3235 3243 3305 inquit,
3272 3236 3689 3306 exprobrantibus

2102 3328 2226 3380 mihi
2251 3328 2473 3383 verbum.
2510 3328 2718 3393 Utrum,
2747 3329 2947 3383 verbum
2976 3330 3426 3400 exprobrantibus;
3457 3347 3545 3397 an,
3572 3346 3687 3385 ver-

2102 3420 2216 3473 bum
2240 3422 2570 3491 respondebo,
2600 3422 2902 3492 ambiguum
2933 3432 3015 3478 est
3039 3440 3053 3477 :
3082 3423 3178 3478 sed
3202 3423 3475 3493 quodlibet
3499 3438 3687 3479 eorum

2100 3512 2368 3568 Christum
2396 3524 2549 3567 sonat
2570 3515 2610 3565 ³.
2640 3513 2818 3583 Ipsum
2844 3515 2987 3569 enim
3018 3513 3173 3570 nobis
3196 3514 3537 3584 exprobrant,
3566 3516 3683 3585 qui-

2102 3603 2200 3658 bus
2226 3604 2309 3659 est
2334 3605 2618 3660 crucifixus
2640 3606 2723 3659 vel
2749 3605 3079 3672 scandalum,
3108 3607 3189 3661 vel
3215 3607 3439 3663 stultitia
3460 3606 3481 3639 ³
3502 3606 3611 3679 (Id.
3641 3624 3683 3673 ι,

2098 3693 2195 3765 2'5)
2250 3711 2262 3747 :
2318 3695 2622 3764 ignorantes
2663 3696 2786 3766 quia
2830 3696 3061 3751 Verbum
3104 3711 3231 3752 caro
3274 3697 3469 3752 factum
3495 3706 3599 3763 est,
3629 3707 3688 3753 et

2103 3784 2358 3840 habitavit
2382 3785 2435 3839 in
2466 3786 2649 3852 nobis;
2676 3787 2817 3856 quod
2846 3786 3076 3844 Verbum
3106 3787 3159 3842 in
3188 3788 3447 3857 principio
3466 3798 3601 3853 erat,
3628 3800 3688 3845 et

2099 3878 2239 3947 apud
2280 3879 2446 3933 Deum
2472 3888 2608 3946 erat,
2637 3889 2691 3935 et
2723 3881 2859 3936 Deus
2898 3892 3013 3937 erat
3046 3882 3239 3953 (Joan.
3272 3899 3308 3949 ι,
3341 3884 3430 3949 14,
3455 3885 3546 3956 1).
3577 3884 3684 3940 Sed

2099 3972 2199 4026 etsi
2229 3988 2332 4025 non
2364 3973 2461 4042 ipsi
2489 3972 2721 4029 Verbum
2749 3975 3072 4044 exprobrent
3093 3975 3233 4045 quod
3262 3991 3356 4032 eos
3384 3977 3533 4041 latet,
3559 3978 3685 4047 quia

2098 4061 2347 4116 divinitas
2388 4063 2503 4132 ejus
2548 4063 2615 4117 ab
2660 4063 2739 4119 eis
2775 4079 2879 4118 non
2922 4066 3315 4136 cognoscitura
3348 4068 3539 4137 quibus
3566 4068 3686 4136 ejus

2100 4154 2379 4209 inlirmitas
2420 4155 2473 4209 in
2508 4170 2667 4211 cruce
2692 4158 3081 4222 contemnitur;
3112 4172 3211 4212 nos
3242 4168 3416 4214 tamen
3446 4158 3684 4215 Verbum

2099 4246 2537 4315 reapondeamus,
2562 4262 2662 4302 nec
2685 4247 3095 4317 exprobratione
3115 4256 3413 4305 terreamur
3440 4259 3532 4305 aut
3553 4266 3688 4306 con-

2098 4338 2400 4393 l’undamur.
2429 4339 2660 4395 Verbum
2691 4341 2833 4396 enim
2871 4342 2914 4395 si
2954 4343 3367 4411 cognovissent,
3411 4358 3684 4412 nunquam

2100 4431 2381 4485 Dominum
2410 4431 2594 4502 gloriae
2620 4426 3011 4489 crucifixissent
3043 4434 3086 4502 (l
3117 4435 3235 4490 Cor.
3266 4452 3324 4503 ιι,
3356 4436 3436 4504 8).
3467 4437 3558 4492 llle
3581 4452 3684 4492 au-

2099 4534 2205 4581 tem
2244 4525 2531 4596 respondet
2570 4525 2801 4581 Verbum
2843 4528 3306 4598 exprobrantibus,
3336 4546 3497 4599 super
3522 4547 3682 4601 quem

2098 4619 2241 4673 venit
2272 4619 2633 4675 misericordia
2666 4620 2786 4685 Dei;
2834 4620 2936 4677 hoc
2967 4633 3069 4688 est,
3098 4624 3270 4691 ipsum
3307 4625 3541 4679 salutare
3565 4626 3687 4693 ejus

2097 4710 2243 4766 venit
2264 4719 2319 4763 ut
2349 4718 2605 4781 protegat,
2629 4726 2736 4765 non
2768 4721 2825 4766 ut
2850 4722 3109 4768 conterat.
3156 4713 3288 4768 Nam
3325 4729 3485 4784 super
3514 4730 3683 4785 quos-

2097 4801 2219 4856 dam
2247 4803 2598 4857 contercndos
2620 4811 2875 4857 venturus
2894 4814 2995 4871 est,
3023 4804 3113 4875 qui
3142 4821 3279 4859 nunc
3307 4806 3358 4859 in
3388 4822 3532 4871 eum,
3554 4806 3683 4859 dum

2098 4904 2355 4964 Spernunt
2402 4895 2517 4964 ejus
2562 4895 2932 4961 humilitatem,
2978 4897 3295 4951 oll'endeudo
3338 4908 3679 4966 quassantur.

2097 4986 2185 5043 Sic
2212 4988 2352 5042 enim
2381 4987 2510 5042 dicit
2540 4988 2591 5042 in
2620 4987 2909 5058 Evangelio
2941 5007 2953 5044 :
2984 4988 3083 5055 Qui
3117 4989 3348 5043 ceciderit
3367 4990 3682 5060 ευριπ-ἰαρὶ-

2099 5079 2211 5133 dem
2238 5080 2406 5145 istum,
2439 5081 2885 5149 conquassabitur;
2911 5096 3063 5148 super
3091 5097 3238 5149 quem
3261 5096 3376 5134 vero
3403 5081 3639 5135 ceciderit
3664 5123 3681 5146 ,

2099 5182 2317 5227 conteret
2342 5190 2453 5226 eum
2480 5173 2497 5243 (
2523 5172 2647 5226 Luc.
2680 5189 2769 5239 xx,
2800 5171 2923 5244 18).
2971 5172 3071 5241 Qui
3118 5188 3250 5244 ergo
3296 5173 3450 5228 nubis
3489 5189 3673 5243 expro-

2100 5264 2289 5329 brant,
2333 5263 2636 5328 olTendunt,
2670 5273 2725 5319 et
2766 5264 2959 5319 cadunt
2996 5266 3051 5318 in
3088 5280 3229 5318 eum.
3276 5265 3383 5319 Nos
3409 5274 3586 5320 autem
3617 5282 3687 5321 ne

2099 5356 2450 5419 olfendamus,
2480 5364 2534 5409 et
2558 5357 2829 5421 cedamus,
2866 5357 3151 5426 opprobria
3178 5372 3361 5411 eorum
3390 5373 3459 5412 ne
3486 5358 3681 5413 timea-

2099 5466 2237 5516 mus,
2269 5451 2361 5505 sed
2391 5448 2809 5519 respondeamus
2836 5451 2914 5505 eis
2944 5451 3188 5505 verbum.
3241 5469 3259 5501 ι
3291 5450 3402 5505 Hoc
3441 5461 3524 5506 est
3557 5467 3684 5507 ver-

2100 5544 2224 5598 bum
2254 5543 2371 5597 lidei
2398 5542 2538 5611 quod
2566 5542 2935 5611 prmdicamus.
2980 5542 3111 5611 Quia
3132 5545 3177 5596 si
3200 5543 3518 5611 credideris,
3544 5564 3563 5596 ι
3598 5545 3682 5599 in-

2164 5638 2180 5667 ⁸
2206 5642 2321 5684 Octo
2344 5642 2466 5695 Mss,
2493 5632 2628 5696 ﬁant.

2164 5699 2185 5729 ³
2211 5706 2333 5754 MSS.,
2361 5703 2506 5746 sonet.

2129 5820 2138 5828 .
2166 5761 2186 5791 ³
2209 5760 2281 5807 sic
2298 5760 2633 5831 potiores‘atss.
2666 5764 2720 5806 At
2735 5757 3177 5831 adtines-probth
3193 5773 3224 5811 α
3244 5758 3415 5825 imbus
3430 5765 3501 5811 est
3520 5757 3681 5812 crud-

2102 5820 2251 5887 ﬁxus,
2278 5818 2351 5871 vel
2373 5818 2675 5879 scandtdum,
2698 5818 2771 5869 vel
2792 5818 3056 5872 stultitim.
