4070 6506
347 469 481 532 1357

345 587 476 658 quit,
513 603 532 635 ι
562 585 618 639 in
645 581 806 640 corde
832 589 924 635 tuo
953 579 1074 650 quia
1106 577 1360 636 Dominus
1392 584 1474 632 est
1514 575 1688 638 Jesus,
1718 583 1771 629 et
1797 588 1928 628 con-

346 679 518 732 fessus
556 674 726 730 fueris
760 673 813 728 in
853 687 948 728 ore
986 680 1077 727 tuo
1110 670 1233 742 quia
1264 669 1406 724 Deus
1427 669 1570 722 illum
1599 665 1870 721 suscitavit
1895 679 1927 718 a

347 767 604 832 mortuis;
647 764 824 819 salvus
863 763 987 816 eris.
1031 760 1204 816 Corde
1247 760 1388 815 enim
1425 757 1660 813 creditur
1684 755 1750 810 ad
1769 754 1929 825 justi-

351 861 497 927 tiam,
525 873 624 914 ore
645 867 825 913 autem
855 854 1122 912 confessio
1146 853 1203 909 iit
1232 854 1283 907 in
1310 852 1536 907 salutem
1568 848 1586 920 (
1610 849 1755 904 Rom.
1784 864 1837 914 x,
1867 847 1930 903 8-

349 955 413 1006 10
440 953 477 1021 ).
533 952 726 1005 Parum
767 957 851 1003 est
894 962 1022 1018 ergo
1052 946 1105 1000 in
1133 945 1294 1000 corde
1325 944 1520 998 habere
1560 941 1851 1004 Christum,
1877 947 1935 994 et

349 1043 489 1097 nolle
526 1041 772 1097 conﬁteri
806 1039 934 1095 dum
964 1038 1178 1092 timetur
1202 1034 1580 1106 opprobrium:
1615 1031 1707 1088 sed
1738 1045 1931 1101 expro-

349 1133 626 1188 brautibus
653 1131 1080 1204 respondendum
1112 1136 1195 1184 est
1223 1127 1463 1182 verbum.
1510 1124 1579 1181 Ut
1625 1134 1798 1178 autem
1834 1122 1936 1178 hoc

348 1238 612 1300 martyres
648 1236 897 1298 possent,
949 1223 1267 1295 promissum
1317 1230 1400 1276 est
1451 1221 1562 1284 eis,
1613 1229 1666 1274 et
1714 1219 1933 1285 dictum,

353 1319 474 1374 Non
516 1321 650 1374 enim
685 1336 772 1374 vos
807 1319 924 1374 estis
952 1318 1039 1388 qui
1067 1315 1362 1386 loquimini,
1391 1313 1477 1368 sed
1506 1312 1731 1383 Spiritus
1761 1310 1937 1366 Patris

351 1415 520 1482 vestri,
543 1415 627 1485 qui
653 1415 876 1484 loquitur
899 1413 953 1466 in
972 1410 1108 1465 vobis
1139 1409 1349 1483 (Matth.
1382 1425 1437 1473 Χ,
1463 1406 1578 1477 20).
1605 1405 1730 1461 Ideo
1756 1416 1811 1461 et
1837 1407 1937 1462 iste

351 1522 472 1561 cum
499 1505 738 1570 dixisset,
766 1503 1098 1574 Respondebo
1113 1499 1530 1572 exprobrantibus
1556 1499 1681 1552 milii
1705 1499 1937 1562 verbum;

351 1598 608 1652 continuo
654 1595 911 1665 sequitur,
967 1594 1220 1661 Quoniam
1260 1591 1457 1663 speravi
1494 1590 1548 1644 in
1594 1591 1752 1645 verbis
1793 1591 1938 1644 tuis:

351 1688 493 1758 quod
517 1696 603 1744 est
626 1688 828 1757 utique,
862 1687 913 1741 in
937 1685 1212 1755 promissis
1241 1684 1362 1739 tuis.

421 1778 474 1834 5.
518 1776 678 1850 [vers.
720 1774 844 1849 45.]
891 1774 998 1830 Sed
1037 1774 1288 1846 quoniam
1329 1772 1542 1845 plurimi
1584 1772 1825 1843 quamvis
1871 1769 1938 1826 ad

353 1867 526 1938 ipsum
571 1883 797 1939 corpus,
837 1867 986 1938 cujus
1028 1867 1142 1922 haec
1181 1865 1341 1920 verba
1382 1873 1538 1932 sunt,
1574 1865 1934 1934 pertinentes,

295 2005 298 2007 Α
352 1959 498 2028 gravi
539 1959 775 2029 pondere
813 1957 1200 2029 persecutionis
1243 1965 1462 2027 urgente
1511 1972 1616 2010 non
1660 1957 1941 2010 valuerunt

351 2051 617 2106 sustinere
645 2049 1126 2120 exprobrationem,
1149 2057 1204 2103 et
1230 2048 1501 2102 Christum
1527 2047 1822 2102 deliciendo
1847 2063 1940 2102 ne-

351 2153 641 2212 gaverunt;
667 2141 790 2197 ideo
813 2141 1071 2212 sequitur,
1099 2139 1168 2193 Et
1194 2156 1254 2194 ne
1277 2139 1480 2208 auferas
1505 2140 1566 2191 de
1590 2154 1677 2192 ore
1700 2155 1808 2192 meo
1831 2153 1940 2192 ver-

353 2235 466 2289 bum
490 2235 713 2291 veritatis
733 2251 887 2306 usque
908 2235 1074 2289 valde.
1100 2234 1175 2288 Ex
1197 2248 1291 2288 ore
1311 2248 1408 2287 suo
1432 2232 1626 2304 quippe
1646 2232 1793 2300 dicit,
1817 2233 1940 2302 quia

353 2328 527 2383 unitas
555 2329 795 2398 corporis
825 2309 1086 2398 loquitur,
1118 2326 1170 2380 in
1198 2328 1351 2395 cujus
1389 2325 1643 2380 membris
1677 2326 1835 2380 etiam
1866 2323 1940 2379 illi

349 2421 675 2489 deputantur
715 2421 804 2490 qui
847 2419 1156 2475 defecerunt
1193 2419 1260 2471 ad
1301 2418 1484 2473 horam
1533 2417 1805 2488 negando,
1845 2415 1940 2473 sed

349 2510 663 2584 paenitendo
693 2520 877 2581 postea
905 2510 1239 2577 revixerunt,
1263 2509 1347 2564 vel
1372 2509 1529 2563 etiam
1557 2509 1797 2580 martyrii
1829 2508 1942 2577 pal-

350 2620 490 2659 mam
521 2618 682 2674 quam
722 2603 1098 2674 perdiderant,
1140 2611 1383 2672 reparata
1418 2602 1754 2657 confessione
1795 2616 1942 2656 sum-

352 2703 593 2768 pserunt.
635 2695 750 2750 Non
793 2695 952 2767 igitur
989 2712 1148 2766 usque
1185 2695 1358 2761 valde,
1395 2694 1514 2763 vel,
1552 2694 1692 2750 sicut
1727 2694 1942 2766 quidam

349 2789 564 2846 codices
589 2787 815 2857 habent,
845 2804 949 2844 non
975 2805 1353 2860 usquequaque,
1384 2787 1486 2844 hoc
1515 2799 1596 2843 est
1629 2804 1736 2844 non
1766 2789 1940 2845 omni-

351 2881 534 2948 modo,
566 2897 635 2936 ex
657 2897 752 2936 ore
782 2881 946 2946 Petri,
981 2881 1031 2936 in
1058 2897 1164 2952 quo
1187 2891 1300 2937 erat
1329 2889 1482 2953 typus
1509 2881 1783 2948 Ecclesia,
1818 2897 1941 2937 ver-

350 2973 478 3029 bum
507 2972 750 3029 veritatis
785 2972 1018 3028 ablatum
1048 2981 1131 3029 est
1158 2989 1172 3026 :
1201 2974 1321 3042 quia
1347 2973 1444 3028 etsi
1474 2973 1541 3028 ad
1568 2974 1754 3028 horam
1783 2962 1943 3044 nega-

350 3067 426 3120 vit
453 3066 644 3121 timore
674 3065 948 3132 turbatus,
981 3073 1156 3120 tamen
1188 3065 1362 3120 ﬂendo
1391 3074 1472 3118 est
1512 3075 1786 3135 reparatus
1817 3064 1936 3136 (Id.

350 3172 500 3225 xxvi,
532 3157 718 3228 70-75)
745 3197 762 3224 ,
784 3164 838 3211 et
858 3156 1163 3211 confitendo
1193 3165 1274 3212 est
1300 3165 1484 3227 postea
1511 3165 1814 3210 coronatus.
1840 3156 1944 3210 To-

351 3256 460 3303 tum
501 3247 678 3318 itaque
712 3262 906 3317 corpus
934 3246 1133 3302 Christi
1165 3246 1430 3317 loquitur,
1462 3246 1512 3300 id
1543 3257 1624 3302 est
1644 3287 1659 3314 ,
1691 3246 1943 3302 Ecclesia:

350 3351 551 3398 sanctae
586 3341 945 3397 universitas:
978 3340 1031 3396 in
1066 3355 1172 3410 quo
1213 3347 1324 3395 toto
1361 3354 1588 3409 corpore
1625 3339 1737 3394 sive
1780 3341 1939 3410 quia,

337 3431 667 3503 negantibus
715 3431 989 3500 plurimis.
1031 3438 1406 3486 remanserunt
1443 3427 1612 3486 fortes
1645 3431 1732 3500 qui
1774 3445 1944 3498 usque

350 3522 416 3578 ad
441 3531 671 3578 mortem
701 3536 799 3593 pro
824 3520 1047 3576 veritate
1081 3528 1384 3586 certarent,
1415 3521 1528 3576 sive
1559 3521 1682 3591 quia
1709 3530 1761 3576 et
1783 3536 1850 3576 ex
1879 3519 1945 3576 iis

350 3616 440 3687 qui
467 3624 796 3687 negaverant
830 3614 984 3670 multi
1021 3613 1252 3684 reparati
1280 3621 1438 3681 sunt,
1470 3630 1574 3669 non
1601 3623 1682 3670 est
1709 3615 1942 3670 ablatum

351 3721 417 3762 ex
441 3707 560 3777 ejus
586 3722 681 3762 ore
705 3706 927 3762 verbum
956 3706 1189 3761 veritatis
1213 3723 1370 3777 usque
1392 3705 1557 3761 valde.
1589 3706 1739 3773 Quod
1765 3716 1941 3762 autem

352 3800 456 3866 ait,
485 3816 549 3853 ne
575 3799 810 3868 auferas,
840 3797 1239 3868 intelligendum
1277 3807 1360 3852 est
1380 3839 1394 3862 ,
1426 3814 1493 3851 ne
1531 3797 1724 3853 auferri
1763 3799 1940 3864 sinas;

353 3902 572 3964 propter
597 3892 740 3963 quod
769 3892 972 3948 orando
999 3892 1258 3956 dicimus,
1292 3890 1374 3944 Ne
1413 3907 1502 3946 nos
1537 3893 1725 3961 inferas
1752 3893 1805 3944 in
1832 3901 1942 3945 ten-

353 3989 590 4041 tationem
617 3984 734 4052 (1d.
766 4002 852 4051 vr,
886 3983 1005 4056 15).
1047 3985 1115 4040 Ει
1149 3985 1262 4054 ipse
1300 3984 1557 4038 Dominus
1589 3983 1655 4038 ad
1692 3983 1940 4051 Petrum,

352 4079 569 4152 Rogavi,
603 4080 793 4149 inquit,
825 4096 916 4150 pro
944 4089 1008 4144 te,
1041 4095 1101 4132 ne
1128 4078 1328 4146 deﬁciat
1357 4077 1483 4146 ﬁdes
1509 4087 1595 4131 tua
1626 4076 1775 4147 (Luc.
1813 4091 1940 4143 χχιι,

354 4171 442 4243 32)
466 4189 480 4236 ;
517 4172 619 4226 hoc
646 4179 749 4236 est,
781 4185 847 4225 ne
875 4170 1142 4224 auferatur
1168 4185 1232 4224 ex
1263 4183 1357 4223 ore
1386 4177 1475 4222 tuo
1504 4167 1723 4222 verbum
1754 4167 1947 4222 verita-

355 4267 417 4319 tis
442 4280 598 4335 usque
621 4263 786 4317 valde.
816 4262 1081 4332 Sequitur,
1117 4261 1247 4326 Quia
1275 4261 1327 4314 in
1355 4261 1565 4332 judiciis
1592 4261 1688 4313 tuis
1717 4259 1945 4329 speravi;

354 4354 455 4420 vel,
488 4355 627 4410 sicut
656 4353 724 4409 de
751 4368 927 4424 graeco
956 4352 1167 4422 quidam
1204 4351 1508 4420 diligentius
1537 4359 1940 4420 expresserunt,

353 4446 701 4516 supersperavi
719 4444 792 4515 (α)
823 4463 836 4500 :
863 4443 1001 4514 quod
1024 4443 1242 4498 verbum
1264 4441 1364 4498 etsi
1392 4441 1564 4495 minus
1586 4443 1775 4498 usitate
1799 4457 1946 4498 com-

355 4538 581 4608 positum
614 4545 714 4604 est,
742 4545 914 4589 tamen
943 4534 1123 4604 implet
1150 4531 1392 4588 veritatis
1420 4531 1827 4602 interpretautlse
1851 4549 1943 4589 ne-

355 4631 676 4686 cessitatem.
708 4628 973 4684 Attentius
1003 4642 1128 4697 ergo
1159 4625 1311 4680 nobis
1349 4624 1450 4679 loci
1487 4623 1644 4695 hujus
1672 4627 1943 4683 rimaudns

354 4733 434 4780 est
461 4739 686 4790 sensus,
719 4732 776 4778 ut
814 4721 1198 4792 intelligamus,
1232 4728 1485 4792 quantum
1516 4720 1658 4775 Deus
1698 4721 1940 4790 adjuvat,

355 4819 478 4888 quid
508 4819 608 4874 sibi
648 4819 806 4883 velit,
838 4815 906 4870 In
934 4817 1091 4871 verbis
1121 4815 1218 4870 tuis
1251 4814 1482 4884 speravi,
1512 4812 1577 4866 In
1607 4814 1818 4884 judiciis
1847 4815 1945 4868 tuis

354 4911 720 4982 supessperavi.
753 4907 1080 4980 Respondebo
1099 4948 1114 4972 ,
1148 4907 1348 4976 inquit,
1378 4905 1793 4975 exprobrantibus
1822 4903 1946 4959 mihi

356 5004 575 5069 verbum,
596 5002 835 5073 quoniam
859 5001 1054 5071 speravi
1073 4999 1124 5052 in
1151 4997 1308 5052 verbis
1329 4997 1464 5051 tuis:
1492 4997 1542 5051 id
1562 5005 1663 5062 est,
1691 4996 1940 5067 quoniam

356 5093 484 5150 mihi
510 5095 611 5150 hoc
637 5096 750 5164 ipse
779 5093 1084 5164 promisisti.
1112 5092 1178 5146 Et
1199 5108 1259 5145 ne
1283 5090 1484 5160 auferas
1509 5107 1570 5143 cx
1595 5107 1679 5144 ore
1699 5105 1806 5143 meo
1834 5105 1943 5143 ver-

357 5181 470 5240 bum
510 5187 730 5241 veritatis
769 5181 922 5255 usque
956 5185 1128 5249 valde,
1158 5181 1392 5253 quoniam
1426 5180 1479 5234 in
1496 5180 1707 5250 judiciis
1735 5180 1832 5234 tuis
1856 5197 1943 5234 su-

357 5277 642 5347 persperavi
672 5292 691 5331 .'
721 5276 773 5332 id
815 5287 928 5342 est,
957 5275 1204 5346 quoniam
1235 5271 1431 5342 judicia
1474 5279 1558 5325 tua
1580 5313 1594 5337 ,
1627 5271 1818 5339 quibus
1856 5287 1941 5326 inc

354 5368 579 5438 corripis
619 5378 674 5424 et
709 5366 976 5437 ﬂagellas,
1021 5381 1123 5420 non
1163 5365 1335 5418 solum
1382 5361 1512 5417 mihi
1556 5376 1657 5416 non
1693 5362 1942 5417 auferunt

356 5471 526 5528 spem,
553 5473 733 5516 verum
761 5466 953 5528 augent
977 5455 1135 5512 etiam
1163 5473 1175 5509 :
1202 5453 1446 5525 quoniam
1473 5467 1626 5522 quem
1649 5451 1816 5522 diligit
1838 5453 1940 5507 Do-
1993 5467 1995 5470 ‘

356 5550 530 5605 minus
564 5549 815 5620 corripit;
858 5548 1084 5618 ﬂagellat
1118 5557 1295 5602 autem
1330 5561 1541 5600 onmem
1583 5543 1744 5598 lilium
1781 5560 1937 5614 quem

354 5643 542 5714 recipit
572 5641 767 5715 (Hebr.
808 5658 911 5708 xu,
945 5641 1035 5711 6).
1070 5641 1208 5695 Ecce
1238 5639 1378 5694 enim
1418 5638 1586 5693 sancti
1623 5647 1677 5693 et
1715 5638 1938 5694 humiles

353 5736 512 5791 corde
540 5735 607 5791 de
638 5745 688 5790 te
717 5734 1105 5806 praesumendo,
1137 5733 1189 5787 in
1222 5731 1676 5802 persecutionihus
1704 5747 1808 5784 non
1839 5730 1935 5785 de-

351 5825 624 5895 fecerunt;
652 5842 780 5884 ecee
809 5827 972 5882 etiam
1004 5825 1095 5899 qui
1125 5825 1193 5882 de
1223 5837 1283 5880 se
1317 5822 1688 5896 praesumendo
1721 5822 1935 5879 defece-

413 5938 487 6005 (α)
506 5948 677 6004 (παι,
693 5939 921 6008 θρέψεως

1406 461 1798 519 ENARRA'I‘IO
1836 459 1902 516 IN
1938 456 2263 519 PSALMUM
2299 460 2531 518 CXVIII.

3481 466 3620 530 1538

2038 581 2192 639 runt,
2238 583 2290 628 et
2330 583 2506 630 tamen
2547 575 2614 631 ad
2652 575 2823 646 ipsum
2859 591 3054 650 corpus
3091 579 3488 652 pertinuerunt,
3520 585 3619 640 sibi

2037 663 2416 721 innotescendo
2445 667 2737 736 ﬂeverunt,
2769 678 2824 725 et
2856 679 2994 725 tuam
3026 673 3247 743 gratiam
3287 675 3503 730 solidius
3543 677 3622 731 in.

2037 765 2312 821 venerunt,
2346 759 2466 828 quia
2493 775 2642 816 suam
2668 762 2969 832 superbiam
3002 764 3364 834 perdiderunt.
3397 768 3535 838 Ergo
3561 785 3624 823 ne

2036 851 2242 917 auferas
2278 865 2340 902 ea:
2374 867 2460 905 ore
2487 869 2594 906 meo
2629 853 2830 908 verbum
2863 857 3083 912 veritatis
3110 874 3268 928 usque
3301 857 3476 927 valde,
3505 862 3625 930 quia

2037 937 2091 991 in
2110 939 2324 1009 judiciis
2355 941 2452 995 tuis
2474 948 2841 1014 supersperavi.

2110 1030 2164 1085 4.
2195 1028 2352 1102 [vers.
2381 1032 2508 1107 ιι]
2542 1032 2610 1088 Et
2649 1038 2927 1091 custodiant
2966 1040 3123 1110 legem
3147 1050 3284 1096 tuam
3307 1059 3500 1114 semper
3526 1060 3545 1099 :
3570 1043 3623 1099 id

2041 1130 2150 1188 est,
2189 1122 2232 1177 si
2275 1139 2379 1179 non
2417 1126 2698 1182 abstuleris
2725 1145 2787 1183 ex
2817 1144 2910 1184 ore
2939 1146 3060 1187 meo
3095 1135 3312 1189 verbum
3355 1137 3620 1204 veritatis,

2041 1213 2319 1268 custodiam
2347 1215 2505 1288 legem
2540 1227 2677 1271 tuum
2709 1236 2921 1292 semper.
2950 1220 3015 1276 In
3041 1226 3281 1279 siccatum
3305 1237 3350 1280 et
3379 1228 3431 1280 in
3459 1245 3619 1282 siccu-

2043 1308 2146 1361 lum
2175 1310 2345 1364 swculi
2369 1327 2388 1366 :
2414 1315 2646 1366 ostendit
2675 1314 2799 1383 quid
2826 1315 3050 1381 dixerit,
3081 1334 3292 1389 semper.
3327 1321 3625 1392 Aliquando

2042 1401 2238 1454 ctenim
2267 1418 2464 1470 semper
2493 1402 2818 1474 intelligitur,
2850 1405 3110 1474 Quamdiu
3148 1409 3234 1464 hic
3271 1411 3497 1479 vivitur;
3531 1414 3625 1469 sed

2043 1490 2146 1548 hoc
2173 1508 2278 1547 non
2306 1502 2404 1557 est,
2434 1494 2485 1547 in
2514 1493 2757 1550 swculum
2782 1498 2903 1551 etin
2926 1500 3168 1553 swculunt
3193 1504 3364 1556 swculi
3392 1520 3410 1557 :
3439 1505 3626 1560 melius

2042 1583 2236 1652 quippe
2266 1584 2335 1637 ita
2365 1583 2769 1655 interpretatum
2797 1597 2898 1656 est,
2928 1605 3104 1668 quam,
3136 1593 3271 1647 sicut
3295 1595 3506 1664 quidam
3535 1611 3628 1652 co-

2043 1673 2188 1728 dices
2232 1674 2462 1742 habent,
2487 1678 2542 1732 in
2577 1686 2818 1733 internum
2845 1690 2890 1733 et
2922 1683 2974 1734 in
3006 1683 3245 1738 arculum
3271 1688 3476 1754 swculi;
3503 1690 3627 1760 quia

2043 1780 2149 1819 non
2178 1775 2463 1835 potuerunt
2485 1767 2688 1836 dicere,
2716 1781 2769 1824 et
2799 1771 2848 1824 in
2875 1781 3133 1828 aeternum
3159 1778 3362 1831 mtcrni.
3392 1778 3501 1833 Lex
3528 1781 3629 1834 ita-

2043 1873 2146 1926 que
2175 1857 2271 1914 ista
2308 1859 2643 1930 intelligenda
2669 1871 2752 1916 est
2775 1863 2842 1918 de
2868 1879 2966 1932 qua
2996 1863 3124 1919 dicit
3154 1867 3436 1935 Apostolus
3455 1911 3470 1936 ,
3501 1869 3628 1924 Ple-

2044 1949 2220 2003 nitudo
2247 1951 2370 2020 legis
2394 1952 2615 2006 charitas
2639 1953 2813 2021 (Rom.
2848 1970 2964 2017 xm,
2993 1954 3106 2026 10).
3139 1957 3263 2013 Hinc
3287 1959 3426 2013 enim
3456 1975 3484 2012 a
3511 1977 3632 2016 sar.-

2044 2041 2142 2094 ctis
2165 2081 2179 2104 ,
2212 2056 2435 2111 quorum
2466 2058 2530 2096 ex
2567 2061 2660 2099 ore
2698 2061 2800 2098 non
2835 2045 3076 2102 aufertur
3101 2048 3320 2104 verbum
3359 2051 3630 2120 veritatis,

2047 2133 2146 2187 hoc
2185 2145 2294 2200 est,
2341 2134 2408 2188 ab
2449 2137 2561 2204 ipsa
2605 2136 2799 2191 Christi
2843 2138 3082 2194 Ecclesia
3125 2141 3481 2210 custodictur,
3525 2161 3632 2202 non

2045 2223 2215 2278 solum
2247 2225 2296 2279 in
2330 2225 2431 2281 hoc
2457 2229 2734 2297 sarculum,
2762 2229 2810 2282 id
2840 2239 2939 2295 est,
2968 2230 3142 2287 donec
3168 2234 3379 2290 finiatur
3404 2237 3505 2294 hoc
3534 2254 3634 2294 sa:-

2044 2317 2219 2371 culum
2240 2335 2255 2384 ;
2277 2317 2369 2372 sed
2389 2319 2548 2373 etiam
2571 2319 2622 2373 in
2647 2321 2891 2387 alterum,
2916 2324 3056 2391 quod
3079 2325 3375 2395 appellatur
3395 2331 3633 2385 siccatum

2043 2408 2238 2462 sa'culi.
2278 2408 2460 2480 Neque
2487 2411 2629 2466 enim
2666 2422 2928 2481 prmeepta
2957 2413 3088 2484 legis
3109 2456 3124 2480 ,
3155 2417 3292 2471 sicut
3327 2417 3412 2474 hic
3430 2460 3445 2485 ,
3473 2421 3633 2478 etiam

2047 2498 2118 2552 ibi
2144 2501 2412 2569 accepturi
2445 2516 2629 2556 sumus
2655 2519 2773 2571 qua:
2803 2505 3190 2572 custodiamus,
3219 2507 3313 2562 sed
3350 2509 3516 2579 ipsam
3551 2511 3632 2566 lc-

2045 2592 2160 2662 gis,
2190 2602 2244 2646 ut
2268 2594 2406 2661 dixi,
2443 2594 2828 2666 plenitudinem
2861 2597 2976 2652 sine
3013 2599 3123 2653 ullo
3157 2603 3407 2670 peccandi
3445 2605 3633 2661 timore

2045 2684 2374 2739 servabimus
2409 2704 2420 2736 :
2452 2687 2574 2754 quia
2604 2695 2656 2740 ct
2687 2688 2850 2741 Deum
2895 2689 3128 2757 plenius,
3159 2707 3280 2747 cum
3308 2693 3593 2750 viderimus
3614 2738 3631 2762 ,

2045 2775 2369 2839 amabimus,
2415 2784 2470 2830 ct
2506 2778 2838 2846 proximum,
2882 2780 3006 2850 quia
3051 2781 3189 2837 Deus
3227 2785 3329 2838 crit
3364 2787 3540 2841 omnia
3579 2789 3634 2846 in

2047 2867 2292 2922 omnibus
2313 2868 2364 2938 (Ι
2389 2867 2505 2923 Cor.
2532 2886 2620 2936 xv,
2649 2870 2774 2941 28);
2805 2887 2900 2927 nec
2921 2871 3068 2928 falsa:
3092 2875 3336 2946 cuiquam
3359 2878 3427 2934 de
3453 2882 3634 2950 prosi.

2045 2973 2135 3014 mo
2159 2960 2444 3030 suspicioni
2474 2963 2575 3016 erit
2600 2963 2747 3018 locus
2766 3007 2780 3029 ,
2812 2965 2898 3020 ubi
2932 2968 3105 3022 nullus
3131 2969 3220 3024 ulli
3247 2973 3350 3027 erit
3374 2975 3632 3031 occultus.

2666 3070 2838 3111 δειωο
2877 3073 2984 3110 XIV.

2045 3134 2052 3139 ’
2119 3145 2170 3198 I.
2196 3141 2345 3217 [vers.
2372 3145 2488 3217 45.]
2513 3146 2826 3216 Superiores
2848 3163 3034 3204 versus
3059 3153 3246 3219 prolixi
3270 3155 3457 3223 psalmi
3478 3157 3635 3228 hujus

2046 3237 2343 3292 orationem
2372 3238 2597 3304 habent;
2627 3239 2681 3293 hi
2702 3249 2878 3295 autem
2901 3242 2992 3311 qui
3015 3254 3323 3313 sequuntur,
3349 3248 3417 3305 de
3441 3250 3634 3319 quibus

2048 3345 2191 3384 nunc
2231 3330 2605 3399 disputandum
2647 3342 2758 3398 est,
2808 3335 3184 3391 narrationem.
3232 3337 3450 3396 Petebat
3491 3343 3632 3399 enim

2050 3423 2210 3478 homo
2236 3424 2328 3478 Dei
2354 3426 2594 3494 superius
2628 3424 2946 3496 adjutorium
2977 3430 3158 3498 gratia:
3189 3430 3312 3498 Dei,
3338 3447 3460 3487 cum
3486 3434 3635 3492 dice-

2048 3518 2156 3583 bat,
2188 3517 2252 3573 In
2281 3527 2368 3573 tua
2389 3520 2590 3592 justitiu
2621 3521 2818 3589 viviﬁci:
2850 3538 2963 3590 me;
2988 3533 3036 3578 et
3060 3527 3222 3578 veniat
3255 3543 3407 3599 super
3433 3545 3512 3584 me
3536 3531 3634 3586 mi-

2048 3613 2320 3666 sericordia
2355 3621 2476 3675 tua,
2515 3611 2730 3668 Domine
2757 3630 2775 3669 :
2798 3625 2852 3670 et
2879 3615 2979 3670 alia
3020 3617 3211 3672 similia
3249 3619 3336 3675 vel
3367 3637 3524 3693 supra
3551 3625 3636 3681 vel

2049 3704 2203 3758 infra.
2233 3703 2382 3760 Nunc
2410 3715 2586 3760 autem
2611 3706 2740 3762 dicit
2771 3725 2784 3761 :
2813 3707 2880 3762 Et
2914 3710 3229 3766 ambulabant
3256 3713 3309 3768 in
3335 3715 3633 3785 latitudine,

2049 3799 2284 3867 quoniam
2313 3801 2552 3853 mandata
2581 3807 2668 3854 tua
2696 3802 2958 3872 exquisivi.
2989 3801 3058 3855 Et
3084 3803 3319 3875 loquebar
3342 3807 3394 3861 in
3418 3812 3636 3864 testimo-
3672 3863 3676 3867 ,

2048 3889 2147 3942 niis
2183 3890 2280 3943 tuis
2317 3891 2370 3943 in
2409 3900 2677 3962 conspectu
2712 3908 2921 3961 regum,
2953 3902 3000 3946 et
3039 3910 3140 3948 non
3173 3897 3536 3964 confuntlebar.
3566 3899 3637 3954 Et

2050 3980 2327 4034 meditabar
2345 3982 2397 4035 in
2421 3983 2674 4036 mandatis
2701 3983 2817 4048 tuis,
2844 4000 2956 4052 quas
2979 3983 3153 4040 dilexi.
3182 3985 3250 4039 Et
3277 3988 3434 4042 levavi
3458 4006 3636 4048 manus

2047 4085 2185 4123 meas
2209 4071 2276 4124 ad
2304 4071 2542 4125 mandata
2569 4082 2676 4140 tua,
2702 4088 2812 4144 qua:
2837 4072 3028 4138 dilexi;
3055 4085 3102 4128 et
3125 4078 3389 4132 exercebar
3412 4081 3463 4134 in
3481 4081 3636 4154 justi-

2052 4162 2365 4228 ﬁcationibus
2392 4164 2512 4218 tuis.
2535 4162 2635 4219 Ubi
2662 4164 2928 4219 narrantis
2953 4165 3113 4220 verba
3141 4177 3282 4234 sunt,
3315 4184 3419 4226 non
3449 4181 3636 4241 peten-

2050 4253 2151 4318 tis;
2181 4255 2342 4320 velut,
2371 4256 2666 4326 impetratis
2685 4273 2801 4327 qua:
2827 4259 3104 4326 petiverat,
3127 4261 3442 4319 confiteatur
3465 4264 3635 4322 inDei

2050 4345 2292 4402 laudibus
2321 4349 2526 4418 qualem
2569 4349 2718 4404 illum
2757 4349 2953 4405 fecerat
2993 4352 3351 4410 misericordia
3391 4356 3634 4426 Domini,

2049 4456 2207 4515 quam
2239 4455 2400 4510 super
2427 4457 2488 4497 se
2522 4441 2704 4497 venire
2747 4453 3076 4512 poposcerat.
3119 4443 3302 4517 Neque
3337 4449 3480 4504 enim
3521 4450 3637 4508 hzec

2050 4535 2121 4591 ita
2159 4534 2520 4606 superioribus
2553 4533 2859 4604 conjunxit,
2891 4543 2946 4589 ut
2973 4535 3209 4602 diceret,
3240 4539 3306 4593 Et
3336 4555 3403 4596 ne
3427 4541 3636 4599 auferas

2048 4647 2116 4688 ex
2138 4645 2234 4687 ore
2257 4645 2378 4685 meo
2405 4629 2623 4684 verbum
2649 4629 2887 4684 veritatis
2914 4646 3079 4702 usque
3108 4633 3260 4690 valde
3280 4676 3295 4703 ,
3327 4637 3448 4706 quia
3473 4638 3528 4692 in
3551 4639 3637 4708 ju-

2049 4723 2201 4778 diciis
2245 4722 2349 4777 tuis
2391 4721 2794 4790 supersperavi,
2838 4718 2906 4775 Et
2947 4723 3241 4778 custodiam
3283 4727 3452 4796 legem
3492 4738 3635 4786 tuam

2049 4833 2281 4887 semper,
2311 4816 2363 4870 in
2390 4815 2641 4870 sacculum
2668 4823 2722 4870 et
2754 4813 2808 4868 in
2845 4816 3096 4870 sarculum
3125 4818 3324 4885 saeculi,
3354 4821 3421 4874 Et
3447 4822 3638 4877 ambu-

2049 4910 2169 4965 labo
2204 4909 2255 4962 in
2291 4907 2586 4973 latitudine,
2617 4907 2736 4977 quia
2763 4906 3011 4963 mandata
3041 4917 3127 4962 tua
3153 4908 3426 4976 exquisivi,
3459 4911 3527 4964 Et
3551 4912 3636 4967 lo-

2048 5016 2180 5071 quar
2205 5000 2258 5054 in
2293 4998 2609 5054 testimoniis
2639 4998 2742 5053 tuis
2775 4997 2826 5052 in
2867 5008 3154 5068 conspectu
3193 5014 3410 5069 regum,
3439 5010 3492 5056 et
3528 5018 3638 5061 non

2048 5093 2368 5158 confundar;
2396 5102 2452 5148 et
2477 5099 2667 5148 caetera
2700 5093 2803 5147 isto
2827 5092 3018 5159 modo;
3047 5092 3126 5146 sic
3149 5093 3288 5147 enim
3315 5093 3524 5150 videtur
3550 5114 3637 5153 sc-

2047 5185 2259 5257 quentia
2291 5183 2712 5254 prmcedentihus
2740 5184 2986 5241 debuisse
3014 5194 3334 5241 connectere
3365 5204 3377 5239 :
3407 5189 3501 5243 sed
3533 5192 3631 5260 ait,

2049 5279 2116 5334 Et
2141 5277 2458 5333 ambulabant
2478 5279 2532 5333 in
2556 5278 2840 5333 latitudine.
2865 5277 2964 5332 Ubi
2988 5277 3282 5348 copulativa
3304 5280 3630 5349 conjunctio,

2046 5371 2098 5426 id
2134 5380 2249 5438 est,
2289 5370 2382 5434 Et,
2411 5371 2552 5425 velut
2592 5371 2980 5438 inconsequens
3017 5368 3186 5437 posita
3229 5380 3336 5433 cst;
3370 5372 3492 5440 quia
3525 5388 3634 5431 non

2047 5464 2137 5527 ait,
2174 5463 2240 5517 Et
2265 5461 2566 5525 ambulabo,
2603 5458 2870 5530 quomodo
2898 5458 3127 5523 dicebat,
3159 5460 3225 5514 Et
3251 5464 3528 5518 custodiam
3556 5466 3632 5522 Ie-

2045 5571 2158 5623 gem
2187 5562 2325 5608 tuam
2353 5568 2566 5621 semper.
2599 5551 2704 5606 Aut
2731 5559 2876 5605 certe
2903 5549 2948 5604 si
2977 5551 3214 5620 optativa
3247 5555 3406 5610 modo
3432 5556 3633 5613 dictum

2045 5655 2155 5714 est,
2188 5645 2478 5703 Custodiam
2517 5643 2672 5714 legem
2711 5652 2884 5709 tuam;
2911 5658 3017 5698 non
3052 5643 3156 5708 ait,
3187 5645 3253 5699 Et
3285 5646 3549 5704 ambulem
3578 5649 3632 5704 in

2045 5738 2352 5803 latitudine,
2380 5735 2527 5803 quasi
2553 5744 2836 5804 utrumque
2863 5735 3160 5805 optaverit,
3192 5746 3245 5791 et
3282 5739 3582 5807 poposcerit
3613 5755 3627 5793 :

2041 5830 2139 5888 sed
2167 5836 2260 5896 ait,
2295 5829 2357 5882 Et
2383 5825 2702 5882 ambulabant
2727 5828 2781 5880 in
2809 5827 3094 5884 latitudine.
3124 5827 3223 5884 Ubi
3252 5830 3295 5882 si
3325 5829 3629 5898 conjunclio

2042 5924 2143 5982 ista
2171 5937 2280 5978 non
2311 5929 2486 5989 esset,
2518 5918 2615 5975 sed
2648 5935 2679 5975 a
2718 5921 3050 5991 superiorum
3090 5920 3418 5977 connexione
3461 5921 3628 5980 thera
