4070 6480
582 353 720 415 i539

576 472 862 530 inferretur
880 477 935 533 et
962 469 1131 526 soluta
1167 468 1460 533 sententia,
1485 465 1822 522 ‘Ambulabant
1848 469 1900 521 in
1937 470 2165 523 latitudi-

1850 352 1907 412 S.
1951 338 2314 414 AUGUSTINI
2341 350 2642 415 EPISCOPI

3676 376 3760 436 154

2345 381 2642 415 DI’IDLUI‘I
3354 384 3360 392 “

2345 471 2397 526 3.
2436 471 2584 544 [vers.
2612 469 2727 545 tu]
2765 469 2833 526 Et
2855 471 3109 545 loquebar,
3141 473 3327 548 inquit,
3351 476 3404 535 in
3416 440 3695 542 “testimoniis
3711 491 3793 545 nu

576 582 673 631 ne;
702 565 830 621 nihil
857 563 923 619 de
948 566 1200 619 inusitato
1229 563 1475 631 loquendi
1513 562 1669 616 modo
1698 563 1781 615 ltic
1808 562 2028 618 deberet
2057 580 2171 616 mo-
2267 561 2321 615 in
2350 574 2612 631 conspectu
2639 580 2838 635 regum,
2875 576 2921 620 et
2946 583 3047 621 non
3073 571 3408 638 confundebar
3428 589 3448 629 :
3470 584 3693 647 tanquam
3720 585 3791 639 ille

573 672 699 712 vere
729 658 977 712 lectorem
1000 698 1014 722 ,
1047 664 1096 709 nt
1127 655 1365 709 occultus
1400 667 1587 708 sensus
1612 654 1927 724 quaerendus
1955 653 2041 708 hic
2067 655 2164 708 ali-

2267 656 2354 723 qui
2388 658 2607 725 petierat
2635 666 2688 712 et
2714 668 3023 729 acceperat,
3057 671 3113 715 ut
3140 665 3475 733 responderet
3498 672 3791 740 exprobrari.

576 749 692 819 quis
719 756 1009 818 putaretur.
1049 745 1304 799 Nimirum
1333 760 1460 817 ergo
1488 744 1626 815 quod
1656 760 1757 799 non
1784 745 1914 799 dixit
1946 746 2163 815 intelligi
2266 746 2405 800 tibus
2430 747 2529 801 sibi
2562 749 2776 803 verbum
2799 792 2814 817 ,
2842 759 2895 804 et
2920 767 3023 804 non
3054 751 3348 810 auferretur
3369 772 3434 812 ex
3453 774 3543 814 ore
3564 761 3669 833 eius
3687 781 3790 820 νοτ-

571 837 767 902 voluit,
801 837 851 890 id
891 845 1001 898 est,
1034 835 1338 890 exauditum
1380 849 1437 889 se
1476 833 1676 900 fuisse;
1706 850 1768 889 ac
1804 836 1996 890 deinde
2034 836 2159 890 sub-

563 928 740 997 junxit
764 928 932 996 qualis
960 925 1127 980 factus
1151 926 1303 981 fuerit
1331 945 1344 980 :
1370 935 1617 996 tanquam
1647 927 1865 989 diceret,
1893 926 2017 981 Haec
2038 942 2158 982 cum

568 1032 796 1083 orarem,
824 1017 1082 1071 exaudisti
1118 1033 1221 1082 me,
1253 1016 1321 1081 Et
1352 1016 1670 1072 ambulabam
1699 1018 1751 1071 in
1781 1018 2077 1084 latitudine;
2104 1027 2158 1074 et

569 1117 761 1163 cattera
787 1122 904 1178 qum
936 1110 1037 1161 isto
1066 1108 1223 1163 modo
1248 1108 1385 1162 dicta
1415 1109 1704 1163 contexuit.

634 1198 687 1251 2.
720 1196 856 1265 Quid
886 1208 967 1252 est
994 1199 1168 1267 igitur,
1196 1198 1261 1251 Et
1291 1197 1608 1252 ambulabam
1632 1200 1684 1252 in
1713 1200 1998 1265 latitudine,
2030 1199 2152 1265 nisi,

563 1290 900 1343 ambulaham
943 1290 995 1342 in
1035 1290 1325 1356 charitate,
1353 1307 1469 1360 quae
1496 1290 1684 1345 diffusa
1716 1300 1797 1346 est
1828 1292 1876 1346 in
1907 1292 2155 1346 cordibus

562 1381 758 1435 nostris
804 1396 896 1450 per
942 1380 1196 1449 Spiritum
1248 1392 1489 1437 sanctum
1544 1384 1630 1451 qui
1679 1382 1830 1437 datus
1876 1393 1957 1438 est
2004 1384 2153 1440 nubis

570 1472 747 1542 (Rom.
778 1488 831 1537 v,
863 1473 958 1541 5)?
986 1472 1039 1526 In
1072 1472 1170 1526 hac
1202 1473 1475 1527 latitudine
1504 1473 1805 1527 ambulabat
1835 1475 1921 1528 ille
1948 1476 2034 1543 qui
2068 1476 2151 1529 di-

560 1555 734 1620 cebat,
758 1553 827 1609 0s
852 1566 1075 1609 nostrum
1098 1566 1230 1626 patet
1254 1558 1321 1608 ad
1342 1573 1448 1621 vos,
1471 1574 1500 1610 ο
1522 1558 1796 1620 Corinthii;
1819 1574 1904 1610 cor
1928 1567 2149 1611 nostrum

561 1648 827 1701 dilatatam
849 1658 921 1701 est
944 1649 1011 1716 (ll
1036 1648 1152 1702 Cor.
1182 1665 1250 1713 γι,
1283 1650 1391 1719 il).
1420 1648 1542 1702 Haec
1567 1658 1742 1704 autem
1766 1650 1995 1704 cltaritas
2021 1650 2152 1704 duo-

557 1738 656 1794 bus
684 1742 787 1795 iliis
817 1742 1077 1795 mandatis
1106 1751 1209 1795 tota
1243 1751 1399 1810 atque
1430 1742 1628 1811 integra
1660 1743 1983 1806 continetur,
2012 1744 2149 1797 dile-

558 1832 735 1887 ctione
765 1833 968 1888 scilicet
1009 1833 1130 1898 Dei,
1161 1840 1214 1886 et
1251 1832 1536 1886 dilectione
1580 1832 1839 1901 proximi,
1875 1833 1926 1885 in
1959 1834 2149 1901 quibus

556 1931 667 1978 tota
700 1924 809 1977 Lex
836 1924 1027 1992 pendet
1051 1932 1102 1976 et
1136 1924 1412 1992 Prophetas
1440 1922 1650 1995 (Matth.
1679 1938 1817 1988 xxn,
1850 1924 1962 1991 40).
1996 1923 2148 1979 Unde

556 2021 613 2067 et
643 2013 726 2067 hic
755 2028 873 2067 cum
902 2014 1141 2079 dixisset,
1171 2011 1239 2065 Et
1268 2013 1588 2067 ambulabant
1616 2014 1668 2066 in
1694 2012 1957 2066 latitudine
1978 2030 1997 2077 ;
2026 2029 2151 2066 cau-

557 2119 670 2160 sam
701 2104 977 2174 subiunxit
1003 2112 1162 2174 atque
1193 2105 1295 2170 ait,
1327 2102 1459 2167 Quia
1498 2103 1738 2156 mandata
1772 2113 1858 2155 tua
1888 2104 2144 2172 exquisivi.

555 2195 809 2254 Nonnulli
859 2206 1033 2251 autem
1082 2196 1293 2251 codices
1340 2210 1443 2249 non
1495 2194 1691 2248 habent
1734 2194 2007 2259 mandata,
2048 2194 2147 2248 scd

554 2287 874 2351 testimonia;
918 2286 1011 2341 sed
1054 2286 1294 2339 mandata
1334 2286 1386 2339 in
1430 2285 1669 2355 pluribus
1718 2283 2052 2348 invenimus,
2095 2293 2149 2338 et

554 2379 789 2434 maxime
818 2380 1005 2449 graecis
1031 2395 1043 2431 :
1073 2379 1157 2433 cui
1185 2379 1375 2449 lingua:
1405 2386 1649 2447 tanquam
1678 2376 2019 2447 praecedenti,
2045 2393 2145 2431 nn-

554 2470 625 2528 de
653 2470 719 2525 ad
749 2484 846 2530 nos
873 2471 972 2525 ista
1000 2471 1251 2525 translata
1288 2478 1441 2533 sunt,
1475 2470 1641 2539 magis
1669 2468 1994 2523 credendum
2023 2483 2145 2523 esse

552 2564 672 2635 quis
710 2564 974 2634 ambigat?
1013 2563 1071 2619 Si
1111 2578 1238 2634 ergo
1280 2568 1419 2617 scire
1458 2562 1706 2616 volumus
1734 2561 1999 2631 quomodo
2029 2561 2145 2617 haec

546 2656 797 2712 mandata
839 2656 1137 2733 quaesierit,
1166 2656 1249 2710 vel
1284 2653 1569 2724 qumrenda
1598 2653 1738 2717 sint,
1770 2652 1896 2705 illud
1935 2654 2141 2708 intuea-

551 2762 674 2803 mur
698 2747 839 2818 quod
868 2748 998 2802 dicit
1033 2747 1285 2816 magister
1313 2746 1514 2809 bonus,
1545 2753 1600 2799 et
1628 2744 1834 2809 doctor,
1865 2754 1919 2799 et
1946 2745 2099 2799 dator
2127 2762 2140 2798 :

551 2836 746 2905 Petite,
778 2848 825 2892 et
861 2838 1148 2909 accipietis;
1174 2838 1410 2907 quaerite,
1442 2846 1487 2890 et
1516 2835 1808 2899 invenietis;
1838 2836 2062 2906 pulsate,
2096 2848 2145 2891 et

544 2931 801 3000 aperietur
837 2930 993 2984 vobis.
1033 2929 1099 2983 Et
1137 2928 1295 2998 paulo
1339 2936 1453 2997 post
1489 2943 1501 2979 :
1536 2926 1598 2981 Si
1634 2941 1752 2996 ergo
1789 2942 1910 2992 vos,
1939 2926 2139 2997 inquit,

549 3038 664 3075 cum
689 3022 797 3075 sitis
822 3022 962 3083 ntali,
986 3020 1144 3074 nostis
1166 3018 1295 3073 bona
1314 3018 1436 3071 data
1459 3017 1580 3070 dare
1600 3016 1720 3085 ﬁliis
1740 3017 1935 3080 vestris;
1955 3027 2142 3087 quanto

548 3117 709 3186 magis
731 3113 884 3169 Pater
908 3123 1065 3168 vester
1085 3114 1171 3184 qui
1196 3114 1247 3166 in
1272 3110 1409 3167 caelis
1433 3119 1524 3177 est,
1549 3110 1685 3165 dabit
1710 3110 1843 3163 bona
1864 3112 2141 3180 petentibus

548 3223 603 3260 se
631 3206 745 3276 (Id.
774 3222 865 3270 vn,
892 3206 943 3271 'l,
976 3205 1099 3276 ii)?
1126 3204 1224 3261 Ubi
1258 3203 1530 3259 evidenter
1564 3202 1795 3257 ostendit
1819 3202 1958 3272 quod
1982 3202 2137 3257 dixe-

546 3310 650 3365 rat,
682 3299 863 3365 Petite,
889 3299 1111 3369 qum-ite,
1142 3299 1359 3368 pulsate,
1390 3294 1598 3350 nonnisi
1627 3294 1694 3348 ad
1731 3294 2007 3364 poscendi,
2038 3295 2139 3349 hoc

542 3400 648 3453 est,
678 3390 863 3445 orandi
896 3390 1197 3445 instantiam
1227 3390 1514 3458 pertinere.
1543 3387 1694 3441 Alius
1728 3400 1888 3455 porro
1909 3401 2141 3456 evange-

547 3482 665 3541 lista
695 3498 799 3536 non
835 3481 928 3544 ait,
960 3480 1106 3533 Dabit
1133 3480 1261 3533 bona
1291 3478 1566 3548 petentibus
1590 3493 1661 3540 ss,
1688 3491 1807 3545 qua:
1837 3476 2139 3544 multiplici-

550 3583 631 3632 ter
669 3582 889 3643 possnnt
927 3572 1174 3641 intelligi,
1205 3572 1286 3625 vel
1322 3569 1613 3639 corporalia
1636 3610 1651 3633 ,
1683 3570 1765 3623 vel
1805 3569 2132 3639 spiritualia;

546 3664 641 3721 sed
667 3663 997 3718 circumcidit
1034 3662 1155 3715 inde
1182 3662 1280 3715 alia
1299 3703 1312 3726 ,
1342 3662 1575 3730 satisque
1603 3658 1885 3729 diligenter
1910 3675 2130 3729 expres-

547 3757 617 3813 sit
641 3757 767 3827 quid
800 3772 895 3810 nos
923 3755 1265 3809 vehementer
1294 3762 1451 3821 atque
1486 3753 1745 3806 instanter
1772 3753 1994 3807 voluerit
2031 3766 2130 3822 po-

545 3864 697 3903 scere
728 3848 979 3903 Dominus
1000 3889 1013 3911 ,
1047 3857 1099 3900 et
1124 3847 1200 3899 ait
1225 3862 1239 3898 ε
1270 3844 1470 3910 Quanto
1504 3844 1666 3914 magis
1704 3841 1860 3897 Pater
1889 3854 2046 3899 vester
2072 3845 2136 3898 de

538 3944 668 3999 mlo
690 3942 829 3996 dabit
860 3941 1107 4013 Spiritum
1134 3940 1317 3993 bonum
1343 3937 1621 4007 petentibus
1647 3954 1699 3991 se
1722 3935 1871 4007 (Luc.
1905 3954 1979 4001 XI,
2010 3936 2134 4008 1'5)?

546 4034 640 4089 ilic
671 4043 752 4088 est
786 4034 872 4088 ille
898 4033 1128 4103 Spiritus
1166 4046 1263 4101 per
1292 4044 1447 4099 quem
1479 4028 1790 4083 dillunditur
1816 4028 2047 4083 cbaritas
2078 4029 2131 4083 in

542 4128 795 4182 cordibus
831 4125 1061 4189 nostris,
1105 4133 1163 4177 ut
1207 4123 1370 4176 Deum
1418 4120 1824 4191 proximumque
1866 4118 2133 4190 diligendo

546 4220 721 4275 divina
755 4217 1000 4272 mandata
1037 4215 1310 4269 faciamus.
1341 4212 1437 4267 llic
1465 4220 1546 4267 est
1574 4211 1659 4266 ille
1692 4210 1919 4281 Spiritus
1947 4210 1998 4264 in
2025 4224 2133 4279 quo

544 4312 835 4367 clamamus
856 4352 871 4376 ,
907 4309 1077 4374 Abba,
1112 4305 1266 4359 Pater
1298 4305 1482 4376 (Rom.
1512 4318 1623 4369 vut,
1658 4299 1780 4372 15).
1809 4301 1886 4355 Ac
1912 4315 2006 4370 per
2031 4293 2131 4357 hoc

542 4403 656 4472 ipse
698 4416 793 4455 nos
833 4400 959 4454 facit
999 4407 1215 4468 petere,
1252 4409 1408 4464 quem
1445 4392 1810 4449 desideramus
1848 4391 2128 4460 accipere;

541 4496 654 4565 ipse
683 4509 779 4547 nos
805 4494 928 4546 facit
954 4505 1192 4559 quaerere
1213 4530 1228 4554 ,
1258 4502 1413 4557 quem
1444 4487 1687 4555 cupimus
1713 4485 1985 4549 invenire;
2014 4483 2129 4554 ipse

541 4603 641 4642 nos
682 4586 802 4641 facit
843 4585 1087 4655 pulsare,
1129 4581 1194 4635 ad
1229 4595 1387 4651 quem
1427 4579 1646 4633 nitimur
1686 4578 1983 4646 pervenire.
2015 4576 2128 4633 Hoc

538 4681 696 4737 docet
722 4678 1038 4749 Apostolus,
1069 4676 1305 4745 quicum
1333 4672 1475 4727 dicat
1508 4671 1558 4724 iu
1590 4669 1786 4741 Spiritu
1816 4678 2001 4724 sancto
2030 4684 2127 4726 nos

539 4775 805 4837 clamare,
842 4772 978 4824 Abba
999 4812 1011 4835 ,
1049 4767 1238 4834 Pater,-
1272 4780 1457 4821 rursus
1490 4765 1593 4819 alio
1628 4764 1745 4821 loco
1778 4762 1935 4829 dicit,
1978 4761 2126 4817 Dedit

536 4868 676 4924 Deus
712 4865 961 4937 Spiritum
1006 4861 1131 4916 Filii
1172 4864 1250 4915 sui
1288 4861 1341 4914 in
1379 4859 1535 4915 corda
1576 4866 1748 4914 nostra
1789 4855 2121 4925 clamantem,

536 4958 705 5027 Abba,
738 4956 894 5012 Pater
922 4953 1127 5030 (Galat.
1158 4970 1231 5020 tv,
1257 4953 1344 5020 6).
1373 4950 1650 5021 Quomodo
1674 4965 1772 5004 nos
1797 4950 2120 5017 clamamus,

534 5054 579 5109 si
608 5054 720 5124 ipse
748 5052 942 5107 clamat
980 5050 1029 5103 in
1062 5048 1216 5103 nobis
1235 5088 1249 5113 ,
1276 5045 1378 5099 nisi
1406 5044 1527 5114 quia
1566 5044 1798 5099 clamare
1833 5057 1931 5097 nos
1961 5040 2083 5097 fecit
2104 5083 2120 5108 ,

534 5146 659 5203 dum
698 5145 937 5199 habitare
971 5141 1134 5210 capit
1172 5140 1222 5193 in
1264 5136 1449 5192 nobis?
1477 5135 1650 5191 Etiam
1684 5134 1784 5190 hoc
1811 5133 1988 5202 itaque
2015 5133 2121 5202 agit

524 5245 801 5306 acceptus,
829 5243 891 5290 ut
916 5234 1113 5304 largius
1149 5228 1488 5301 accipiendus
1529 5226 1776 5297 petendo,
1809 5223 2117 5295 quaerendo,

526 5326 822 5399 pulsando,
852 5330 1119 5397 poscatur.
1152 5324 1277 5379 Sive
1306 5322 1446 5376 enim
1476 5328 1533 5373 ut
1568 5321 1674 5373 vita
1711 5319 1848 5374 bona
1885 5325 2116 5386 petatur,

531 5424 644 5475 sive
677 5428 734 5474 ut
760 5419 897 5473 bene
924 5416 1161 5480 vivatur;
1194 5422 1455 5484 quotquot
1488 5411 1685 5482 Spiritu
1724 5409 1817 5466 Dei
1860 5416 2117 5478 aguntur,

533 5509 587 5566 hi
621 5510 715 5563 lilii
744 5516 867 5563 sunt
901 5507 993 5562 Dei
1019 5508 1038 5575 (
1062 5504 1211 5559 Rom.
1242 5520 1335 5559 vnn
1356 5546 1370 5569 ,
1401 5503 1523 5574 ιι).
1550 5501 1722 5571 Ergo,
1750 5497 2116 5567 Ambulabam,

531 5600 737 5670 inquit,
764 5601 817 5653 in
853 5598 1150 5664 latitudine,
1182 5597 1417 5667 quoniam
1454 5595 1695 5653 mandata
1734 5604 1820 5653 tua
1854 5593 2116 5661 exquisivi.

532 5693 867 5764 Exquisierat
890 5699 944 5747 et
968 5692 1259 5756 invenerat,
1289 5689 1538 5760 quoniam
1574 5688 1799 5758 petierat
1822 5694 1876 5742 et
1900 5699 2119 5755 accepe-

530 5796 611 5843 rat
630 5784 887 5854 Spiritum
905 5782 1124 5851 bonum,
1145 5798 1250 5854 quo
1272 5782 1441 5837 factus
1459 5781 1633 5837 bonus
1649 5780 1787 5835 bene
1805 5774 2004 5837 faceret
2022 5775 2119 5831 bo-

529 5895 621 5951 na,
645 5895 710 5937 cx
731 5878 834 5935 ﬁde
852 5893 969 5951 quae
990 5891 1088 5950 per
1107 5875 1448 5932 dilectionem
1466 5881 1716 5945 operatur
1736 5869 1931 5933 (ωσι,
1955 5885 2009 5941 v,
2034 5868 2114 5941 6).

2260 837 2384 892 bum
2427 841 2680 895 veritatis.
2722 842 2901 911 Itaque
2929 858 3026 914 pro
3061 844 3146 898 illa
3180 862 3341 916 usque
3368 848 3430 902 ad
3460 861 3666 907 mortem
3690 870 3791 910 cer-

2260 938 2413 997 tans,
2462 945 2559 985 nec
2608 933 2658 985 in
2702 945 2989 1002 conspectu
3033 950 3216 1004 regum
3260 936 3657 997 eonfundebatur
3692 960 3790 1002 eam

2259 1021 2420 1091 loqui.
2453 1022 2774 1077 Testimonia
2804 1025 3015 1095 quippe,
3048 1026 3099 1079 in
3130 1025 3317 1096 quibus
3344 1027 3467 1083 dicit
3488 1032 3615 1100 quod
3640 1034 3793 1104 loque-

2258 1113 2413 1167 batur
2435 1156 2449 1179 ,
2489 1129 2659 1183 graece
2691 1117 2938 1187 martyria
2970 1129 3368 1187 nuncupantur;
3403 1135 3503 1191 quo
3526 1124 3673 1178 verbo
3692 1128 3784 1193 jam

2258 1206 2453 1260 utimur
2484 1223 2579 1276 pro
2607 1208 2788 1262 latino.
2828 1208 2978 1264 Unde
3005 1211 3201 1264 dictum
3231 1222 3312 1266 est
3335 1213 3487 1267 etiam
3514 1217 3791 1273 vocabulum

2255 1296 2543 1367 Martyrum
2569 1339 2584 1364 ,
2621 1300 2810 1369 quibus
2842 1300 3081 1368 praedixit
3107 1301 3261 1356 Jesus
3295 1304 3431 1372 quod
3456 1313 3508 1358 et
3531 1318 3643 1361 ante
3666 1323 3792 1379 reges

2256 1403 2376 1443 eum
2408 1387 2616 1444 fuerant
2640 1390 2934 1445 confessuri
2964 1392 3171 1461 (Matth.
3204 1410 3257 1457 ι,
3289 1394 3398 1465 18).

2325 1481 2378 1534 4.
2423 1479 2571 1552 [vers.
2599 1481 2688 1545 47,
2720 1480 2835 1554 48.]
2879 1482 2943 1535 Et
2969 1483 3265 1551 meditabar,
3300 1486 3478 1553 inquit,
3510 1488 3558 1542 iu
3576 1490 3792 1544 mandatis

2256 1574 2373 1639 tuis,
2402 1589 2514 1642 quae
2542 1574 2720 1639 dilexi,
2756 1585 2802 1628 et
2828 1577 2986 1631 levavi
3015 1593 3191 1631 manus
3215 1594 3351 1633 meas
3374 1579 3439 1632 ad
3463 1581 3681 1635 mandata
3700 1591 3790 1648 tua,

2252 1680 2365 1733 quae
2406 1666 2560 1718 dilexi
2590 1681 2608 1718 :
2635 1668 2781 1732 sive,
2823 1667 2963 1736 quod
3009 1668 3248 1723 minui
3294 1668 3497 1731 cu‘ces
3539 1670 3715 1727 habent
3749 1673 3792 1728 iu

2253 1766 2477 1826 utroque
2506 1772 2682 1820 versu,
2713 1757 2869 1813 dilexi
2892 1758 3058 1823 ualde,
3080 1767 3171 1811 aut
3194 1758 3367 1823 nimis,
3387 1768 3476 1815 aut
3491 1760 3793 1825 selteutsnler,

2251 1848 2386 1901 sicut
2422 1849 2753 1917 interpretari
2793 1850 2983 1917 placuit
3028 1850 3167 1918 quod
3202 1866 3375 1920 graece
3408 1852 3593 1907 dicitur
3624 1858 3789 1927 σμερα.

2251 1934 2490 1993 Mandata
2520 1956 2645 2011 ergo
2673 1942 2765 1996 Dei
2791 1942 2977 1996 dilexit
3008 1958 3102 2012 per
3127 1943 3229 1997 hoc
3254 1960 3349 2013 per
3367 1945 3505 2014 quod
3525 1947 3793 2001 ambulabat

2254 2030 2305 2084 in
2332 2031 2638 2097 latitudine;
2660 2048 2753 2101 per
2774 2033 3025 2102 Spiritum
3047 2035 3250 2089 scilicet
3271 2044 3504 2093 sanctum
3525 2077 3537 2099 ,
3558 2050 3793 2106 perquem

2249 2123 2462 2178 dilectio
2490 2127 2600 2194 ipsa
2627 2125 2958 2190 ditlunditur,
2989 2136 3043 2180 et
3067 2126 3252 2185 dilatat
3275 2127 3435 2183 corda
3466 2128 3697 2183 ﬁdelium.
3720 2129 3794 2185 Die

2249 2214 2377 2268 lexit
2404 2228 2578 2270 autem
2601 2258 2614 2282 ,
2650 2226 2703 2270 et
2728 2217 3010 2287 cogitando
3038 2226 3092 2272 et
3116 2220 3413 2287 operando.
3436 2218 3563 2274 Nam
3589 2220 3715 2289 quod
3739 2219 3793 2273 ad

2248 2309 2620 2379 cogitationem
2658 2311 2922 2378 pertinet,
2965 2310 3077 2376 ait,
3110 2309 3178 2364 Et
3202 2311 3479 2383 utadin
3503 2311 3553 2364 ia
3577 2311 3794 2365 standum

2248 2402 2346 2454 tuis
2378 2416 2397 2453 :
2423 2401 2563 2471 quod
2606 2410 2782 2457 autem
2825 2401 2893 2457 ad
2930 2403 3299 2472 operationem
3326 2444 3343 2473 ,
3373 2402 3441 2458 Et
3467 2405 3615 2459 laeui
3640 2420 3795 2459 atauus

2246 2511 2384 2549 meas
2403 2495 2470 2548 ad
2490 2496 2729 2548 mandata
2747 2506 2852 2549 tua.
2876 2495 3094 2566 Utrique
3115 2505 3292 2551 autem
3311 2498 3581 2553 sententia:
3595 2495 3792 2563 addidit,

2246 2601 2358 2655 qtae
2386 2586 2538 2639 dilexi
2565 2602 2584 2641 :
2607 2586 2726 2640 linis
2759 2588 2901 2641 enim
2940 2589 3188 2659 praecepti
3214 2598 3298 2643 est
3328 2588 3554 2651 ebaritas
3572 2587 3634 2642 de
3657 2587 3796 2642 corde

2243 2693 2379 2747 puro
2406 2677 2449 2750 (l
2478 2676 2611 2741 Tim,
2643 2694 2680 2744 ι,
2710 2679 2787 2749 5).
2816 2678 3040 2747 Quando
3069 2682 3171 2736 isto
3199 2680 3328 2747 fine,
3362 2681 3411 2735 id
3438 2690 3536 2746 est,
3560 2680 3709 2749 hujus
3731 2679 3795 2733 rei

2241 2770 2692 2839 contemplatione
2720 2769 2779 2825 lit
2809 2772 3112 2831 mandatum
3140 2772 3232 2826 Dei
3256 2814 3272 2839 ,
3311 2784 3435 2827 tunc
3462 2774 3515 2827 lit
3542 2787 3657 2827 vere
3679 2786 3796 2839 opus

2244 2861 2475 2928 bonum;
2505 2872 2559 2917 et
2601 2872 2726 2919 tunc
2756 2864 2994 2919 levantur
3019 2880 3208 2920 manus
3234 2907 3248 2931 ,
3281 2868 3405 2936 quia
3434 2878 3703 2936 supernum
3725 2871 3797 2919 est

2244 2970 2351 3026 quo
2392 2956 2649 3027 levantur.
2694 2958 2983 3030 Propterea
3019 2959 3087 3015 de
3123 2961 3234 3029 ipsa
3272 2960 3530 3015 charitsts
3550 2959 3797 3014 locuturus

2244 3052 2531 3119 Apostolus
2573 3053 2681 3119 ait,
2713 3052 3176 3124 Superemineutem
3214 3055 3349 3109 viam
3381 3054 3515 3109 vobis
3538 3056 3795 3108 demonstro

2240 3142 2286 3212 (Ι
2306 3142 2423 3197 Cor.
2450 3159 2525 3197 xu
2547 3185 2561 3209 ,
2588 3143 2676 3216 51)
2703 3162 2715 3198 :
2738 3154 2791 3200 et
2813 3146 2915 3200 alio
2939 3146 3080 3212 loco,
3104 3146 3437 3217 Cognoscere,
3466 3147 3644 3218 inquit,
3666 3148 3795 3200 etiam

2240 3235 2686 3303 supereminentem
2713 3237 2933 3291 scientia
2959 3238 3253 3292 cltaritatem
3276 3239 3463 3293 Christi
3489 3239 3690 3311 (Ep/tes.
3719 3254 3791 3302 ιιι.

2239 3324 2352 3397 i9).
2380 3325 2513 3380 Nam
2540 3327 2585 3381 si
2612 3327 2679 3382 de
2706 3344 2867 3398 opere
2898 3330 3265 3385 mandatorum
3294 3331 3391 3388 Dei
3421 3345 3621 3387 merces
3645 3340 3795 3386 terre-

2230 3426 2320 3472 ‘nze
2337 3417 2599 3474 felicitatis
2616 3420 2897 3490 expetitur,
2915 3421 3254 3492 deponuntur
3270 3440 3457 3481 manus
3475 3426 3641 3495 potius
3655 3438 3794 3494 qum

2239 3508 2483 3565 levantur
2506 3527 2521 3577 ;
2554 3512 2674 3581 quia
2707 3521 2915 3568 terrena
2940 3515 3296 3569 emolumenta
3318 3532 3436 3586 quas
3458 3532 3562 3571 non
3582 3530 3792 3582 summ,

2238 3598 2333 3658 sed
2362 3604 2608 3659 deorsum
2638 3616 2780 3673 sunt,
2814 3607 2903 3662 illo
2928 3622 3091 3678 opere
3114 3608 3480 3678 requiruntur.
3511 3610 3588 3667 Ad
3610 3618 3795 3667 utram-

2236 3709 2339 3764 que
2375 3704 2550 3750 autem
2591 3698 2822 3767 pertinet
2863 3699 3006 3768 quod
3046 3700 3321 3769 sequitur,
3364 3699 3434 3755 Et
3468 3699 3720 3756 medus
3748 3698 3795 3751 iu

2227 3786 2675 3858 justiﬁcationibus
2718 3790 2815 3844 tuis
2845 3806 2865 3845 :
2898 3790 3037 3860 quod
3071 3792 3248 3862 plures
3291 3793 3605 3863 interpretes
3638 3791 3796 3847 dicere

2236 3879 2562 3963 maluerunt,
2590 3896 2746 3950 quam
2775 3864 3012 3949 lwtabar,
3046 3891 3136 3937 aut
3162 3882 3465 3954 garriebam,
3495 3882 3631 3955 quod
3653 3879 3795 3951 aliqui

2235 3975 2564 4047 interpretati
2592 3986 2715 4032 sunt
2738 3993 2805 4034 ex
2830 3994 2893 4033 eo
2920 3978 3062 4049 quod
3085 3994 3291 4049 graecus
3333 3980 3494 4037 habet
3517 3984 3794 4046 ἠδολῦσχουν.

2237 4068 2529 4125 Exercetur
2570 4070 2763 4140 quippe
2802 4071 2854 4125 in
2889 4068 3353 4141 justiﬁeatiottibus
3397 4071 3490 4127 Dei
3531 4070 3712 4135 laxus,
3751 4074 3799 4121 et

2233 4160 2461 4232 quodam
2488 4162 2645 4216 modo
2670 4164 2932 4233 garrulus,
2959 4161 3047 4232 qui
3071 4161 3315 4218 mandata
3339 4163 3461 4232 eius
3483 4177 3599 4233 quae
3623 4158 3793 4231 diligit,

2232 4264 2286 4311 et
2309 4255 2575 4326 cogitandi
2604 4265 2657 4313 et
2683 4255 2936 4326 operandi
2965 4254 3316 4310 delectatione
3337 4252 3592 4311 custodit.

2879 4362 3048 4403 SBBIO
3072 4364 3159 4402 XV.

2303 4462 2354 4516 1.
2390 4459 2537 4535 [vers.
2569 4461 2683 4535 49.]
2710 4460 3136 4531 Consideremus,
3169 4468 3427 4531 quantum
3453 4460 3614 4517 donat
3635 4453 3795 4513 Domi-

2230 4569 2350 4623 nus,
2379 4563 2434 4609 et
2461 4564 2841 4627 pertractemus
2870 4553 2966 4609 hos
2997 4568 3182 4609 versus
3204 4554 3383 4625 magni
3407 4552 3593 4624 psalmi
3614 4550 3792 4620 hujus:

2232 4647 2484 4711 Memento
2511 4647 2643 4705 verbi
2671 4649 2743 4700 tui
2766 4663 2905 4701 servo
2934 4655 3019 4700 tuo
3040 4688 3055 4713 ,
3083 4647 3135 4700 in
3163 4663 3262 4718 quo
3292 4664 3431 4718 spem
3459 4645 3638 4700 dedisti
3660 4640 3789 4696 mihi.

2232 4738 2357 4794 litat:
2396 4757 2474 4794 me
2502 4739 2759 4794 consolata
2786 4748 2855 4793 est
2880 4739 2933 4793 in
2959 4738 3239 4792 humilitate
3262 4755 3373 4791 mea
3394 4781 3407 4804 ,
3436 4738 3668 4810 quoniam
3692 4750 3785 4788 uer-

2228 4830 2345 4886 bum
2381 4840 2520 4885 tuum
2558 4831 2823 4902 viviﬁcavit
2860 4846 2957 4884 me.
2997 4828 3265 4900 Numquid
3305 4829 3536 4894 oblivio,
3579 4826 3709 4881 sicut
3745 4822 3792 4875 in

2226 4926 2530 4989 hominem,
2562 4925 2702 4979 cadit
2728 4924 2781 4978 in
2813 4922 3016 4979 Deum?
3054 4922 3162 4977 Cur
3200 4936 3331 4993 ergo
3360 4922 3407 4975 ei
3439 4919 3664 4985 dicitur,
3693 4913 3792 4968 Me-

2226 5027 2393 5074 mento
2416 5019 2441 5073 ?
2466 5017 2715 5087 Quamvis
2738 5018 2789 5072 in
2811 5017 2927 5073 aliis
2953 5024 3148 5071 sanctae
3171 5015 3457 5086 Scripturte
3479 5014 3610 5068 locis
3634 5010 3790 5080 ipsum

2224 5116 2445 5183 verbum
2471 5114 2688 5175 omnino
2712 5123 2939 5184 ponatur
2961 5151 2976 5177 ,
3004 5119 3060 5164 ut
3088 5120 3202 5177 est,
3238 5109 3405 5175 Quare
3431 5109 3529 5161 mei
3554 5105 3729 5160 oblitus
3747 5116 3792 5154 es

2228 5208 2396 5281 (Psal.
2427 5224 2533 5274 xu,
2566 5205 2653 5287 lO)
2680 5225 2694 5273 ;
2720 5202 3118 5273 et,0blivisceris
3140 5202 3363 5272 inopiam
3387 5210 3607 5254 nostram
3631 5190 3790 5268 (Psal.

2222 5319 2373 5371 nui,
2396 5302 2485 5364 24)
2506 5318 2520 5365 ;
2544 5309 2598 5359 et
2618 5300 2732 5370 ipse
2755 5298 2893 5352 Deus
2914 5312 3007 5367 per
3022 5294 3361 5367 Propltetam,
3385 5292 3592 5358 Omnes,
3612 5286 3789 5357 inquit,

2227 5397 2512 5468 iniquitates
2542 5394 2649 5463 ejus
2676 5388 2938 5445 obliviscar
2967 5385 3195 5460 (Ezedt.
3226 5400 3386 5450 xvut,
3415 5382 3529 5454 22)
3558 5399 3573 5437 :
3600 5388 3652 5435 et
3677 5375 3788 5430 alibi

2224 5498 2385 5559 atque
2412 5484 2540 5543 alibi
2568 5483 2761 5553 saepius
2791 5482 2894 5549 hoc
2917 5481 3128 5552 legitur.
3156 5477 3260 5536 Sed
3287 5494 3391 5537 non
3417 5485 3475 5531 ut
3503 5471 3790 5529 hominibus

2221 5581 2320 5647 ista
2359 5579 2705 5659 contingunt,
2745 5575 2813 5629 ita
2860 5573 3218 5649 intelliguntur
3256 5571 3307 5624 in
3342 5570 3475 5629 Deo.
3503 5564 3634 5631 Nam
3663 5561 3790 5615 sicut

2221 5678 2387 5741 Deum
2406 5673 2663 5746 pmnitere
2681 5671 2894 5737 dicitur,
2912 5666 3124 5737 quando
3145 5674 3337 5741 praeter
3356 5661 3629 5716 hominum
3650 5668 3788 5725 spem

2219 5785 2308 5827 res
2331 5776 2521 5835 mutili.
2546 5764 2769 5833 consilio
2791 5777 2905 5835 non
2922 5766 3145 5825 mutato,
3173 5757 3293 5827 quia
3318 5751 3597 5827 consilium
3624 5747 3789 5804 Domi-

2220 5864 2274 5920 ni
2305 5867 2483 5917 manet
2518 5859 2573 5913 in
2607 5864 2863 5912 :eternum
2896 5850 3085 5924 (Psal.
3116 5862 3261 5903 xxxn
3286 5890 3302 5917 ,
3333 5848 3391 5903 il
3420 5848 3478 5916 );
3509 5845 3578 5897 ita
3607 5842 3789 5897 tli‘t‘ilut‘
