4090 6472
309 407 441 485 aut

306 525 570 594 obliuisci,
598 523 810 598 quando
836 526 1050 586 tardare
1081 528 1288 585 videtur
1314 531 1634 602 adiutorium
1662 531 1744 589 vel
1774 547 1892 602 pro-

307 622 553 688 missum,
585 621 808 684 velnon
837 622 1129 678 retribuere
1155 622 1311 693 digna
1348 611 1708 693 peccantibus,
1741 625 1825 680 vel
1849 627 1892 681 si

315 713 442 784 quid
471 713 778 784 hujusmodi
802 755 818 782 ,
848 723 1095 786 tanquam
1124 715 1237 786 ejus
1265 719 1533 772 memoria:
1563 717 1631 771 sit
1657 718 1890 796 elapsum

308 806 452 876 quod
493 815 738 878 speratur
779 808 890 863 sive
925 808 1172 876 timetur,
1203 818 1380 865 etnon
1409 811 1483 864 lit.
1516 811 1767 866 Dicuntur
1794 812 1892 866 ista

307 900 580 956 locutione
623 901 851 970 morali,
893 915 997 972 qua
1040 900 1302 956 humanus
1342 914 1587 957 movetur
1630 901 1887 968 allectus;

299 991 547 1062 quamvis
575 993 688 1047 haec
717 993 857 1048 Deus
885 993 1041 1048 faciat
1068 1003 1212 1048 certa
1238 994 1608 1064 dispositione,
1639 1011 1740 1049 non
1769 995 1892 1048 deli-

297 1085 476 1139 ciente
495 1085 775 1152 memoria,
793 1101 892 1141 nec
913 1085 1192 1141 obscurata
1211 1087 1574 1157 intelligentia,
1595 1103 1695 1144 nec
1717 1088 1891 1142 mlun-

298 1181 410 1230 tate
435 1185 660 1231 mutata.
691 1176 822 1232 Cum
852 1177 1029 1248 itaque
1057 1177 1250 1232 dicitur
1273 1178 1342 1245 ei,
1376 1178 1662 1246 Memento,
1691 1181 1890 1234 orantis
1922 1201 1925 1204 ·

295 1267 624 1324 desiderium
647 1311 663 1335 ,
707 1270 829 1340 quia
861 1270 1185 1340 promissum
1222 1270 1432 1341 poscit,
1476 1272 1805 1336 ostenditur,
1837 1283 1891 1327 et

298 1362 638 1428 extenditur;
668 1378 773 1418 non
803 1362 962 1428 Deus,
992 1363 1141 1434 quasi
1170 1363 1218 1418 ei
1247 1362 1314 1419 de
1336 1372 1514 1419 mente
1540 1363 1590 1418 id
1612 1364 1886 1431 exciderit,

300 1454 637 1511 admonetur.
671 1454 946 1524 Memento,
979 1456 1178 1526 inquit,
1207 1455 1343 1510 verbi
1368 1457 1442 1510 tui
1466 1470 1605 1511 servo
1634 1466 1718 1510 tuo
1747 1473 1764 1511 :
1788 1455 1890 1512 hoc

301 1557 411 1612 est,
447 1547 609 1618 imple
644 1550 964 1619 promissum
990 1561 1150 1605 servo
1179 1557 1285 1603 tuo.
1318 1546 1386 1602 In
1416 1565 1515 1620 quo
1545 1562 1682 1618 spem
1709 1549 1889 1604 dedisti

299 1640 424 1693 mihi
451 1654 471 1694 :
497 1641 596 1695 hoc
626 1647 725 1705 est,
757 1641 809 1694 in
837 1656 942 1711 quo
974 1639 1159 1707 verbo,
1189 1640 1438 1711 quoniam
1469 1638 1771 1709 promisisti,
1804 1655 1889 1694 me

300 1746 518 1804 sperare
553 1734 741 1790 fecisti.

371 1825 424 1879 2.
482 1823 632 1898 [vers.
675 1823 792 1900 50.]
840 1823 966 1880 Haec
1001 1841 1081 1880 me
1121 1827 1381 1882 consolata
1416 1834 1486 1881 est
1521 1829 1573 1880 in
1611 1827 1891 1882 humilitate

297 1933 432 1971 mea.
460 1916 584 1973 llaec
609 1917 812 1973 scilicet
828 1932 951 1989 spes
972 1933 1088 1988 quae
1109 1917 1229 1972 data
1251 1927 1332 1973 est
1351 1917 1660 1986 humilibus,
1681 1919 1890 1975 dicente

298 2005 571 2080 Scriptura
592 2051 606 2075 ,
643 2007 785 2064 Deus
808 2008 1034 2080 superbis
1060 2010 1278 2077 resistit,
1313 2011 1583 2065 humilibus
1609 2020 1773 2064 autem
1802 2011 1889 2064 dat

300 2102 517 2171 gratiam
543 2099 742 2172 (Jacobi
775 2115 848 2166 tv,
877 2100 944 2163 0;
978 2108 1022 2155 et
1048 2098 1069 2155 Ι
1097 2099 1242 2156 Petr.
1271 2117 1326 2169 v,
1355 2100 1435 2172 5).
1461 2098 1613 2157 Unde
1641 2117 1732 2156 ore
1762 2117 1887 2171 pro-

297 2192 420 2263 prio
447 2196 606 2247 etiam
639 2193 751 2262 ipse
777 2191 1036 2246 Dominus
1064 2192 1136 2246 ait
1165 2208 1179 2248 :
1211 2191 1463 2257 Quoniam
1489 2194 1572 2264 qui
1601 2209 1654 2247 se
1679 2193 1886 2260 exultat,

301 2282 650 2338 ltumiliabitur
665 2299 688 2352 ,°
717 2294 764 2338 et
792 2285 876 2356 qui
898 2300 954 2339 se
979 2282 1231 2347 humiliat,
1264 2282 1568 2338 exaltabitur
1597 2284 1746 2357 (an.
1780 2301 1885 2352 xtv,

301 2377 365 2432 ll
398 2394 413 2441 ;
443 2384 489 2430 et
516 2391 645 2431 xvut
671 2419 684 2443 ,
720 2376 788 2431 l4
808 2376 854 2449 ).
884 2376 1030 2431 lene
1066 2375 1151 2430 hic
1182 2376 1521 2447 intelligimus
1554 2379 1713 2433 etiam
1743 2378 1887 2434 illam

302 2467 683 2536 humilitatem,
715 2483 821 2523 non
847 2483 949 2540 qua
977 2483 1036 2524 se
1059 2469 1286 2540 quisque
1312 2467 1558 2524 humiliat
1581 2469 1888 2526 conﬁtendo

301 2573 543 2633 peccata,
567 2577 664 2618 nec
685 2562 785 2617 sibi
805 2561 1101 2632 arrogando
1116 2561 1408 2633 justitiam;
1430 2561 1521 2617 sed
1542 2577 1641 2632 qua
1664 2563 1890 2634 quisquc

303 2653 615 2715 humiliatur
651 2659 824 2729 aliqua
871 2657 1207 2714 tribulatione
1245 2657 1328 2712 vel
1359 2657 1656 2727 dejectione
1684 2699 1698 2722 ,
1730 2673 1889 2729 quam

303 2751 499 2807 meruit
538 2751 654 2821 ejus
685 2750 955 2824 superbia,
987 2760 1075 2804 aut
1105 2755 1386 2804 exercetur
1413 2748 1772 2819 probaturque
1801 2765 1893 2819 pa-

301 2843 486 2898 tientia
520 2847 695 2898 :unde
711 2842 866 2912 paulo
892 2850 1012 2911 post
1036 2840 1164 2894 dicit
1190 2839 1276 2894 hic
1303 2839 1560 2909 psalmus,
1580 2839 1891 2912 Priusquam

306 2939 626 3006 humiliarer,
654 2955 745 3010 ego
771 2937 979 3008 deliqui.
1009 2933 1074 2990 Et
1095 2933 1218 2988 illud
1241 2934 1294 2988 in
1323 2933 1456 2989 libro
1476 2933 1761 3004 Sapientize
1787 2953 1800 2989 :
1825 2933 1892 2989 In

305 3031 482 3087 dolore
519 3032 742 3098 sustine,
783 3040 829 3084 et
867 3031 921 3083 in
960 3028 1242 3082 humilitate
1282 3038 1366 3081 tua
1409 3028 1699 3098 patientiam
1730 3028 1892 3095 habe;

310 3125 553 3194 quoniam
582 3125 635 3178 in
661 3124 774 3194 igne
804 3122 1044 3193 probatur
1069 3136 1249 3173 aurum
1275 3129 1320 3173 et
1349 3129 1640 3190 argentum,
1670 3120 1894 3174 homines

310 3232 428 3271 uero
449 3215 780 3286 acceptabiles
791 3215 842 3268 in
858 3213 1053 3267 camino
1072 3211 1431 3264 humiliationis
1453 3209 1639 3280 (Eccli.
1663 3227 1720 3278 II,
1741 3212 1794 3278 4,
1811 3212 1888 3282 5).

310 3309 466 3378 Quod
489 3310 562 3364 ait
583 3291 930 3380 accep'tabiles,
958 3306 1027 3361 ibi
1049 3321 1197 3376 spem
1220 3304 1367 3360 dedit
1388 3320 1505 3376 qua:
1530 3305 1897 3361 consolaretur

306 3402 361 3460 in
408 3403 726 3458 humilitate.
777 3401 844 3457 Bt
884 3401 1140 3457 Dominus
1177 3399 1330 3454 lusus
1361 3399 1496 3454 hanc
1539 3399 1892 3454 humilitatem

305 3510 430 3552 cum
455 3496 731 3566 discipulis
762 3494 1078 3566 praediceret
1099 3509 1130 3547 a
1161 3491 1590 3563 persecutoribus
1615 3505 1736 3546 esse
1765 3507 1894 3547 vcn-

307 3596 482 3645 turam
509 3631 525 3657 ,
559 3604 663 3644 non
699 3602 794 3643 eos
829 3587 948 3643 sine
985 3599 1082 3656 spe
1119 3585 1374 3654 reliquit;
1405 3583 1499 3638 sed
1531 3585 1664 3638 hanc
1693 3584 1850 3637 etiam
1876 3625 1892 3650 ,

309 3701 410 3758 qua
451 3687 856 3742 consolarentur
875 3727 890 3752 ,
928 3683 1073 3739 dedit
1109 3681 1295 3737 dicens
1320 3722 1334 3746 ,
1365 3677 1432 3734 In
1463 3687 1625 3733 vestra
1657 3680 1895 3750 patientia

310 3778 626 3851 possidebitis
666 3778 862 3832 animas
902 3783 1090 3831 vestras
1119 3789 1138 3828 :
1161 3773 1228 3828 de
1267 3773 1382 3842 ipso
1422 3785 1633 3841 quoque
1673 3785 1896 3840 corpore

310 3873 450 3944 quod
477 3874 542 3928 ab
572 3872 805 3927 inimicis
834 3879 1015 3940 posset
1036 3867 1226 3933 occidi,
1254 3875 1307 3921 et
1329 3867 1476 3936 quasi
1501 3865 1711 3936 penitus
1733 3865 1896 3918 inter-

307 3963 424 4032 ire,
457 3962 683 4034 Capillus
711 4005 724 4029 ,
757 3963 960 4033 inquit,
993 3959 1172 4030 capitis
1200 3957 1352 4012 vestri
1384 3973 1485 4010 non
1514 3956 1692 4026 peribit
1727 3953 1892 4025 (Luc.

311 4068 424 4119 xxI,
459 4056 544 4120 l9,
580 4055 690 4124 l8).
721 4053 846 4109 Hac
874 4067 998 4122 spes
1023 4051 1143 4107 data
1168 4058 1252 4105 est
1275 4049 1484 4118 corpori
1509 4045 1729 4113 Christi,
1755 4047 1896 4116 quod

312 4156 394 4203 est
419 4145 678 4213 Ecclesia,
704 4159 805 4216 qua
831 4144 1201 4200 consolaretur
1222 4141 1280 4196 in
1307 4140 1602 4194 humilitate
1623 4153 1738 4193 sua.
1763 4137 1896 4193 Pro-

316 4251 432 4322 pter
461 4253 617 4310 quam
645 4253 795 4308 spem
831 4236 958 4291 dicit
981 4247 1034 4290 et
1067 4234 1339 4305 apostolus
1365 4231 1562 4286 Paulus
1597 4247 1610 4286 :
1639 4229 1700 4284 Si
1732 4238 1898 4283 autem

314 4331 448 4403 quod
469 4347 570 4385 non
590 4330 814 4384 videmus
834 4343 1116 4401 speramus,
1141 4342 1231 4396 per
1245 4325 1534 4396 patientiam
1551 4332 1898 4394 exspectamus

317 4421 496 4496 (Rom.
530 4438 638 4487 νηί,
670 4422 785 4492 23).
818 4420 921 4476 Sed
944 4427 1264 4473 interiturum
1287 4423 1370 4471 est
1389 4429 1510 4484 spes
1531 4414 1628 4468 ista
1656 4414 1897 4488 ιιι-ωηιἰο-

315 4527 433 4571 rum
466 4532 479 4567 :
512 4524 592 4570 est
617 4524 668 4568 et
699 4512 800 4568 alia
826 4508 951 4582 spes
975 4524 1092 4581 quae
1123 4510 1176 4562 in
1219 4507 1515 4562 humilitate
1541 4505 1898 4560 tribulationis

316 4607 600 4678 plurimum
647 4605 954 4662 consolatur
979 4645 994 4670 ,
1032 4617 1150 4673 qua)
1177 4602 1375 4656 sanctis
1400 4599 1518 4655 data
1543 4608 1626 4655 est
1656 4600 1706 4654 in
1735 4599 1898 4654 verbo

318 4697 412 4756 Dei
433 4699 753 4770 adjutorium
778 4697 960 4768 gratia:
985 4695 1304 4766 pollicentis,
1335 4709 1402 4747 ne
1423 4693 1645 4762 quisque
1665 4691 1894 4748 deﬁciat.

319 4793 393 4849 De
437 4808 539 4863 qua
579 4807 674 4862 spe
704 4791 722 4824 ¹
754 4791 880 4846 dicit
921 4789 1208 4859 Apostolus
1237 4805 1251 4841 :
1281 4785 1477 4840 Fidelis
1510 4784 1647 4842 Deus
1683 4787 1767 4855 qui
1797 4801 1899 4839 non

313 4883 570 4954 permittet
606 4898 692 4937 eos
723 4881 904 4936 tentari
941 4896 1090 4950 super
1124 4878 1177 4932 id
1210 4877 1344 4947 quod
1373 4876 1609 4948 potestis;
1637 4876 1727 4930 sed
1750 4875 1900 4946 faciet

318 4992 431 5030 cum
455 4975 728 5030 tentatione
751 4973 902 5028 etiam
921 4973 1128 5036 eaa'tum,
1156 4979 1210 5023 ut
1232 4969 1433 5040 possitis
1452 4967 1756 5039 sustinere(l
1777 4967 1894 5021 Cor.

317 5081 374 5135 ι,
402 5062 513 5138 15).
537 5065 683 5121 Hanc
702 5078 852 5136 spem
871 5063 1019 5118 dedit
1037 5062 1196 5116 etiam
1219 5057 1462 5115 Salvator
1482 5073 1576 5114 ore
1595 5071 1714 5125 suo,
1732 5073 1900 5126 quan-

320 5159 387 5214 do
417 5160 491 5213 ait
522 5175 536 5213 :
577 5157 692 5213 Hac
721 5167 864 5212 nocte
901 5155 1170 5228 postularit
1207 5162 1410 5208 satanas
1445 5167 1624 5205 vexare
1662 5166 1747 5204 vos
1772 5151 1901 5205 sicut

323 5253 580 5318 triticum;
603 5259 650 5306 et
674 5265 764 5323 ego
784 5248 957 5319 rogavi
975 5263 1066 5319 pro
1084 5256 1151 5314 te,
1178 5245 1344 5312 Putre,
1372 5261 1432 5298 ne
1451 5243 1651 5312 deﬁciat
1674 5241 1800 5312 fides
1814 5251 1902 5296 tua

319 5341 489 5420 (Luc.
519 5359 636 5401 χχιι
659 5387 675 5411 ,
704 5341 796 5409 3i,
821 5341 893 5400 82
914 5341 953 5412 ).
983 5341 1130 5396 Hanc
1155 5355 1304 5409 spem
1331 5336 1476 5392 dedit
1501 5345 1556 5390 et
1584 5334 1634 5388 in
1663 5335 1902 5390 oratione

320 5453 480 5510 quam
510 5437 688 5493 docuit
712 5479 728 5509 ,
757 5435 846 5492 ubi
876 5435 1081 5491 monuit
1109 5441 1167 5487 ut
1188 5433 1426 5488 dicamus
1445 5473 1460 5498 ,
1492 5429 1574 5484 Ne
1597 5445 1687 5484 nos
1711 5429 1902 5501 inferas

320 5529 374 5586 in
414 5530 734 5584 tentationem
771 5530 789 5600 (
816 5527 1003 5583 Matth.
1029 5541 1085 5582 vI
1106 5567 1123 5592 ,
1154 5525 1261 5597 l5)
1290 5542 1303 5579 :
1332 5523 1722 5594 quodammodo
1758 5523 1900 5579 enim

317 5621 571 5695 promisit
611 5636 670 5677 se
707 5621 957 5677 daturum
995 5619 1105 5675 suis
1143 5617 1563 5689 periclitantibus
1587 5657 1602 5680 ,
1633 5613 1772 5686 quod
1799 5614 1902 5670 dici

317 5703 490 5769 voluit
516 5711 584 5768 ab
610 5710 903 5768 orantibus.
930 5709 996 5765 Et
1012 5709 1264 5765 nimirum
1289 5706 1358 5762 de
1379 5706 1476 5761 hac
1495 5721 1592 5776 spe
1617 5705 1783 5775 magis
1802 5705 1904 5760 iste

316 5806 564 5882 psalmus
580 5801 957 5882 intelligendus
979 5810 1062 5859 est
1081 5801 1283 5869 dicere,
1310 5799 1438 5856 Hoc
1454 5815 1537 5853 me
1553 5797 1814 5854 consulatu
1829 5807 1903 5853 est

389 5917 413 5957 ι
438 5928 539 5972 Αω.
557 5923 634 5970 Er.
659 5922 714 5970 et
732 5929 905 5969 omnes
923 5922 1054 5978 Ilss.,
1077 5926 1148 5967 re.

1333 404 1730 474 ENARRATIO
1767 409 1835 474 lN
1870 379 2198 481 rsttuuu
2233 368 2468 480 cxvm.

3437 438 3582 498 1549

2004 529 2056 587 in
2088 535 2367 592 humilitate
2392 554 2521 606 mea,
2552 538 2785 609 quoniam
2811 542 3013 608 verbum
3037 549 3178 600 tuum
3197 543 3458 618 vivi/icapit
3482 570 3578 610 me.

2001 626 2149 694 QUOd
2173 631 2472 699 expressius
2495 632 2823 704 interpretati
2845 647 2967 691 sunt
2992 638 3081 712 qui
3105 654 3208 694 non
3230 641 3452 710 uerbum,
3476 645 3570 708 sed

2002 717 2252 810 eloquium
2284 734 2571 790 posuerunt
2601 740 2618 779 :
2643 741 2845 795 grtecus
2875 729 3015 784 enim
3043 738 3198 799 λόγων
3223 733 3401 809 habet,
3429 737 3569 810 quod

1998 816 2080 861 est
2109 809 2393 880 eloquium;
2425 827 2525 868 non
2559 823 2685 880 λόγος
2708 819 2847 888 quod
2877 829 2958 875 est
2983 822 3202 880 verbum.

2069 897 2119 951 5.
2163 897 2290 970 [vers
2343 901 2454 976 5L]
2494 905 2740 976 Sequitur
2767 915 2940 965 autem
2971 930 2982 962 :
3012 912 3230 983 Superbi
3258 915 3425 989 inique
3461 937 3578 990 nge-

1998 989 2116 1044 bant
2151 1008 2307 1063 usque
2334 996 2512 1062 valde;
2541 1016 2572 1052 a
2600 1001 2706 1070 lege
2730 1011 2895 1056 autem
2935 1013 3020 1066 tua
3050 1023 3147 1060 non
3177 1007 3442 1066 declinavi.
3474 989 3578 1068 Sh-

1996 1082 2190 1151 perbos
2229 1084 2448 1157 intelligi
2489 1090 2652 1152 voluit
2690 1101 3057 1162 persecutores
3100 1098 3344 1166 piorum;
3373 1110 3427 1156 et
3456 1103 3576 1159 ideo

1996 1175 2243 1245 subjecit,
2275 1179 2316 1231 Α
2345 1180 2453 1256 lege
2476 1193 2640 1237 autem
2669 1193 2754 1238 tua
2775 1203 2874 1241 non
2901 1188 3162 1257 declinavi,
3185 1191 3304 1262 quia
3332 1191 3432 1249 hoc
3454 1210 3573 1250 eum

1994 1263 2170 1325 facere
2219 1270 2429 1326 illorum
2478 1277 2776 1344 persecutio
2818 1281 3185 1350 compellebat.
3232 1285 3376 1352 Quos
3419 1303 3574 1359 usque

1993 1357 2140 1413 valde
2168 1361 2345 1432 inique
2374 1363 2501 1418 dicit
2529 1367 2720 1436 egisse,
2749 1369 2867 1440 quia
2898 1387 3001 1437 non
3029 1373 3198 1432 solum
3226 1386 3378 1432 erant
3401 1357 3572 1454 impii,

1993 1461 2176 1505 verum
2206 1455 2362 1508 etiam
2391 1457 2506 1526 pios
2534 1456 2723 1527 impios
2749 1475 2866 1520 esse
2892 1464 3168 1536 cogebant.
3195 1466 3252 1521 lu
3276 1467 3373 1536 hac
3398 1469 3572 1528 humi-

1996 1543 2161 1614 litate,
2197 1549 2299 1605 hoc
2324 1561 2424 1620 cst,
2454 1551 2505 1607 iu
2539 1552 2637 1609 hac
2663 1556 2998 1615 tribulatione
3023 1576 3146 1630 spes
3171 1563 3441 1620 consolata
3468 1575 3570 1632 est,

1993 1654 2110 1709 qua:
2137 1642 2257 1696 data
2288 1653 2368 1698 cst
2397 1646 2449 1701 in
2481 1647 2644 1704 verbo
2677 1649 2769 1704 Dei
2796 1651 3093 1720 pollicentis
3120 1654 3472 1725 adjutorium,
3506 1675 3573 1715 ne

1993 1729 2204 1788 deficiat
2236 1735 2367 1792 ﬁdes
2398 1749 2721 1811 martyrum;
2748 1751 2801 1802 et
2828 1745 3110 1818 przcsentia
3139 1747 3363 1818 Spiritus
3386 1750 3467 1804 sui
3497 1751 3575 1805 vi-

1991 1838 2081 1877 res
2106 1825 2462 1895 impertientis
2498 1829 2883 1900 laborantibus,
2908 1843 2965 1889 ut
2985 1835 3271 1892 evadentes
3291 1838 3356 1893 de
3377 1842 3573 1904 musci-

1992 1917 2116 1996 pula
2133 1921 2438 1975 venantium
2460 1921 2698 1995 dicerent
2719 1943 2731 1978 :
2757 1923 2875 1980 Nisi
2895 1928 3010 2000 quia
3031 1926 3280 1984 Dominus
3297 1940 3400 1986 erat
3417 1933 3469 1986 in
3486 1950 3553 1988 ne

1995 2007 2088 2076 bis,
2121 2013 2337 2080 fortasse
2359 2015 2493 2068 vivos
2518 2016 2884 2082 absorbuissent
2905 2001 2996 2072 nos
3018 2018 3186 2090 (Psal.
3213 2037 3395 2090 CXXIII,
3418 2023 3473 2085 2.
3499 2025 3574 2096 3).

2063 2103 2118 2156 4.
2149 2102 2230 2157 An
2255 2102 2388 2160 forte
2413 2106 2552 2178 quod
2581 2109 2672 2177 ait,
2706 2107 2830 2164 ch
2855 2127 2932 2164 me
2956 2111 3213 2180 consolata
3235 2125 3304 2168 est
3330 2116 3380 2168 in
3408 2115 3576 2181 humi-

1995 2193 2136 2250 litate
2166 2215 2307 2264 mea,
2344 2199 2484 2254 illam
2513 2201 2643 2256 dicit
2673 2201 3020 2268 humilitatem
3051 2221 3154 2276 qua
3179 2203 3340 2261 homo
3366 2219 3447 2264 est
3471 2209 3570 2274 de-

1991 2285 2167 2372 jectus
2205 2298 2256 2343 et
2299 2290 2562 2362 projeclus
2599 2293 2650 2348 in
2681 2304 2903 2348 mortem
2930 2337 2945 2362 ,
2977 2312 3038 2365 ex
3071 2305 3289 2366 peccato
3317 2299 3410 2354 illo
3435 2301 3576 2372 quod

1998 2378 2150 2434 valde
2177 2379 2454 2437 infeliciter
2479 2385 2529 2438 in
2559 2387 2784 2456 paradisi
2813 2385 3059 2454 felicitate
3085 2391 3424 2460 commissum
3451 2379 3576 2460 est?

1994 2468 2051 2526 In
2084 2468 2184 2532 hac
2209 2473 2403 2550 quippe
2427 2473 2742 2542 humilitate,
2768 2478 2817 2543 iu
2840 2494 2943 2549 qua
2967 2478 3127 2534 homo
3152 2481 3370 2547 vanitati
3389 2484 3580 2552 similis

1995 2559 2164 2618 factus
2193 2572 2274 2618 est
2301 2574 2353 2620 et
2383 2566 2498 2624 dics
2526 2567 2641 2638 ejus
2672 2570 2806 2623 sicut
2837 2571 3019 2638 Innhra
3052 2581 3373 2640 praetereunt
3403 2573 3572 2646 (l’sal.

1995 2669 2151 2710 CXLIII
2174 2695 2187 2718 ,
2219 2654 2275 2728 4)
2299 2699 2312 2724 ,
2346 2673 2531 2724 omnes
2559 2659 2648 2724 lilii
2679 2661 2771 2715 ira:
2797 2672 2917 2718 sunt
2939 2703 2956 2729 ,
2989 2662 3086 2717 nisi
3116 2679 3211 2742 per
3237 2663 3573 2732 Mediatorcm

1996 2749 2410 2814 reconcilientur
2437 2751 2570 2818 Deo,
2599 2753 2688 2824 qui
2716 2753 3074 2828 praedestinati
3104 2762 3229 2824 sunt
3251 2756 3302 2812 in
3324 2766 3577 2825 astet-nam

1997 2841 2221 2908 salutem
2252 2852 2373 2906 ante
2405 2843 2587 2908 mundi
2618 2845 3049 2912 constitutionem
3083 2845 3294 2916 (Ep/tes.
3323 2865 3360 2916 ι,
3390 2847 3528 2921 4,,5)
3563 2867 3575 2904 :

1999 2930 2050 2986 in
2099 2948 2203 3002 quo
2245 2932 2536 2992 Mcdiatore
2575 2943 2630 3000 et
2666 2937 2868 3018 antiqui
2907 2937 3035 3014 justi
3079 2953 3228 3010 spem
3271 2938 3578 3009 habebant,

1996 3025 2210 3097 quando
2231 3042 2349 3080 eum
2375 3027 2425 3081 in
2448 3043 2606 3082 carne
2627 3036 2906 3096 venturum
2929 3027 3218 3102 prophetia:
3233 3031 3419 3103 spiritu
3444 3049 3580 3104 prae-

1997 3115 2266 3174 videbant.
2297 3116 2452 3183 Quod
2493 3135 2618 3190 ergo
2659 3116 2880 3185 verbum
2927 3120 2994 3174 ad
3036 3137 3127 3182 eos
3167 3121 3324 3189 fiebat
3353 3121 3419 3182 de
3450 3123 3575 3192 illo,

1999 3208 2156 3276 etiam
2187 3207 2286 3263 hoc
2311 3208 2446 3264 bene
2476 3205 2560 3266 hic
2582 3211 2896 3284 intelligitur
2919 3212 3157 3279 verbum,
3188 3213 3232 3280 si
3260 3224 3311 3269 et
3338 3215 3572 3285 ipsorum

2000 3297 2289 3370 accipimus
2332 3299 2484 3354 istam
2530 3316 2750 3366 vocem;
2795 3302 2863 3356 de
2901 3317 3006 3374 quo
3047 3301 3208 3358 verbo
3234 3303 3430 3372 dictum
3457 3317 3578 3372 cst,

2000 3389 2255 3446 Memento
2282 3393 2416 3446 verbi
2443 3394 2514 3445 tui
2542 3410 2682 3448 servo
2709 3403 2828 3470 tuo,
2859 3377 3036 3466 in'quo
3063 3412 3202 3467 spent
3227 3395 3406 3462 dedisti
3432 3400 3576 3464 mihi.

2000 3481 2128 3548 ch
2148 3499 2226 3546 me
2241 3485 2498 3550 consolata
2521 3495 2589 3545 est
2606 3486 2658 3548 in
2679 3484 2963 3552 humilitate
2983 3501 3126 3552 mea;
3143 3485 3246 3543 hoc
3269 3497 3368 3554 est,
3401 3489 3452 3543 in
3477 3490 3576 3544 ista

1999 3575 2321 3641 mortalitate
2364 3591 2480 3634 mea
2515 3576 2672 3648 :quia
2711 3577 2963 3649 eloquium
3003 3587 3144 3643 tuum
3177 3579 3439 3648 vivi/icavit
3463 3597 3580 3646 me;

2000 3675 2058 3736 ut
2087 3681 2235 3737 spem
2281 3667 2402 3733 vitae
2430 3667 2678 3732 haberem
2712 3667 2979 3739 projectus
3006 3668 3058 3735 in
3086 3679 3332 3738 mortem.
3364 3670 3581 3742 Superbi

1999 3757 2168 3826 inique
2197 3758 2409 3827 agebant
2438 3774 2592 3834 usque
2613 3758 2755 3812 valde
2775 3773 2794 3812 :
2816 3757 3025 3829 q‘uando
3048 3759 3260 3832 quidem
3283 3775 3466 3814 eorum
3495 3776 3582 3816 su-

2001 3850 2236 3924 perbiam
2260 3865 2359 3906 nec
2381 3849 2646 3914 humilitas
2664 3851 2998 3914 mortalitatis
3017 3839 3272 3915 edomuit.
3300 3853 3340 3904 Α
3362 3851 3469 3924 lege
3487 3870 3582 3905 au-

2001 3948 2098 4007 tem
2142 3950 2228 4002 tua
2256 3958 2355 4000 non
2385 3941 2630 4008 declinavi
2655 3958 2674 3997 :
2703 3941 2843 4013 quod
2878 3957 2965 4009 me
3000 3939 3178 4011 facere
3212 3931 3472 4014 cogebant
3496 3961 3582 4000 sn-

2002 4033 2173 4114 perbi.

2074 4127 2125 4186 5,
2157 4124 2304 4206 [βενε.
2328 4123 2441 4200 52.]
2472 4123 2670 4190 Memor
2690 4125 3089 4197 fuijudiciorum
3110 4135 3307 4181 tuorum
3327 4145 3358 4181 a
3375 4129 3580 4196 ueruto,

2003 4218 2239 4283 Domine,
2270 4227 2316 4276 et
2345 4217 2631 4282 consolatus
2659 4233 2770 4280 sum
2794 4232 2813 4272 :
2835 4217 2940 4284 vel,
2970 4217 3104 4272 sicut
3132 4217 3218 4278 alii
3246 4219 3464 4275 codices
3492 4218 3584 4275 ha-

2001 4310 2152 4378 bent,
2182 4319 2227 4364 et
2253 4309 2544 4370 exhortatus
2563 4325 2675 4362 sum
2694 4324 2714 4376 ;
2742 4306 2796 4363 id
2815 4317 2916 4376 est,
2941 4307 3361 4378 exhortationem
3383 4312 3584 4388 accepi.

2003 4404 2297 4478 Utrumque
2325 4404 2466 4472 enim
2507 4403 2675 4472 potuit
2720 4401 3054 4471 interpretari
3083 4401 3149 4456 de
3178 4401 3342 4456 verbo
3369 4418 3544 4474 graeco
3568 4444 3583 4470 ,

2002 4495 2143 4572 quod
2181 4503 2261 4556 est
2292 4502 2599 4566 παρεκλήθην.
2629 4493 2671 4559 Δ
2700 4492 2883 4560 steculo
2909 4507 3036 4563 ergo
3063 4505 3130 4546 ex
3164 4508 3268 4575 quo
3294 4479 3462 4564 genus
3487 4492 3587 4558 ltu-

2002 4601 2215 4654 manum
2247 4585 2471 4654 sumpsit
2499 4581 2796 4650 exordium,
2827 4598 3015 4648 memor
3034 4582 3112 4654 fui
3129 4581 3444 4658 judiciorum
3475 4593 3586 4638 tuo-

2001 4697 2116 4748 rum
2151 4695 2311 4749 super
2347 4693 2470 4738 vasa
2507 4677 2621 4750 irae,
2657 4691 2775 4747 quae
2801 4675 3035 4748 perfecta
3062 4676 3077 4707 ¹
3100 4677 3293 4745 suntin
3328 4676 3584 4746 perditio-

2003 4789 2127 4840 pem
2159 4790 2171 4825 :
2201 4781 2246 4836 et
2272 4771 2558 4837 consolatus
2585 4785 2730 4835 sum.
2760 4766 2884 4840 Quia
2911 4783 3006 4839 per
3036 4768 3148 4822 haec
3171 4781 3379 4852 quoque
3403 4777 3587 4823 osten-

2004 4864 2129 4932 disti
2173 4862 2387 4924 divitias
2426 4860 2612 4936 gloria:
2651 4868 2769 4934 tua)“
2799 4859 2851 4914 in
2895 4873 3021 4927 vasa
3062 4857 3440 4928 misericordia:
3486 4867 3587 4913 tua:

2006 4957 2180 5028 (Rom.
2213 4970 2285 5020 Ix.
2313 4953 2385 5019 22
2409 4952 2586 5022 €1.25).
3229 4983 3231 4985 .
3280 5028 3289 5033 ⁵

2076 5047 2128 5102 6.
2159 5044 2311 5119 [νοτε.
2338 5045 2427 5110 55,
2458 5042 2548 5115 54]
2581 5061 2600 5096 ‹
2638 5041 2875 5108 Taedium
2901 5041 3126 5110 detinuit
3169 5056 3253 5095 me
3282 5055 3310 5093 a
3339 5050 3588 5112 peccato-

2005 5139 2152 5206 ribus
2187 5136 2612 5210 rel'utquentjbus
2662 5135 2834 5206 legem
2883 5144 3046 5202 tuam.
3094 5129 3396 5186 Cantabiles
3437 5142 3588 5188 erant

2006 5230 2564 5302 ωειιί,]υειῖίὶοαιίοιιθε
2599 5236 2702 5298 tua;
2731 5229 2783 5297 in
2814 5227 2933 5296 loco
2965 5225 3224 5296 incolatus
3253 5225 3355 5280 mei
3383 5242 3395 5279 :
3432 5241 3457 5282 ο
3480 5226 3584 5294 vel,

2005 5328 2146 5390 εἷαειῑ
2176 5325 2266 5390 alii
2293 5324 2502 5390 οοιιίθβε
2527 5321 2745 5402 habent,
2770 5320 2825 5390 in
2863 5319 2972 5392 loro
3001 5317 3410 5392 peregrinationis
3441 5335 3584 5374 mea'.

2005 5419 2124 5491 ipsa
2142 5426 2224 5485 est
2245 5416 2330 5476 illa
2344 5414 2620 5484 humilitas.
2637 5413 2688 5481 in
2717 5412 2833 5482 loco
2849 5408 3186 5480 mortalitatis
3205 5410 3587 5492 peregrinantis

2008 5510 2238 5580 hominis
2265 5509 2334 5574 de
2376 5503 2620 5577 paradiso
2647 5512 2701 5570 et
2727 5500 2913 5574 devii]?
2947 5515 3174 5571 superna.
3200 5498 3492 5573 Jerusalem
3523 5503 3544 5534 ¹
3567 5543 3583 5570 ,

2005 5603 2151 5673 unde
2189 5594 2762 5675 quidamdescendcns
2804 5594 2858 5660 in
2887 5590 3103 5666 Jericlto
3128 5591 3314 5664 incidit
3342 5593 3396 5666 in
3421 5592 3584 5647 latro-

2073 5784 2334 5894 13:3.
2345 5775 2527 5901 θὶἔέέἒ
2544 5775 3237 5901 sustentata...
3279 5827 3484 5884 ..ι-ιιι.
3526 5827 3589 5880 ds

2011 5903 2250 5974 paradiso
2269 5907 2317 5954 et
2338 5902 2400 5953 de
2417 5897 2508 5952 illa
2527 5895 2743 5965 superna
2759 5895 3028 5961 ααὶιιαιὲιη
3047 5895 3205 5967 dmi:
