4070 6478
584 377 723 435 1545

578 505 675 546 nes
706 506 719 543 :
750 486 847 545 sed
887 494 1105 559 propter
1150 484 1569 541 misericordiam
1614 500 1733 556 quae
1763 503 1859 558 per
1884 488 2033 543 illum
2062 489 2161 545 Sa-

581 584 901 638 maritanum
928 598 1047 637 cum
1076 580 1164 636 illo
1186 579 1318 634 facta
1347 587 1427 634 est
1446 578 1594 651 (Luc.
1628 596 1687 647 x,
1714 580 1805 647 30,
1832 580 1946 651 37),
1979 590 2167 637 canta-

576 674 710 730 biles
732 674 803 728 illi
819 671 1389 741 erantjustilicationes
1407 671 1499 725 Dei
1518 671 1568 725 in
1587 671 1702 726 loco
1719 674 2167 743 peregrinationis

575 780 721 830 sine;
754 764 997 835 quamvis
1042 777 1165 816 eum
1212 760 1427 815 taedium
1475 769 1681 817 teneret
1723 777 1753 815 a
1799 765 2164 831 peccatoribus

574 853 994 927 relinquentibus
1022 852 1193 923 legem
1220 850 1335 917 Dei,
1361 852 1482 921 quia
1513 868 1632 907 cum
1660 854 1739 908 eis
1768 856 2080 909 conversari
2111 856 2165 911 in

576 949 673 1002 hac
697 948 799 1002 vita
826 947 908 1000 vel
931 946 997 999 ad
1030 956 1236 1015 tempus
1259 948 1483 1016 cogitur,
1513 946 1684 1001 donec
1705 962 1827 1002 area
1850 948 2158 1003 ventiletur.

576 1039 802 1101 Possunt
826 1047 1005 1093 autem
1024 1037 1108 1091 isti
1131 1038 1237 1093 duo
1260 1053 1446 1092 versus
1462 1038 1528 1092 ad
1550 1039 1783 1107 singulas
1815 1051 1991 1109 partes
2010 1041 2165 1096 unius

570 1129 859 1197 superioris
894 1128 1062 1196 aptari
1093 1145 1106 1183 :
1141 1136 1198 1181 ut
1226 1127 1368 1197 quod
1394 1128 1485 1192 ait,
1521 1127 1717 1182 Memor
1753 1129 1827 1196 [ui
1845 1130 2163 1199 judiciorum

571 1232 773 1276 tuorum
801 1239 832 1275 a
859 1222 1063 1287 swculo,
1102 1220 1318 1274 Domine
1338 1262 1351 1284 ,
1382 1220 1445 1272 ad
1480 1220 1581 1275 hoc
1619 1219 1899 1287 referatur,
1937 1221 2164 1276 deium

570 1315 779 1368 detinuit
798 1330 874 1367 me
892 1330 923 1365 a
946 1313 1312 1382 pecccatoribus
1329 1311 1777 1376 derelinquentibus
1802 1312 1959 1383 legem
1983 1320 2125 1366 tuam
2141 1328 2162 1368 :

568 1406 708 1476 quod
730 1421 857 1462 vero
885 1404 955 1460 ibi
982 1404 1076 1470 ait,
1101 1402 1169 1462 Et
1188 1403 1474 1458 consolatus
1490 1419 1601 1457 sum
1622 1420 1641 1468 ;
1662 1403 1729 1456 ad
1752 1402 1853 1457 hoc
1874 1403 2159 1471 referatur,

568 1497 852 1555 Cantabiles
872 1498 995 1551 nsi/ti
1014 1505 1153 1551 erant
1173 1495 1563 1567 justi/icatioues
1585 1503 1686 1548 tua:
1712 1494 1767 1547 in
1809 1494 1918 1548 loco
1940 1495 2161 1565 peregri-

572 1590 788 1644 nationis
816 1605 956 1643 mete.

640 1682 690 1735 7.
733 1680 879 1753 [vers.
910 1679 1023 1751 53.]
1051 1677 1276 1746 Memor,
1310 1678 1511 1749 inquit,
1556 1674 1633 1750 fui
1668 1676 1719 1732 in
1765 1687 1909 1731 nocte
1938 1679 2159 1733 nominis

572 1773 664 1839 tui,
697 1770 932 1835 Domine,
966 1781 1011 1826 et
1040 1771 1284 1825 custodivi
1313 1770 1468 1841 legem
1502 1780 1657 1823 tuam.
1692 1769 1805 1825 Nox
1834 1779 1916 1824 est
1946 1770 2032 1824 illa
2062 1770 2161 1824 hu-

574 1865 771 1919 militas
797 1905 810 1929 ,
846 1864 933 1918 ubi
972 1873 1054 1918 est
1084 1862 1416 1917 mortalitatis
1442 1877 1713 1927 mrumna;
1746 1878 1848 1915 nox
1877 1870 1960 1917 est
1990 1863 2040 1917 in
2070 1879 2161 1918 su-

572 1956 751 2027 perbis
777 1955 955 2026 inique
987 1953 1264 2025 agentibus
1293 1968 1460 2023 usque
1488 1952 1669 2019 valde,
1716 1969 1816 2007 nox
1859 1954 1911 2007 in
1942 1953 2099 2009 tardio
2128 1970 2158 2008 a

569 2048 938 2119 peccatoribus
974 2044 1396 2116 relinquentibus
1431 2045 1599 2115 legem
1643 2045 1767 2111 Dei;
1800 2062 1902 2098 uox
1932 2052 2014 2100 est
2038 2059 2159 2113 pos-

575 2150 743 2194 trenio
786 2140 837 2194 in
890 2137 1008 2193 loco
1054 2136 1495 2208 peregrinationis
1545 2136 1719 2207 hujus,
1766 2135 1936 2192 donec
1982 2136 2160 2191 veniat

569 2232 865 2299 Dominus,
907 2240 959 2287 et
1008 2230 1270 2285 illuminet
1318 2229 1626 2285 abscondita
1679 2231 2054 2295 tenebrarum,
2104 2237 2160 2285 et

566 2322 928 2377 manifestabit
969 2321 1317 2393 cogitationes
1364 2321 1573 2386 cordis,
1625 2330 1680 2375 et
1725 2331 1850 2376 tunc
1894 2321 2008 2375 laus
2055 2321 2159 2376 erit

566 2414 850 2484 unicuique
888 2428 917 2466 a
959 2413 1068 2467 Deo
1110 2410 1169 2478 (l
1210 2411 1326 2466 Cor.
1374 2427 1457 2476 iv,
1502 2412 1576 2481 5).
1620 2410 1676 2465 lu
1721 2410 1818 2464 hac
1846 2426 1973 2482 ergo
2002 2422 2158 2468 nocte

570 2520 776 2559 memor
807 2505 965 2559 homo
992 2518 1110 2559 esse
1139 2503 1298 2557 debet
1324 2502 1553 2556 nominis
1600 2502 1725 2567 Dei,
1759 2511 1815 2555 ut
1841 2502 1932 2572 qui
1958 2502 2157 2573 gloria-

565 2605 673 2663 tur,
708 2596 761 2651 in
793 2596 1018 2651 Domino
1040 2595 1298 2665 glorietur
1327 2591 1438 2661 (Id.
1469 2609 1505 2657 ι,
1539 2590 1628 2663 5i)
1658 2610 1670 2645 :
1695 2601 1911 2662 propter
1938 2593 2076 2663 quod
2104 2602 2159 2649 et

566 2686 695 2742 illud
722 2686 975 2756 scriptum
1001 2693 1102 2750 est,
1138 2683 1259 2739 Non
1282 2684 1443 2747 nobis,
1470 2682 1707 2749 Domine,
1735 2700 1837 2737 non
1869 2684 2010 2738 nobis
2027 2726 2041 2751 ,
2068 2686 2160 2739 sed

568 2777 759 2833 nomini
804 2787 886 2831 tuo
932 2775 999 2830 da
1054 2776 1268 2847 gloriam
1316 2773 1500 2850 (Psal.
1550 2789 1695 2837 cxiii,
1745 2774 1838 2845 1).
1887 2773 1973 2830 Sic
2014 2775 2157 2830 enim

571 2870 791 2938 quisque
811 2881 915 2922 non
940 2868 993 2921 in
1016 2881 1131 2933 sua,
1155 2864 1247 2920 sed
1269 2865 1323 2919 in
1350 2862 1443 2919 Dei
1470 2864 1633 2935 gloria
1660 2864 1802 2934 (quia
1834 2879 1933 2919 nec
1958 2865 2009 2919 in
2036 2881 2155 2934 sua,

567 2961 659 3015 sed
691 2962 743 3014 in
771 2959 866 3014 Dei
891 2958 1116 3029 justitia,
1145 2956 1197 3011 id
1223 2967 1324 3021 est,
1356 2971 1386 3009 a
1417 2955 1525 3009 Deo
1550 2954 1650 3010 sibi
1680 2952 1896 3026 donata)
1928 2955 2159 3011 custodit

569 3054 738 3123 legem
781 3052 905 3118 Dei;
947 3051 1084 3106 sicut
1108 3052 1210 3105 iste
1238 3050 1311 3103 ait
1332 3092 1347 3116 ,
1378 3048 1575 3102 Memor
1595 3051 1674 3119 fui
1699 3048 1751 3101 in
1778 3058 1919 3102 nocte
1943 3050 2158 3103 nominis

569 3146 662 3211 tui,
688 3142 926 3209 Domine,
956 3151 1001 3196 et
1022 3140 1265 3196 custodivi
1290 3141 1446 3211 legem
1467 3148 1623 3192 tuam.
1652 3139 1817 3207 Quam
1846 3154 1950 3194 non
1974 3146 2156 3194 custo-

573 3237 757 3300 disset,
788 3237 832 3290 si
860 3236 911 3290 in
942 3248 1037 3289 sua
1064 3234 1256 3288 virtute
1281 3228 1574 3296 conlidens,
1594 3230 1823 3285 nominis
1841 3230 1933 3285 Dei
1953 3244 2159 3286 memor

571 3347 676 3386 non
726 3329 912 3385 fuisset
945 3347 957 3383 :
990 3326 1312 3397 adjutorium
1360 3326 1501 3380 enim
1553 3333 1794 3378 nostrum
1839 3323 1892 3377 in
1942 3324 2159 3377 nomine

572 3417 981 3492 DominilPsal.
1013 3433 1193 3483 cxxui,
1225 3414 1303 3487 8).

644 3513 696 3566 8.
728 3509 877 3583 [vers.
911 3505 1026 3580 56.]
1061 3508 1284 3576 Propter
1311 3504 1451 3574 quod
1486 3511 1699 3559 secutus
1733 3502 1973 3571 adjunxit
1994 3518 2009 3556 :
2033 3500 2160 3557 Htec

568 3606 706 3677 facta
736 3612 804 3657 est
833 3600 980 3667 mihi,
1004 3599 1241 3668 quoniam
1257 3596 1485 3665 justitias
1517 3604 1626 3647 tuas
1645 3594 1904 3663 exquisivi.
1925 3592 2159 3647 Justitias

570 3698 752 3767 utique
782 3706 916 3763 tuas,
942 3692 1132 3763 quibus
1148 3688 1407 3761 justificas
1430 3687 1681 3756 impium;
1713 3700 1817 3740 non
1844 3701 2008 3749 meas,
2039 3698 2158 3754 quae

573 3802 839 3859 nunquam
870 3801 955 3841 me
981 3784 1123 3856 pium
1156 3780 1372 3843 faciunt,
1405 3777 1500 3833 sed
1529 3776 1836 3847 superbum.
1869 3774 1985 3829 Non
2014 3774 2157 3829 enim

571 3890 686 3935 erat
716 3880 814 3933 iste
843 3876 1032 3945 aliquis
1060 3886 1244 3928 eorum
1285 3869 1375 3940 qui
1418 3869 1705 3939 ignorantes
1746 3865 1839 3920 Dei
1878 3866 2154 3934 iustitiam,

570 3984 618 4028 et
641 3987 786 4026 suam
807 3969 1023 4023 volentes
1049 3964 1380 4029 constituere,
1404 3960 1620 4031 justitia:
1642 3958 1739 4012 Dei
1766 3974 1867 4011 non
1892 3966 2009 4011 sunt
2031 3955 2154 4012 sub-

570 4065 685 4126 iecti
710 4063 883 4132 (item.
907 4075 963 4127 x,
990 4056 1068 4132 5).
1090 4055 1197 4112 Has
1224 4068 1349 4124 ergo
1366 4052 1597 4123 justitias
1614 4092 1628 4116 ,
1651 4050 1839 4121 quibus
1866 4048 2158 4119 justitican-

571 4168 657 4212 tur
684 4154 847 4227 gratis
875 4168 968 4223 per
995 4149 1217 4221 gratiam
1247 4145 1377 4212 Dei,
1407 4144 1493 4213 qui
1519 4158 1616 4214 per
1644 4142 1848 4211 seipsos
1882 4139 2013 4209 justi
2040 4153 2159 4195 esse

570 4266 676 4307 non
707 4253 959 4318 possunt,
1004 4240 1192 4297 melius
1229 4238 1316 4292 alii
1360 4232 1694 4305 interpretati
1738 4242 1862 4286 sunt
1891 4230 2155 4302 justi/ica-

570 4342 728 4396 tiones
752 4354 768 4392 :
789 4336 911 4407 quia
938 4347 1123 4389 revera
1151 4346 1256 4385 non
1296 4332 1590 4387 δικαιοσύνας
1611 4367 1626 4393 ,
1672 4323 1724 4378 id
1755 4332 1874 4389 est,
1898 4322 2159 4393 justitias;

570 4432 663 4487 sed
694 4435 994 4495 δικαιώματα
1020 4437 1226 4495 graecus
1249 4420 1425 4483 habet,
1455 4432 1574 4488 quas
1600 4422 1724 4470 sunt
1737 4413 2151 4485 justi/icationes.

569 4523 674 4581 Sed
705 4521 829 4593 quid
855 4519 955 4574 sibi
984 4517 1093 4572 vult
1120 4514 1260 4585 quod
1288 4513 1395 4578 ait,
1432 4508 1555 4564 Haec
1586 4512 1718 4581 facta
1742 4516 1813 4561 est
1843 4504 2006 4559 mihi?
2033 4501 2160 4558 Hac

570 4614 730 4687 quid?
761 4616 843 4668 An
880 4610 1014 4666 forte
1052 4607 1171 4673 lex,
1199 4604 1320 4675 quia
1362 4602 1598 4666 dixerat,
1644 4597 1710 4651 Et
1732 4596 1976 4651 custodivi
2002 4594 2161 4687 legem

572 4686 747 4773 tuam;
778 4703 969 4775 quibus
1000 4698 1178 4757 verbis
1217 4695 1513 4766 subjuuxit,
1551 4691 1671 4747 Haec
1711 4694 1847 4761 facta
1885 4696 1957 4743 est
1992 4686 2160 4741 mihi:

571 4811 821 4871 tanquam
841 4796 1062 4861 diceret,
1094 4792 1218 4846 Hmc
1246 4790 1329 4844 lex
1358 4787 1495 4842 facta
1520 4794 1601 4841 est
1626 4782 1790 4838 mihi?
1814 4780 1919 4871 Sed
1946 4796 2048 4836 non
2076 4787 2160 4871 est

572 4870 947 4947 remorandum
976 4884 1030 4938 in
1062 4878 1379 4952 exponendo
1407 4873 1675 4947 quomodo
1701 4874 1771 4927 sit
1813 4871 1861 4927 ei
1900 4870 2037 4925 facta
2073 4870 2159 4925 lex

574 4982 686 5038 Dei.
716 4978 899 5036 Graeca
930 4974 1072 5031 enini
1099 4971 1296 5028 locutio
1321 4968 1461 5023 unde
1486 4967 1585 5021 ista
1611 4963 1864 5042 translata
1894 4970 1995 5029 est,
2026 4960 2159 5015 satis

572 5072 770 5129 indicat
794 5084 898 5123 non
926 5066 991 5120 de
1018 5065 1134 5134 lege
1160 5062 1357 5117 dictum
1394 5070 1513 5113 esse
1533 5097 1546 5120 ,
1594 5054 1718 5109 Htec
1742 5059 1878 5125 facta
1901 5061 1973 5107 est
1999 5051 2158 5113 mihi;

570 5165 691 5234 quia
724 5164 812 5217 lex
858 5161 907 5214 in
955 5156 1140 5213 eadem
1187 5154 1363 5224 lingua
1402 5148 1614 5221 generis
1653 5144 1931 5201 masculini
1958 5152 2075 5212 est,
2104 5151 2160 5199 et

576 5255 827 5311 feminino
849 5248 1162 5322 pronomine
1181 5245 1338 5301 etiam
1367 5242 1438 5297 ibi
1467 5239 1721 5308 scriptum
1749 5245 1849 5303 est,
1872 5234 1998 5289 Haec
2018 5234 2156 5305 facta

574 5357 646 5401 est
678 5345 819 5398 milii.
847 5341 1111 5409 Quaeritur
1132 5351 1260 5408 ergo
1286 5332 1433 5405 prius
1459 5345 1574 5400 qua:
1596 5328 1671 5383 illi
1694 5328 1829 5382 facta
1850 5327 1938 5391 sit,
1967 5324 2159 5380 deinde

574 5437 840 5510 quomodo
870 5435 943 5490 illi
974 5433 1108 5489 facta
1138 5434 1242 5497 sit,
1277 5436 1624 5499 quaecumque
1652 5421 1743 5476 illa
1770 5420 1858 5475 sit.
1894 5417 2047 5510 Hac,
2078 5417 2161 5472 in-

576 5508 707 5599 quit,
740 5528 874 5597 facta
903 5534 974 5579 est
1001 5524 1123 5578 mihi
1146 5538 1164 5576 :
1186 5535 1295 5577 non
1321 5520 1499 5587 utique
1520 5557 1535 5582 ,
1569 5513 1694 5569 Hazc
1718 5512 1802 5567 lex
1820 5551 1835 5578 ,
1868 5510 1989 5581 quia
2017 5508 2159 5564 hunc

580 5638 817 5688 sensum,
849 5621 984 5676 sicut
1010 5614 1140 5683 dixi,
1172 5628 1375 5686 graicus
1402 5608 1639 5683 expellit.
1669 5605 1829 5661 Forte
1854 5602 2158 5673 ergo,'lizcc

580 5730 681 5776 nox
705 5731 718 5768 ε
738 5712 858 5784 quia
884 5718 992 5765 tota
1018 5708 1259 5777 superior
1283 5702 1541 5761 sententia
1572 5700 1650 5754 sic
1678 5713 1736 5752 se
1763 5696 1941 5760 habet,
1964 5693 2159 5747 Memor

580 5810 652 5882 [ui
681 5810 735 5861 in
761 5812 905 5859 nocte
942 5801 1155 5856 neminis
1190 5799 1302 5862 tui,
1345 5796 1560 5850 Domine
1583 5834 1597 5859 ,
1635 5801 1684 5845 et
1722 5784 2160 5882 custodivi-legem

576 5876 749 5963 luam:
779 5903 835 5952 et
872 5893 1144 5963 sequitur,
1184 5889 1311 5945 Haec
1357 5888 1488 5957 facta
1524 5893 1595 5940 est
1621 5883 1743 5937 mihi
1769 5896 1787 5935 :
1812 5877 1936 5951 quia
1977 5876 2158 5948 itaque

1784 375 1845 433 S.
1884 375 2252 439 AUGUSTINI
2287 381 2586 445 EPISCOPI

3685 404 3798 461 ιδῃ

2271 511 2378 552 non
2408 497 2494 554 lex
2518 540 2533 565 ,
2576 500 2812 569 profecto
2837 516 2943 556 nox
2966 510 3050 558 est
3073 516 3191 574 quae
3221 502 3355 562 facta
3378 516 3457 563 est
3478 508 3568 567 illi.
3590 511 3711 581 Quid
3733 531 3801 574 est

2271 588 2449 659 igitur,
2478 591 2590 645 Nox
2633 592 2759 646 niihi
2810 593 2944 649 facta
2989 605 3090 661 est,
3143 597 3261 666 quia
3303 598 3666 669 justi/icatioues
3707 617 3799 662 tuas

2271 682 2553 752 exquisivi?
2586 683 2700 738 Lux
2739 685 2933 755 quippe
2962 687 3140 756 potius
3166 698 3247 743 est
3280 690 3326 745 ei
3364 689 3525 759 facta,
3566 710 3661 749 non
3686 714 3798 763 nos,

2268 770 2391 840 quia
2403 772 2808 842 justiﬁcationes
2821 777 3102 846 exquisivit
3116 779 3227 833 Dei.
3244 781 3318 834 Ac
3335 780 3408 835 sic
3436 793 3570 838 recte
3591 785 3801 857 intelligi-

2273 869 2377 928 tur,
2408 866 2545 935 facta
2563 876 2636 920 est
2665 867 2809 930 mihi,
2840 883 2904 923 ac
2929 869 2973 922 si
2995 868 3290 935 diceretur,
3322 872 3451 926 facta
3485 885 3561 929 est
3587 891 3672 944 pro
3698 895 3769 933 me
3787 921 3801 946 ,

2271 952 2322 1007 id
2349 964 2431 1008 est
2459 956 2651 1011 factum
2681 969 2763 1013 est
2786 968 2843 1013 ut
2869 961 3146 1029 prodesset
3166 962 3314 1017 mihi.
3338 965 3390 1018 Si
3412 967 3544 1020 enim
3571 967 3803 1027 humilitas

2271 1043 2360 1097 illa
2407 1047 2741 1103 mortalitatis
2794 1067 2897 1104 non
2947 1052 3174 1107 absurde
3223 1054 3521 1124 intelligitur
3558 1076 3683 1123 nox,
3733 1062 3803 1115 ubi

2271 1134 2495 1190 invicem
2517 1137 2682 1193 latcnt
2701 1141 2862 1195 corda
2886 1143 3208 1210 mortalium,
3234 1155 3291 1199 ut
3310 1144 3377 1200 de
3400 1147 3580 1201 talibus
3605 1152 3803 1205 tenebris

2268 1226 2681 1285 innumerabiles
2720 1241 2773 1287 et
2810 1248 2999 1302 graves
3027 1236 3347 1290 teutationes
3378 1237 3634 1305 oriantur,
3671 1240 3731 1293 ita
3762 1250 3806 1294 ut
3844 1250 3847 1255 ‘

2267 1320 2319 1374 in
2360 1322 2547 1377 eadem
2590 1334 2745 1380 nocte
2811 1334 3181 1395 pertranseant
3224 1328 3379 1382 etiam
3439 1329 3611 1383 bestiae
3646 1331 3802 1397 silvae,

2265 1413 2427 1468 catuli
2450 1414 2663 1470 leonum
2695 1417 2966 1487 rugientes
2984 1460 2998 1484 ,
3024 1429 3325 1489 quaerentes
3354 1436 3383 1472 a
3413 1421 3519 1475 Deo
3545 1436 3702 1476 escam
3723 1424 3806 1477 sibi

2264 1504 2434 1575 (Psal.
2466 1522 2573 1574 cui,
2604 1508 2733 1579 21);
2762 1509 2902 1565 unde
2926 1511 3083 1565 etiam
3120 1511 3186 1565 de
3227 1512 3317 1566 illo
3340 1513 3488 1567 leone
3524 1514 3738 1584 rugiente
3761 1523 3808 1570 et

2262 1607 2535 1667 quaerente
2564 1615 2720 1669 quem
2759 1599 2982 1656 devoret
3011 1600 3064 1675 (1
3099 1600 3239 1655 Petr.
3272 1618 3336 1667 v,
3365 1594 3448 1674 8),
3490 1603 3722 1658 Dominus
3748 1604 3808 1657 ait

2261 1691 2402 1759 quod
2437 1691 2547 1759 jatn
2593 1707 2751 1761 supra
2796 1695 3229 1760 commemoravi,
3265 1694 3377 1749 Hac
3412 1705 3548 1749 nocte
3574 1697 3807 1767 postulavit

2260 1793 2465 1837 satanas
2490 1800 2671 1839 vexare
2710 1802 2796 1839 vos
2822 1787 2954 1840 sicut
2983 1788 3235 1853 triticum;
3266 1787 3319 1843 id
3350 1798 3457 1854 est,
3491 1788 3583 1841 hac
3609 1787 3808 1842 noctein

2260 1890 2361 1943 qua
2395 1884 2765 1943 pertranseuut
2802 1874 2987 1930 bestia:
3027 1877 3207 1945 silvae,
3255 1892 3351 1932 vos
3388 1878 3469 1932 leo
3511 1878 3593 1931 ille
3619 1892 3810 1946 magnus

2260 1967 2504 2035 qumsivit
2530 1982 2560 2020 a
2592 1967 2698 2022 Deo
2726 1982 2902 2023 escam
2934 1968 3034 2024 sibi
3063 1988 3075 2023 :
3102 1971 3342 2039 profecto
3384 1968 3495 2025 haec
3529 1970 3632 2039 ipsa
3660 1968 3811 2023 humi-

2261 2059 2382 2114 litas
2428 2060 2479 2114 in
2532 2061 2649 2116 loco
2682 2062 3122 2132 peregrinationis
3165 2063 3357 2135 hujus,
3402 2080 3518 2134 qua:
3559 2078 3654 2117 nox
3688 2070 3813 2117 recte

2261 2151 2602 2223 intelligitur,
2648 2154 2865 2223 prodest
2891 2155 2969 2209 eis
3005 2155 3092 2225 qui
3138 2155 3423 2211 salubriter
3450 2164 3741 2210 exercentur
3767 2154 3811 2207 in

2260 2262 2319 2301 ca
2346 2290 2360 2312 ,
2393 2256 2449 2300 ut
2478 2247 2685 2302 discant
2728 2264 2834 2303 non
2879 2249 3181 2319 superbire;
3230 2258 3448 2319 propter
3483 2248 3614 2319 quod
3643 2248 3812 2302 malum

2261 2340 2313 2394 in
2357 2341 2510 2395 istam
2538 2354 2748 2397 noctem
2779 2343 2959 2411 pulsus
2996 2352 3079 2397 est
3122 2342 3303 2398 homo.
3350 2342 3549 2397 Initium
3582 2341 3710 2395 enim
3736 2354 3814 2393 su-

2259 2434 2456 2505 perbiae
2487 2435 2719 2491 hominis
2761 2443 3063 2505 apostatare
3089 2450 3118 2490 a
3152 2436 3260 2490 Deo
3291 2435 3473 2507 (Eccli.
3500 2451 3532 2489 x
3553 2475 3566 2497 ,
3597 2425 3698 2504 ll).
3724 2430 3815 2485 Sed

2258 2528 2419 2597 gratis
2442 2526 2789 2596 justiticatus,
2820 2535 2979 2597 atque
3010 2528 3132 2582 utin
3160 2527 3257 2581 ista
3285 2525 3579 2580 humilitate
3602 2523 3815 2594 proficiat

2260 2618 2419 2672 variis
2462 2617 2841 2674 tentationibus
2890 2618 3046 2687 hujus
3077 2617 3248 2673 noctis
3278 2619 3582 2688 oppositus,
3620 2615 3718 2684 jam
3746 2613 3817 2666 iu-

2261 2711 2503 2781 telligens
2543 2711 2714 2776 dicat,
2757 2711 2901 2781 quod
2945 2711 2996 2766 in
3039 2712 3139 2765 hoc
3180 2710 3388 2780 psalmo
3431 2711 3686 2779 aliquanto
3717 2713 3818 2776 post

2258 2802 2482 2868 dicitur,
2524 2802 2723 2857 Bonum
2761 2813 2833 2857 est
2874 2803 2999 2856 mihi
3042 2803 3281 2872 quoniam
3324 2796 3599 2855 humiliasti
3634 2816 3733 2863 me,
3774 2806 3819 2849 ut

2258 2895 2449 2948 discam
2482 2894 2868 2964 iustiﬁcationes
2886 2902 3017 2949 tuas.
3046 2893 3177 2948 Nam
3203 2894 3331 2965 quid
3352 2902 3434 2949 est
3458 2890 3613 2957 aliud,
3644 2886 3817 2945 Bonum

2259 2996 2329 3041 est
2371 2986 2491 3039 milii
2527 2987 2765 3057 quoniam
2806 2987 3082 3040 Itumiliasti
3124 3002 3234 3048 me,
3268 2985 3369 3039 nisi
3394 3026 3407 3050 ,
3439 2984 3550 3039 haec
3578 2980 3819 3036 humilitas

2258 3094 2373 3148 quae
2416 3092 2520 3132 nox
2549 3062 2799 3143 vocatur,
2845 3080 2979 3148 facta
3008 3086 3080 3131 est
3122 3077 3277 3144 milii,
3324 3076 3373 3131 id
3404 3085 3518 3141 est,
3550 3075 3728 3128 factum
3750 3077 3819 3124 cst

2260 3180 2316 3225 ut
2346 3170 2622 3240 prodesset
2645 3168 2933 3225 milii?Sed
2960 3184 3124 3239 quare
3145 3168 3286 3223 hoc?
3311 3168 3445 3237 Quia
3468 3167 3662 3223 scilicet
3678 3163 3818 3236 justi-

2259 3264 2517 3333 ﬁcationes
2543 3272 2675 3329 tuas,
2706 3277 2813 3317 non
2844 3275 2990 3316 meas
3014 3260 3272 3331 exquisivi.

2329 3378 2381 3433 9.
2412 3378 2703 3432 Possumus
2744 3376 2903 3432 etiam
2947 3373 3089 3445 quod
3132 3373 3334 3429 dictum
3383 3382 3495 3439 est,
3538 3370 3661 3425 Han:
3703 3372 3822 3441 facta

2258 3481 2329 3525 est
2357 3470 2478 3523 mihi
2500 3510 2513 3534 ,
2558 3469 2635 3524 sic
2675 3468 2970 3537 intelligere
2989 3505 3005 3532 ,
3046 3476 3101 3521 ut
3131 3480 3230 3519 nec
3254 3464 3371 3531 lex,
3402 3479 3503 3519 nec
3525 3477 3627 3518 nox
3651 3460 3823 3515 subau-

2259 3560 2467 3627 diatur,
2510 3560 2604 3613 sed
2635 3559 2737 3613 hoc
2762 3572 3056 3627 pronomen
3084 3554 3225 3626 quod
3266 3565 3351 3610 est
3394 3553 3539 3619 Htec,
3572 3568 3673 3608 non
3698 3549 3823 3604 acci-

2259 3652 2431 3721 piatur
2460 3650 2610 3706 aliter
2636 3664 2793 3719 quam
2822 3664 2882 3704 se
2923 3648 3082 3702 habet
3113 3647 3199 3701 ille
3228 3647 3281 3701 in
3323 3647 3434 3702 alio
3470 3646 3668 3717 psalmo
3694 3644 3824 3698 locus

2261 3742 2346 3798 ubi
2374 3742 2583 3812 legitur,
2609 3741 2775 3796 Unam
2801 3741 2918 3812 petii
2938 3739 3220 3806 aDomino,
3248 3739 3382 3793 lianc
3408 3740 3657 3809 requiram
3674 3733 3823 3809 (Psal.

2259 3850 2419 3899 xxvi,
2456 3834 2533 3904 4).
2559 3833 2669 3890 Nec
2702 3833 2830 3888 dicit
2859 3832 2982 3903 quid
3024 3846 3182 3886 unam
3204 3871 3220 3897 ,
3260 3832 3346 3886 vel
3375 3846 3535 3901 quam
3566 3843 3735 3890 unam,
3769 3824 3825 3878 de

2258 3941 2359 3995 qua
2403 3922 2615 3989 dixerit,
2673 3923 2823 3978 Hanc
2864 3924 3147 3994 requiram;
3190 3920 3283 3976 sed
3332 3922 3644 3977 femininum
3682 3930 3828 3986 genus

2258 4018 2404 4088 quasi
2434 4032 2530 4087 pro
2558 4028 2747 4073 neutro
2767 4016 2996 4087 positum
3023 4023 3123 4070 est.
3153 4012 3410 4069 Inusitate
3436 4014 3630 4084 quippe
3648 4010 3826 4065 dictum

2258 4120 2360 4178 est,
2396 4109 2562 4165 Unam
2588 4110 2745 4179 petii,
2793 4108 2924 4162 hanc
2964 4108 3252 4177 requiram;
3284 4106 3376 4160 ubi
3404 4120 3511 4160 non
3542 4099 3830 4159 subauditur

2259 4218 2377 4272 quzc
2404 4203 2492 4257 illa
2516 4217 2619 4257 una
2646 4204 2745 4257 sit:
2768 4200 2907 4271 quod
2933 4201 3175 4256 usitatius
3200 4198 3499 4264 diceretur,
3536 4197 3700 4253 Unum
3718 4190 3830 4262 petii

2259 4312 2290 4351 a
2317 4295 2564 4361 Domino,
2608 4294 2711 4350 hoc
2739 4291 3004 4364 requiram
3031 4334 3046 4360 ,
3079 4301 3135 4346 ut
3160 4291 3454 4348 inhabitem
3482 4290 3536 4344 in
3562 4287 3716 4343 domo
3741 4284 3832 4337 Do-

2260 4390 2411 4444 mini.
2453 4388 2510 4442 ln
2541 4387 2624 4442 bis
2660 4387 2804 4442 enim
2842 4386 3045 4441 neutris
3090 4400 3196 4440 non
3237 4385 3379 4439 solet
3415 4383 3558 4453 exigi
3602 4388 3830 4435 neutrum

2259 4482 2398 4552 quod
2430 4480 2853 4537 subaudiendum
2896 4480 2993 4542 sit,
3027 4488 3085 4533 ut
3119 4488 3272 4547 puta,
3305 4492 3472 4531 unum
3505 4475 3724 4536 bonum,
3754 4475 3834 4523 aut

2260 4590 2421 4629 unum
2450 4574 2647 4628 donum
2670 4615 2684 4638 ,
2728 4572 2815 4629 vel
2858 4571 2901 4626 si
2931 4569 3057 4641 quid
3094 4568 3434 4639 hujusmodi;
3468 4566 3562 4623 sed
3598 4559 3832 4635 quidquid

2260 4667 2388 4723 illud
2435 4677 2553 4734 est,
2607 4666 2813 4721 etiamsi
2864 4661 3156 4721 masculino
3202 4662 3285 4717 vel
3340 4661 3604 4716 feminino
3654 4668 3834 4728 genere

2261 4771 2593 4831 nuncupetur
2614 4802 2628 4828 ,
2657 4759 2745 4815 vel
2773 4761 2887 4814 sine
2917 4758 3023 4812 ullo
3054 4756 3267 4811 nomine
3295 4755 3460 4811 ullius
3489 4752 3700 4825 generis
3726 4746 3833 4818 qui-

2258 4854 2488 4909 buslibet
2518 4852 2693 4908 verbis
2736 4852 3033 4907 insinuetur
3058 4890 3073 4914 ,
3114 4846 3270 4903 solita
3316 4848 3541 4902 omnino
3586 4840 3835 4899 locutione

2262 4945 2361 5000 sub
2380 4959 2574 5015 genere
2602 4951 2788 4997 neutro
2813 4940 3141 5010 intelligitur.
3168 4938 3246 4993 lta
3266 4952 3398 5007 ergo
3421 4947 3475 4991 et
3496 4935 3584 4990 hic
3608 4948 3671 4988 eo
3692 4927 3835 4983 modo

2260 5038 2365 5093 dici
2415 5036 2602 5108 potuit,
2658 5033 2783 5089 Haec
2836 5036 2970 5104 facta
3021 5039 3091 5084 est
3146 5030 3288 5091 milii,
3336 5038 3593 5098 tanquam
3650 5024 3834 5108 dictum

2261 5106 2434 5195 esset,
2466 5128 2576 5182 Hoc
2602 5125 2799 5179 factum
2826 5132 2909 5178 est
2933 5120 3084 5175 mihi.
3111 5120 3168 5176 Si
3193 5128 3369 5175 autem
3399 5129 3706 5188 quaeramus
3725 5106 3838 5179 quid

2262 5220 2391 5275 illud
2420 5220 2526 5286 sit,
2569 5216 2801 5272 occurrit
2825 5212 2964 5283 quod
3000 5227 3160 5281 supra
3188 5211 3397 5265 dixerat
3422 5230 3435 5264 :
3468 5208 3668 5261 Memor
3694 5203 3765 5275 fui
3792 5201 3839 5252 in

2261 5324 2404 5369 nocte
2445 5309 2661 5365 nominis
2690 5308 2783 5373 tui,
2827 5304 3062 5370 Domine,
3111 5312 3157 5358 et
3192 5300 3440 5356 custodivi
3485 5301 3648 5369 legem
3691 5305 3838 5348 tuam.

2260 5405 2375 5461 Hoc
2399 5402 2592 5457 factum
2618 5408 2702 5455 est
2724 5395 2884 5462 mihi;
2913 5394 2967 5451 id
2986 5404 3090 5459 est,
3112 5394 3215 5449 hoc
3229 5391 3369 5465 quod
3388 5388 3655 5446 custodivi
3682 5387 3840 5455 legem

2261 5507 2405 5553 tuam
2427 5536 2442 5563 ,
2482 5508 2587 5549 non
2614 5506 2709 5562 per
2733 5490 2994 5560 meipsum
3039 5486 3169 5553 feci,
3213 5484 3306 5542 sed
3345 5482 3553 5539 factum
3580 5490 3660 5537 est
3685 5477 3840 5540 mihi,

2262 5590 2443 5660 utique
2468 5588 2563 5643 abs
2590 5596 2641 5641 te
2663 5602 2680 5639 :
2700 5584 2819 5655 quia
2843 5580 3247 5653 iustificationes,
3274 5592 3379 5631 non
3407 5589 3583 5643 meas,
3612 5571 3711 5629 sed
3740 5579 3843 5623 tuas

2264 5681 2525 5755 exquisivi.
2544 5680 2681 5735 Deus
2705 5687 2778 5733 est
2801 5677 2954 5743 enim,
2980 5673 3477 5744 inquitApostolus,
3509 5672 3595 5741 qui
3622 5672 3837 5738 operatur

2260 5776 2315 5830 in
2341 5774 2478 5829 vobis
2506 5782 2550 5827 et
2574 5773 2700 5826 velle
2724 5780 2769 5825 et
2795 5767 3015 5840 cperari,
3040 5782 3130 5835 pro
3157 5763 3289 5817 bona
3308 5762 3575 5816 voluntate
3592 5756 3841 5831 (Philipp.

2267 5885 2326 5939 ιι.
2360 5869 2471 5943 15).
2510 5867 2622 5922 Hoc
2646 5863 2807 5922 etiam
2840 5877 2934 5934 per
2956 5857 3266 5932 prophetam
3304 5855 3450 5915 Deus
3476 5851 3648 5912 dicit:
3676 5848 3746 5912 ετ
3767 5850 3846 5922 ία-
