4090 6528
323 421 457 479 1545

319 542 446 612 ciant
479 548 536 593 ut
563 538 615 593 in
635 536 1085 610 justiﬁeationibus
1123 534 1248 591 meis
1283 535 1547 591 ambuletis
1569 575 1585 604 ,
1628 543 1675 589 ct
1703 533 1904 604 judicia

318 650 424 688 mea
461 632 756 699 observetis,
803 641 852 686 et
898 631 1100 703 faciatis
1147 629 1358 702 (Ezech.
1401 644 1584 697 xxxvi,
1615 627 1732 700 2'1).
1765 628 1908 696 Qua-

318 735 534 797 propter
559 726 669 780 Deo
694 724 924 793 dicente,
954 722 1066 796 Ego
1094 723 1279 797 faciam
1306 732 1360 777 ut
1387 722 1580 786 iudicia
1606 737 1718 775 mea
1737 721 1905 775 obser-

317 820 466 886 vetis,
491 827 539 872 et
565 820 803 890 faciatis;
830 818 1131 873 rectissime
1157 817 1256 872 iste
1281 816 1429 884 dicit,
1463 815 1576 872 Hoc
1601 814 1795 870 factum
1821 821 1906 870 est

316 911 441 965 mihi
475 929 486 964 :
518 920 574 967 ut
611 926 732 966 cum
774 909 1051 982 quaesieris
1094 908 1219 980 quid
1261 908 1393 964 illud
1435 909 1534 974 sit,
1578 907 1902 978 respondeat

315 1005 454 1076 quod
485 1020 644 1076 supra
675 1005 918 1073 dixerat,
962 1004 1034 1061 Ut
1073 1003 1394 1060 custodirem
1425 1003 1596 1074 legem
1641 1001 1756 1058 Dei.
1798 1000 1906 1057 Sed

315 1097 438 1166 quia
466 1097 568 1151 iste
596 1099 647 1151 in
676 1098 890 1167 longum
922 1110 1101 1152 sermo
1128 1089 1406 1165 processit,
1437 1109 1497 1149 ea
1524 1109 1642 1164 quae
1667 1109 1904 1163 sequun-

315 1196 430 1252 tur,
478 1189 705 1244 Domino
735 1189 1005 1256 donante,
1048 1188 1115 1244 ab
1157 1186 1264 1243 alio
1301 1186 1494 1242 melius
1541 1185 1907 1244 tractabuntur

315 1278 558 1335 exordio.

947 1405 1120 1447 SBRIO
1160 1405 1275 1446 XVI.

384 1529 436 1583 1.
466 1526 621 1602 [vers.
654 1525 770 1600 57.]
796 1525 904 1582 llos
930 1541 1120 1582 versus
1150 1523 1340 1595 psalmi
1372 1524 1530 1595 hujus
1555 1521 1733 1593 magni
1761 1535 1906 1577 nunc

314 1619 651 1690 aggredimur
692 1618 743 1672 in
793 1617 886 1673 Dei
933 1617 1208 1672 voluntate
1255 1615 1581 1682 tractandos,
1628 1613 1765 1668 Pars
1792 1628 1905 1668 mea

313 1708 594 1776 Dominus;
623 1707 766 1779 quod
792 1707 986 1762 habent
1009 1706 1245 1777 quidam,
1273 1705 1481 1760 Portio‘
1503 1720 1632 1771 mea,
1667 1703 1901 1758 Domine.

315 1801 469 1868 Quod
512 1810 687 1857 utrum
734 1800 854 1855 ideo
901 1799 1142 1869 dicatur,
1191 1798 1312 1870 quia
1363 1797 1631 1870 particeps
1681 1797 1796 1868 ejus
1846 1798 1904 1853 ﬁt

313 1894 554 1964 quisquis
583 1894 630 1947 ei
657 1893 925 1959 adhazret,
957 1891 1096 1947 sicut
1132 1891 1387 1963 scriptum
1425 1899 1540 1956 est,
1575 1889 1707 1943 Mihi
1737 1898 1905 1944 autent

311 1984 572 2040 adhterere
596 1982 705 2040 Deo
735 1985 920 2038 bonum
950 1993 1023 2037 est
1052 1981 1224 2056 (Psal.
1254 1998 1403 2038 Lxxn
1422 2023 1438 2049 ,
1469 1983 1598 2054 28).;
1628 1997 1732 2037 non
1759 1983 1902 2038 enim

313 2077 595 2133 existeudo
635 2085 758 2132 sunt
795 2075 1039 2131 homines
1067 2075 1178 2142 dii,
1226 2075 1321 2130 sed
1362 2075 1494 2130 ﬁunt
1540 2073 1904 2144 participando

314 2171 455 2226 illius
491 2170 645 2225 unius
675 2169 765 2240 qui
795 2183 951 2224 verus
995 2176 1076 2223 est
1104 2168 1246 2223 Deus
1270 2185 1283 2222 :
1308 2183 1374 2222 an
1401 2167 1558 2237 quia3
1592 2174 1766 2236 partes
1803 2166 1904 2221 sibi

311 2263 517 2333 eligunt
547 2263 790 2316 homines
814 2262 865 2316 in
892 2259 996 2316 hoc
1024 2260 1244 2326 mundo,
1278 2261 1392 2315 sive
1421 2260 1734 2324 sortiuntur,
1767 2259 1903 2315 alius

313 2353 452 2420 hoc,
495 2354 630 2408 alius
658 2353 825 2417 illud,
867 2353 1008 2407 unde
1037 2352 1260 2422 quisque
1302 2352 1479 2417 vivat;
1511 2351 1902 2422 quodammodo
1983 2362 1996 2376 '

310 2445 486 2516 portio
519 2447 723 2516 piorum
757 2446 896 2501 Deus
923 2453 1007 2504 est
1030 2444 1172 2500 unde
1201 2460 1416 2515 semper
1442 2445 1620 2500 vivant
1644 2464 1657 2500 :
1681 2453 1904 2515 uterque

311 2551 415 2592 non
455 2547 539 2592 est
572 2551 759 2592 sensus
794 2537 1074 2593 absurdus.
1118 2535 1225 2593 Sed
1269 2537 1409 2608 quod
1450 2538 1688 2606 sequitur
1712 2537 1900 2592 audia-

309 2643 428 2684 mus
459 2646 472 2682 :
499 2628 656 2692 Dixi,
703 2629 953 2683 custodire
993 2629 1152 2700 legem
1181 2639 1339 2682 tuam.
1379 2628 1517 2697 Quid
1561 2637 1672 2698 est,
1720 2629 1902 2684 Portio

309 2739 443 2789 mea,
477 2721 697 2776 Domine
722 2764 736 2788 ,
782 2723 890 2776 dixi
913 2764 928 2789 ,
972 2703 1239 2776 custodire
1265 2722 1424 2794 legem
1452 2731 1624 2786 tuam;
1652 2723 1753 2777 nisi
1778 2724 1900 2793 quia

307 2811 378 2868 ita
408 2815 513 2868 erit
543 2814 719 2883 portio
759 2815 1020 2886 cujusque
1066 2814 1356 2881 Dominus,
1401 2829 1524 2871 cum
1569 2815 1743 2884 legem
1785 2815 1902 2886 ejus

308 2905 662 2961 custodierit?

375 2996 432 3049 2.
463 2994 612 3066 [vers.
647 2995 735 3060 58,
777 2993 894 3068 59.]
933 2994 1038 3051 Sed
1083 2995 1353 3066 quomodo
1382 2994 1646 3061 custodit,
1674 2994 1775 3050 nisi
1800 2996 1904 3051 hoc

307 3089 473 3145 donet
501 3099 660 3158 atque
702 3088 767 3143 ad
810 3089 910 3144 hoc
957 3088 1172 3160 adjuvet
1209 3087 1436 3159 Spiritus
1476 3087 1784 3154 viviﬁcans;
1833 3103 1903 3144 ne

310 3182 486 3238 littera
520 3181 727 3237 occidat
757 3181 825 3252 (ll
854 3180 972 3236 Cor.
1008 3197 1082 3248 Ill,
1115 3180 1197 3252 6),
1229 3189 1286 3236 et
1316 3193 1590 3252 peccatum
1621 3181 1904 3238 occasione

306 3283 524 3345 accepta
554 3290 650 3345 per
679 3274 985 3329 mandatum
1029 3284 1282 3343 operetur
1326 3274 1379 3327 in
1429 3273 1647 3328 homine
1679 3287 1898 3328 omnem

267 3435 272 3438 _
307 3367 792 3437 concupiscentiam
816 3364 995 3435 (Rom.
1020 3380 1115 3431 vn,
1136 3364 1217 3435 8).
1241 3363 1571 3420 lnvocandus
1592 3373 1677 3420 est
1703 3364 1861 3435 igitur
1884 3381 1900 3419 :

305 3461 383 3516 sic
407 3461 553 3516 enim
579 3460 646 3514 ab
673 3474 738 3514 eo
765 3458 896 3514 ﬁdes
925 3459 1176 3528 impetrat
1200 3456 1340 3528 quod
1369 3458 1458 3513 lex
1482 3457 1739 3528 imperat;
1769 3471 1904 3526 quo-

311 3555 456 3609 niam
513 3553 605 3623 qui
655 3552 981 3608 invocaverit
1028 3566 1225 3606 nomen
1273 3550 1525 3618 Domini,
1575 3551 1753 3606 salvus
1795 3551 1900 3604 erit

307 3645 446 3718 (Joel
470 3661 504 3699 ιι
519 3685 536 3712 ,
565 3642 664 3709 52;
693 3643 842 3699 Rom.
876 3659 926 3707 x,
950 3644 1061 3713 15).
1081 3643 1144 3696 Ει
1162 3642 1284 3698 ideo
1299 3641 1420 3696 vide
1435 3640 1561 3710 quid
1583 3640 1898 3710 subjungat:

316 3735 564 3791 Precatus
590 3751 702 3790 sum
732 3735 912 3805 facient
941 3745 1077 3787 tuam
1116 3735 1172 3787 in
1200 3742 1304 3788 toto
1325 3733 1477 3787 corde
1495 3731 1696 3786 meo.Et
1718 3731 1903 3787 dicens

307 3827 577 3899 quomodo
601 3827 670 3881 sit
701 3838 944 3897 precatus
965 3843 978 3879 :
998 3825 1260 3890 Miserere,
1285 3825 1474 3894 inquit,
1509 3821 1608 3878 mei
1628 3822 1902 3878 secundum

307 3922 566 3991 eloquium
595 3929 758 3974 tuum.
803 3919 870 3974 Et
897 3928 1144 3990 tanquam
1190 3917 1472 3973 exauditus
1502 3924 1662 3987 atque
1689 3915 1904 3985 adjutus

308 4014 374 4069 ab
393 4029 460 4070 eo
486 4028 646 4083 quem
674 4021 920 4082 precatus
946 4019 1028 4066 est
1052 4030 1065 4066 :
1089 4011 1336 4082 Cogitavi,
1368 4010 1536 4080 inquit
1561 4050 1576 4076 ,
1610 4010 1715 4064 vias
1745 4025 1903 4079 meas,

309 4115 353 4162 et
379 4105 535 4160 averti
565 4104 716 4175 pedes
746 4120 882 4158 meos
910 4104 964 4158 in
991 4103 1278 4157 testimonia
1307 4111 1414 4156 tua.
1448 4102 1617 4172 Λιμενιὶ
1643 4103 1845 4157 scilicet
1873 4119 1904 4158 a

308 4199 409 4254 viis
439 4197 596 4262 meis,
625 4213 744 4266 quae
773 4197 1160 4267 displicuerum
1185 4195 1347 4263 mihi,
1379 4204 1438 4250 ut
1477 4196 1617 4251 irent
1652 4198 1707 4250 in
1753 4195 1904 4250 testi-

311 4290 490 4345 monia
535 4301 621 4343 tua
649 4331 663 4355 ,
715 4298 872 4358 atque
909 4289 980 4345 ibi
1010 4288 1271 4344 haberent
1314 4287 1478 4342 viam.
1526 4287 1712 4343 Plures
1759 4283 1903 4342 enim

311 4383 523 4438 codices
546 4399 650 4437 non
674 4382 892 4450 habent,
921 4382 1055 4450 Quia
1079 4383 1313 4454 cogitavi,
1341 4382 1478 4436 sicut
1505 4382 1557 4435 in
1584 4380 1901 4451 quibusdam

310 4474 530 4545 legitur;
573 4475 668 4529 sed
709 4473 1098 4540 tantummodo,
1130 4471 1378 4544 Cogitavi.
1409 4471 1560 4539 Quod
1603 4481 1780 4527 autem
1818 4470 1904 4526 hic

313 4568 541 4636 positum
569 4575 651 4620 est
671 4607 685 4630 ,
718 4565 781 4618 Et
825 4565 984 4620 averti
1014 4564 1162 4633 pedes
1194 4580 1368 4631 meos;
1394 4563 1633 4619 nonnulli
1666 4563 1898 4631 habent,

315 4658 446 4723 Quia
467 4658 702 4728 cogitavi,
727 4667 773 4712 et
793 4657 1018 4713 avertisti
1042 4656 1194 4727 pedes
1219 4673 1356 4711 meos
1375 4674 1394 4711 :
1413 4666 1470 4711 ut
1491 4658 1591 4712 hoc
1613 4657 1702 4712 Dei
1729 4658 1903 4727 potius

311 4751 498 4820 gratia:
525 4749 815 4815 tribuatur,
847 4747 1140 4804 secundum
1170 4748 1296 4803 illud
1323 4748 1463 4818 quod
1493 4749 1780 4818 Apostolus
1804 4749 1899 4826 ait,

311 4845 452 4901 Deus
479 4856 553 4903 est
581 4847 714 4902 enim
741 4845 827 4916 qui
865 4855 1106 4916 operatur
1131 4844 1183 4898 in
1210 4843 1346 4897 vobis
1376 4841 1632 4914 (Philipp.
1670 4859 1740 4910 ιι,
1771 4843 1899 4915 15);

311 4941 395 4996 cui
421 4941 582 4997 etiam
610 4940 823 5008 dicitur,
848 4941 1028 4994 Averte
1051 4938 1223 4993 oculos
1249 4953 1404 5004 meos,
1439 4953 1503 4991 ne
1528 4936 1729 4990 videant
1755 4937 1902 4990 vani-

314 5042 485 5086 tatem.
515 5033 573 5089 Si
602 5032 815 5098 oculos,
863 5047 930 5086 ne
974 5030 1190 5084 videant
1217 5029 1538 5094 vanitatem,
1581 5042 1678 5080 cur
1705 5043 1807 5080 non
1847 5034 1903 5081 et

307 5124 477 5194 pedes
497 5165 512 5191 ,
547 5139 614 5179 ne
651 5131 924 5180 sectentur
953 5121 1230 5177 errorem?
1260 5121 1484 5189 Propter
1513 5118 1653 5188 quod
1681 5127 1736 5173 et
1772 5117 1902 5173 illud

312 5216 569 5286 scriptum
591 5225 676 5272 est
701 5233 714 5269 :
737 5215 884 5270 Oculi
911 5215 1007 5269 mei
1027 5229 1223 5283 semper
1246 5212 1315 5266 ad
1341 5212 1632 5278 Dominum,
1663 5212 1903 5282 quoniam

311 5309 418 5377 ipse
445 5307 618 5364 evellet
648 5308 711 5364 de
739 5309 915 5378 laqueo
943 5306 1093 5377 pedes
1111 5321 1247 5361 meos
1275 5303 1449 5375 (Psal.
1479 5319 1630 5368 xxiv,
1659 5303 1773 5374 l5).
1795 5301 1901 5359 Sed

309 5400 421 5456 sive
453 5400 678 5454 avertisti
726 5403 875 5470 pedes
916 5415 1084 5465 meos,
1135 5397 1249 5454 sive
1284 5397 1441 5452 averti
1478 5396 1629 5468 pedes
1657 5411 1792 5450 meos
1820 5395 1900 5451 le-

309 5502 462 5562 gatur
481 5533 495 5557 ,
528 5491 597 5546 ab
626 5492 714 5547 illo
744 5491 801 5546 lit
825 5500 883 5548 ut
909 5491 1160 5547 faciamus
1185 5531 1199 5556 ,
1238 5490 1391 5560 cujus
1438 5488 1626 5544 faciem
1655 5497 1902 5559 precatus

307 5585 391 5630 est
417 5577 468 5631 in
501 5576 665 5632 corde
692 5591 790 5631 suo
809 5619 824 5643 ,
857 5585 912 5632 et
937 5575 1022 5630 cui
1053 5575 1204 5640 dixit,
1238 5573 1482 5631 Miserere
1503 5575 1601 5629 mei
1625 5573 1901 5630 secundum

309 5668 566 5740 eloquium
609 5677 771 5736 tuum,
805 5668 906 5724 hoc
947 5676 1064 5735 est,
1095 5666 1390 5724 secundum
1417 5667 1637 5724 verbum
1669 5666 1900 5738 promis-

369 5826 387 5890 8
414 5827 642 5890 Plerique
663 5833 793 5889 Mss,
819 5836 958 5890 Pars.

303 5889 488 6005 Igitr.
526 5889 580 5940 et
622 5897 764 5952 Lov.,
801 5889 924 5942 sicut
965 5896 1144 5954 partes.
1191 5889 1372 5954 Abest,
1409 5890 1566 5955 sicut,
1605 5891 1667 5942 ab
1711 5899 1808 5942 Am.
1848 5898 1900 5943 ct

634 6036 865 6124 Sacr.
911 6037 1191 6122 Accusa“.
1236 6037 1344 6103 IV.

1399 414 1795 474 ENARRATIO
1823 413 1889 474 IN
1926 414 2248 475 PSALMUM
2273 413 2504 474 CXVIII.

3458 418 3606 479 {5‘6

2013 534 2180 590 sionis
2208 520 2330 589 tuae.
2363 532 2477 588 Filii
2498 530 2695 603 quippe
2711 530 3082 603 promissionis
3111 531 3166 588 in
3194 531 3402 590 semine
3428 533 3603 606 depu-

2016 632 2192 680 tantur
2218 625 2464 680 Abrahaa.
2495 624 2672 691 (Rom.
2702 640 2778 692 ιχ,
2805 624 2840 680 8
2865 635 2911 679 et
2932 625 3011 693 9).

2087 717 2140 770 5.
2172 715 2321 789 [vers.
2352 715 2467 789 60.]
2500 716 2734 786 Denique
2764 715 2867 772 hoc
2910 716 3195 787 impetrato
3223 717 3411 788 gratiae
3437 717 3604 773 bene-
3701 736 3703 738 ·

2018 806 2170 874 licio,
2220 808 2442 863 Paratus
2472 825 2582 864 sum
2601 849 2615 874 ,
2649 808 2851 879 inquit,
2897 818 2944 863 et
2987 826 3090 864 non
3113 826 3226 864 sum
3254 809 3480 864 turbatus
3503 851 3518 877 ,
3549 819 3605 864 ut

2014 899 2293 953 custodiam
2322 900 2563 953 mandata
2589 909 2677 953 tua
2698 916 2716 954 :
2737 899 2880 970 quod
2907 901 3069 971 aliqui
3094 901 3426 971 interpretati
3455 910 3602 965 sunt,

2015 990 2083 1043 ad
2102 991 2485 1045 custodiendum
2525 991 2769 1045 mandata
2798 1001 2921 1057 tua;
2962 992 3143 1062 aliqui,
3179 1002 3232 1045 ut
3262 993 3607 1056 custodirent;

2013 1082 2205 1152 aliqui,
2238 1083 2488 1139 custodire
2511 1098 2529 1136 :
2549 1083 2690 1153 quod
2719 1098 2926 1155 graecus
2954 1083 3146 1153 posuit,
3177 1094 3261 1138 τοῦ
3289 1090 3600 1155 φυλάξασθαι.

2083 1177 2139 1232 4.
2169 1174 2317 1248 [vers.
2351 1175 2468 1252 61.]
2497 1176 2663 1244 Quam
2691 1192 2818 1232 vero
2849 1185 3061 1246 paratus
3087 1176 3253 1232 lactus
3282 1176 3350 1231 sit
3391 1176 3456 1230 ad
3503 1192 3601 1231 cu-

2011 1267 2289 1324 stodienda
2332 1268 2508 1324 divina
2550 1269 2796 1326 mandata
2845 1269 3112 1338 subdidit,
3151 1270 3334 1326 dicens
3377 1288 3391 1324 ε
3430 1269 3604 1325 Funes

1955 1391 1969 1400 -
2011 1369 2329 1432 peccatorum
2370 1362 2697 1433 circumplemi
2737 1371 2852 1416 sunt
2895 1379 2992 1428 me,
3023 1371 3069 1415 et
3091 1363 3216 1432 legis
3236 1372 3334 1416 tute
3361 1379 3461 1417 non
3488 1379 3604 1416 sunt

2011 1455 2213 1509 oblitus.
2250 1453 2423 1510 Funes
2470 1464 2791 1525 peccatorum
2831 1455 3208 1526 impedimenta
3259 1465 3381 1510 sunt
3420 1455 3602 1510 inimi-

2009 1563 2218 1616 corum,
2247 1549 2358 1603 sive
2385 1548 2761 1619 spiritualium,
2790 1549 2925 1604 sicut
2952 1548 3150 1603 diaboli
3191 1556 3247 1604 et
3286 1548 3602 1618 angelorum

2011 1640 2145 1712 ejus,
2173 1641 2287 1696 sive
2314 1641 2626 1706 carnalium,
2654 1641 2708 1695 in
2736 1640 2930 1711 quibus
2960 1640 3083 1694 liliis
3124 1639 3450 1696 inﬁdelitatis
3481 1641 3600 1695 dia-

2011 1733 2166 1790 holus
2203 1741 2456 1804 operatur
2487 1733 2700 1805 (Epltes.
2734 1748 2788 1800 ιι,
2817 1730 2899 1804 2).
2928 1731 3043 1788 Non
3081 1731 3226 1788 enim
3255 1733 3356 1788 hoc
3404 1747 3601 1788 nomen

2010 1826 2152 1896 quod
2179 1824 2378 1882 dictum
2412 1836 2494 1884 est
2521 1836 2861 1898 peccatorunt,
2882 1825 2951 1880 ab
2978 1840 3044 1881 eo
3066 1825 3208 1896 quod
3235 1834 3357 1879 sunt
3385 1835 3602 1895 peccata

2009 1916 2331 1974 declinatum
2379 1927 2494 1984 est,
2541 1917 2634 1973 sed
2679 1917 2746 1973 ab
2790 1933 2856 1974 eo
2893 1916 3036 1989 quod
3081 1926 3205 1972 sunt
3246 1925 3552 1988 peccatores
3583 1934 3602 1973 :

2010 2008 2152 2080 quod
2197 2010 2250 2064 in
2293 2025 2469 2080 graeco
2513 2009 2788 2066 evidenter
2827 2019 3046 2080 apparet
3083 2008 3202 2080 (a).
3243 2009 3377 2065 Cum
3423 2010 3605 2080 itaque

2010 2102 2280 2157 minantur
2324 2104 2482 2168 mala,
2507 2102 2700 2172 quibus
2740 2111 2975 2158 terreant
3013 2101 3204 2172 justos,
3249 2117 3316 2156 ne
3365 2116 3459 2172 pro
3507 2100 3604 2157 Dei

2010 2195 2125 2268 lege
2154 2197 2438 2266 patiantur,
2471 2187 2863 2266 quodammodo
2891 2194 3139 2250 funibus’
3167 2194 3456 2265 implicant,
3491 2195 3603 2249 vel-

2009 2290 2086 2344 uti
2113 2290 2284 2348 valida
2326 2299 2380 2344 et
2420 2289 2633 2344 robusta
2664 2298 2805 2344 reste
2850 2302 2964 2343 sua.
2995 2287 3234 2342 Trahunt
3278 2287 3420 2342 enim
3470 2300 3602 2356 pec-

2009 2390 2125 2436 cata
2154 2381 2290 2436 sicut
2316 2390 2513 2437 restem
2537 2381 2748 2452 longam
2783 2378 2942 2451 (Isai.
2966 2395 3021 2446 v,
3042 2378 3165 2449 18).
3190 2378 3256 2432 Et
3299 2376 3426 2432 hinc
3471 2393 3600 2432 san-

2008 2484 2123 2530 ctos
2144 2475 2417 2545 implicare
2462 2482 2741 2540 conantur,
2769 2481 2824 2528 et
2865 2471 3151 2542 aliquando
3195 2471 3600 2541 permittuntur.

2006 2565 2112 2622 Sed
2137 2567 2182 2622 si
2210 2566 2482 2636 implicant
2506 2581 2722 2637 corpus,
2753 2581 2859 2620 non
2904 2563 3179 2634 implicant
3215 2562 3474 2631 animum,
3508 2561 3600 2618 ubi

2008 2675 2112 2715 non
2141 2668 2225 2716 est
2251 2660 2350 2715 iste
2380 2659 2472 2715 Dei
2517 2660 2650 2730 legis
2694 2658 2920 2726 oblitus;
2947 2658 3071 2729 quia
3119 2671 3297 2712 sermo
3347 2655 3442 2712 Dei
3489 2670 3599 2712 non

2007 2761 2091 2808 est
2119 2752 2361 2823 alligatus
2390 2752 2469 2824 (ll
2495 2750 2631 2807 Tim.
2662 2768 2718 2815 tt,
2750 2749 2840 2822 9).

2079 2845 2132 2900 5.
2161 2842 2310 2916 [vers.
2343 2841 2456 2916 62.]
2487 2842 2661 2897 Media
2686 2852 2848 2907 nocte,
2874 2841 3064 2912 inquit,
3094 2842 3358 2912 surgebam
3377 2840 3445 2896 ad
3469 2857 3599 2895 con-

2007 2935 2252 3006 ﬁtendum
2279 2935 2386 3002 tibi,
2414 2952 2564 3004 super
2590 2935 2792 3007 judicia
2825 2935 3041 3006 justitiw
3077 2943 3194 2989 tuae.
3227 2933 3362 3000 Quia
3402 2942 3457 2990 et
3494 2933 3601 2989 hoc

2008 3029 2181 3102 ipsum
2211 3029 2354 3102 quod
2393 3029 2549 3086 funes
2587 3039 2929 3100 peccatorum
2974 3028 3478 3098 circumplectuntur
3509 3028 3601 3098 ju-

2007 3128 2186 3186 stum,
2225 3121 2422 3192 judicia
2462 3129 2587 3177 sunt
2629 3120 2847 3190 justitia:
2874 3119 2988 3174 Dei.
3017 3119 3242 3189 Propter
3289 3118 3429 3189 quod
3471 3117 3602 3175 dicit

2007 3217 2278 3286 apostolus
2296 3216 2508 3282 Petrus,
2541 3224 2747 3284 tempus
2763 3229 2883 3270 esse
2906 3223 2962 3269 ut
2983 3214 3243 3284 judicium
3253 3215 3367 3284 jam
3389 3214 3603 3286 incipiat

2008 3322 2040 3359 a
2068 3307 2216 3360 domo
2246 3306 2472 3361 Domini.
2501 3304 2569 3359 Et
2597 3307 2642 3360 si
2679 3307 2898 3371 initium,
2950 3307 3140 3376 inquit,
3167 3322 3199 3358 a
3228 3306 3370 3360 nobis
3381 3323 3402 3371 ;
3436 3305 3602 3382 qualis

2008 3401 2126 3470 ﬁnis
2166 3403 2260 3455 erit
2302 3403 2374 3456 eis
2411 3403 2495 3472 qui
2519 3418 2620 3456 non
2644 3402 2853 3456 credunt
2879 3400 3087 3455 Domini
3120 3401 3436 3474 Evangelia?
3464 3401 3532 3456 Et
3555 3403 3605 3457 si

1999 3494 2171 3566 justus
2197 3492 2397 3562 quidem
2421 3493 2506 3546 vix
2543 3492 2710 3547 salvus
2757 3493 2870 3560 erit,
2921 3501 3154 3562 peccator
3192 3503 3240 3547 et
3287 3493 3472 3564 impius
3515 3491 3606 3548 ubi

2010 3585 2252 3656 parebunt
2271 3582 2324 3658 (1
2347 3584 2488 3639 Petr.
2520 3601 2592 3652 ιν,
2619 3586 2708 3652 l7,
2728 3584 2846 3654 is)?
2861 3585 2974 3642 Hoc
2992 3571 3134 3641 enim
3151 3587 3226 3642 ait
3251 3586 3319 3642 de
3344 3601 3604 3658 persecu-

2011 3678 2244 3733 tionibus
2273 3692 2404 3747 quas
2436 3677 2734 3748 patiebatur
2762 3677 3023 3745 Ecclesia,
3052 3694 3177 3734 cum
3218 3679 3373 3735 funes
3412 3694 3606 3751 pecca-

2011 3779 2184 3825 torum
2230 3771 2790 3841 circumplecterentur
2817 3787 2955 3826 eam.
2981 3769 3210 3826 Proinde
3239 3771 3470 3827 mediam
3501 3777 3613 3828 noo'

2009 3871 2150 3918 ctem
2186 3863 2428 3934 graviora
2478 3863 2831 3918 tribulationis
2870 3863 3214 3932 intelligenda
3244 3864 3511 3919 existimo.
3543 3865 3604 3920 ln

2009 3969 2110 4024 qua
2139 3954 2271 4008 dixit
2301 3955 2580 4025 Surgebam
2608 3972 2628 4009 :
2653 3954 2776 4025 quia
2802 3970 2909 4010 non
2946 3970 3066 4009 eum
3095 3955 3172 4011 sic
3213 3955 3508 4027 afﬂigebat,
3542 3965 3603 4012 ut

2010 4045 2298 4115 dejiceret;
2327 4044 2423 4100 sed
2467 4045 2769 4113 exercebat,
2813 4053 2872 4100 ut
2913 4054 3176 4116 surgeret,
3224 4047 3273 4100 id
3302 4056 3402 4111 est,
3455 4056 3603 4105 utea

2009 4137 2123 4206 ipsa
2156 4135 2495 4192 tribulatione
2519 4135 2586 4190 ad
2609 4134 2794 4191 fortius
2816 4135 3178 4193 conﬁtendum
3206 4140 3506 4208 proliceret.

2081 4230 2134 4285 6.
2169 4227 2320 4300 [vers.
2351 4229 2438 4295 65,
2474 4227 2589 4300 64.]
2623 4227 2740 4282 Jam
2785 4243 2913 4283 vero
2952 4229 3072 4300 quia
3120 4227 3221 4283 ista
3262 4231 3394 4286 ﬁunt
3433 4231 3602 4302 gratia

2012 4323 2109 4378 Dei
2135 4324 2231 4392 per
2253 4322 2435 4378 Jesum
2464 4320 2736 4378 Christum
2774 4321 3058 4377 Dominum
3099 4333 3364 4390 nostrum,
3411 4339 3602 4379 vocem

2011 4431 2253 4485 personte
2279 4431 2388 4470 suae
2414 4431 2511 4486 per
2537 4414 2676 4470 hanc
2720 4414 3055 4486 prophetiam
3102 4430 3201 4470 suo
3247 4417 3458 4486 corpori
3509 4417 3603 4473 ad-

2005 4511 2179 4581 jungit
2204 4511 2318 4580 ipse
2354 4509 2614 4566 Salvator.
2647 4508 2729 4564 Ad
2780 4511 2953 4579 ipsum
2994 4516 3155 4579 caput
3199 4509 3341 4565 enim
3382 4510 3604 4580 proprie

2010 4603 2150 4674 quod
2196 4602 2434 4672 sequitur
2474 4602 2746 4674 pertinere
2788 4602 3041 4669 arbitror,
3079 4600 3347 4675 Particeps
3371 4621 3461 4675 ego
3490 4622 3604 4660 sum

2010 4694 2234 4750 omnium
2277 4694 2555 4748 timentium
2593 4702 2674 4760 te,
2718 4701 2766 4748 et
2792 4693 3180 4748 custodientium
3209 4696 3452 4749 mandata
3491 4706 3599 4755 tua.

2011 4787 2158 4844 Sicut
2184 4791 2265 4843 est
2294 4787 2346 4840 in
2374 4786 2610 4856 Epistola
2658 4801 2776 4856 quae
2806 4786 2890 4857 .ad
2935 4786 3190 4844 Hebraeos
3238 4790 3548 4844 inscribitur
3585 4809 3600 4844 :

2014 4878 2113 4948 Qui
2133 4879 2265 4932 enim
2279 4878 2582 4946 sanctiﬁcat,
2608 4886 2654 4932 et
2671 4877 3174 4948 quisancti/icantur,
3195 4896 3259 4934 ex
3276 4897 3374 4933 uno
3389 4897 3560 4935 omnes
3583 4898 3603 4946 ,°

2012 4982 2218 5044 prapter
2231 4986 2382 5041 quam
2400 4987 2604 5025 causam
2621 4985 2722 5025 non
2732 4971 3061 5042 confunditur
3074 4976 3261 5043 fratres
3289 4988 3372 5027 eos
3397 4989 3594 5028 vocare.

2011 5065 2078 5121 Et
2121 5063 2278 5135 paulo
2318 5071 2482 5134 post:
2528 5062 2810 5132 Pmpterea
2835 5080 2974 5135 ergo,
3018 5064 3218 5135 inquit,
3273 5066 3393 5136 quia
3446 5067 3600 5135 pueri

2009 5160 2539 5217 communicaverunt
2561 5161 2710 5216 carni
2731 5168 2786 5215 et
2810 5159 3072 5230 sanguini,
3101 5168 3156 5215 et
3181 5159 3297 5230 ipse
3323 5177 3592 5231 properum

2010 5251 2134 5306 dum
2180 5268 2352 5306 eorum
2390 5251 2709 5322 participavit
2737 5249 2925 5321 (Hebr.
2951 5265 3009 5317 tt,
3040 5250 3130 5316 11,
3159 5248 3268 5321 id).
3292 5251 3444 5316 Quod
3474 5251 3599 5322 quid

2010 5356 2096 5404 est
2118 5347 2282 5414 aliud,
2311 5361 2488 5417 quam,
2519 5346 2720 5400 Eorum
2763 5347 3031 5416 particeps
3071 5342 3241 5399 factus
3262 5344 3375 5399 est?
3417 5343 3601 5416 Neque

2011 5441 2156 5496 enim
2183 5439 2521 5495 efﬁceremur
2546 5437 2831 5508 participes
2860 5434 3150 5492 divinitatis
3175 5436 3292 5504 ejus
3309 5478 3324 5502 ,
3353 5437 3455 5492 nisi
3488 5439 3602 5508 ipse

2011 5531 2348 5588 mortalitatis
2376 5539 2574 5586 nostra:
2601 5528 2866 5600 particeps
2882 5527 3054 5584 ﬁeret.
3089 5527 3226 5584 Nam
3265 5536 3320 5584 et
3346 5529 3396 5582 in
3421 5529 3600 5584 Evan-

2008 5628 2166 5698 gelio,
2189 5625 2332 5698 quod
2355 5639 2456 5683 nos
2475 5623 2768 5679 divinitatis
2791 5622 2906 5693 ejus
2937 5622 3220 5693 participes
3240 5620 3364 5678 facti
3389 5637 3597 5689 sumus,

2010 5720 2084 5775 ita
2123 5719 2317 5774 dicitur
2342 5735 2357 5772 :
2387 5715 2540 5772 Dedit
2581 5715 2660 5771 eis”
2699 5722 2995 5787 potestatem
3039 5714 3176 5784 ﬁlios
3217 5712 3318 5767 Dei
3344 5713 3490 5782 ﬁeri;
3520 5715 3600 5768 his

2008 5819 2096 5889 qui
2125 5815 2331 5870 credunt
2378 5814 2432 5867 in
2462 5816 2664 5866 nomine
2711 5826 2840 5884 ejus,
2889 5809 2976 5882 qui
3018 5825 3118 5864 non
3154 5824 3218 5864 ea:
3245 5807 3597 5880 sanguinibus,

2073 5912 2089 5979 ξ
2111 5905 2338 5979 tjlerique
2353 5912 2502 5979 Mss,

2071 5971 2144 6037 (a)
2175 5967 2321 6021 Graio.
2344 5967 2627 6021 amartblon.

2670 6029 3282 6118 (morante-neuti)
