4070 6514
445 382 577 439 i551

441 495 586 568 quod
630 490 875 547 manibus
902 485 1107 546 fecerit.
1153 482 1272 539 Cur
1308 483 1484 553 itaque
1513 478 1830 549 quibusdam
1857 475 2027 530 visum

441 590 612 646 fuerit
633 587 796 641 verbo
846 585 1010 637 Deum
1054 580 1242 635 fecisse
1287 585 1479 633 ctetera
1507 616 1523 640 ,
1586 572 1855 627 hominem
1894 581 2024 622 vero

442 683 591 737 velut
616 676 815 748 aliquid
852 674 1183 745 praecipuum
1224 669 1415 725 fecisse
1463 665 1711 720 manibus
1753 662 1884 725 suis,
1918 674 2023 713 non

440 771 601 826 video
634 789 646 823 :
679 768 779 823 nisi
817 768 952 820 forte
997 763 1119 833 quia
1170 777 1236 816 ex
1266 760 1490 830 pulvere
1519 756 1804 811 formatum
1834 752 2028 820 legitur

444 860 679 917 hominis
722 872 919 927 corpus
961 853 1113 927 (Gen.
1170 869 1228 919 ιι,
1252 852 1329 923 7);
1367 866 1475 905 non
1506 848 1742 919 potuisse
1772 844 1885 899 ﬁeri
1926 841 2026 897 nisi

441 954 691 1010 manibus
721 950 1084 1012 arbitrantur;
1115 960 1213 1000 nec
1240 943 1521 999 attendunt
1568 939 1712 1011 quod
1752 940 1806 992 in
1845 936 2024 990 Evan-

441 1047 585 1119 gelio
633 1044 701 1099 de
732 1042 907 1098 Verbo
956 1040 1048 1094 Dei
1082 1040 1341 1108 scriptum
1368 1045 1471 1101 est,
1504 1033 1690 1088 Omnia
1740 1047 1830 1102 per
1859 1030 2027 1100 ipsum

444 1142 583 1212 facta
604 1145 721 1190 sunt
750 1135 932 1205 (Joun.
956 1149 991 1198 ι,
1018 1129 1095 1203 3),
1127 1146 1233 1185 non
1258 1144 1413 1199 posse
1437 1135 1706 1190 constare,
1725 1124 1771 1178 si
1798 1137 1902 1176 non
1934 1134 2031 1190 per

441 1230 681 1286 Verbum
706 1228 902 1283 factum
932 1234 1014 1280 est
1040 1226 1199 1279 etiam
1225 1236 1421 1291 corpus
1440 1220 1755 1275 humanum.
1786 1215 1892 1270 Sed
1932 1213 2026 1267 ad-

445 1322 636 1375 hibent
668 1319 1033 1374 testimonium
1060 1316 1127 1369 de
1154 1314 1262 1369 hoc
1286 1314 1513 1383 psalmo,
1542 1318 1596 1365 et
1637 1308 1824 1363 dicunt
1850 1324 1863 1359 :
1895 1305 2032 1359 Ecce

446 1413 537 1468 ubi
566 1411 902 1481 apertissime
929 1409 1126 1465 clamat
1146 1406 1328 1469 homo,
1352 1402 1539 1457 Manus
1564 1410 1663 1455 tua:
1684 1403 1910 1472 fecerunt
1930 1412 2032 1463 me,

446 1514 493 1560 et
528 1505 787 1573 ﬁnxerunt
809 1518 904 1555 me.
938 1500 1101 1568 Quasi
1132 1514 1238 1552 non
1267 1506 1452 1566 aperte
1503 1495 1663 1549 etiam
1694 1492 1897 1547 dictum
1925 1491 1997 1544 sit
2019 1529 2033 1554 ,

454 1594 645 1651 Videbo
673 1597 845 1660 cwlos,
883 1610 1039 1664 opera
1071 1592 1346 1663 digitorum
1369 1600 1570 1643 tuorum
1592 1586 1761 1657 (Psal.
1788 1601 1902 1649 vut,
1934 1584 1990 1655 4)
2020 1599 2035 1649 ;

447 1703 550 1742 nec
577 1687 749 1741 minus
777 1694 976 1755 aperte,
1005 1681 1075 1737 Et
1104 1699 1259 1752 opera
1287 1696 1531 1735 manuum
1558 1688 1762 1732 tuarum
1786 1686 1904 1732 sunt
1928 1675 2039 1730 caeli

449 1778 623 1849 (Psal.
654 1794 720 1844 CI,
754 1777 863 1848 26)
890 1794 905 1842 ;
938 1776 1212 1843 multoque
1241 1774 1500 1843 apertius,
1529 1770 1596 1824 Et
1625 1770 1824 1823 aridam
1852 1777 2037 1822 terram

448 1874 630 1925 manus
652 1872 761 1941 ejus
794 1870 1055 1939 ﬁnxerunt
1084 1866 1255 1938 (Psal.
1278 1881 1422 1930 xctv,
1452 1863 1527 1934 5).
1576 1862 1763 1918 Manus
1789 1876 1916 1930 ergo
1947 1859 2041 1915 Dei

454 1972 579 2020 sunt
606 1971 846 2034 potestas
890 1960 1005 2016 Dei.
1036 1960 1143 2014 Aut
1181 1960 1226 2014 si
1257 1956 1479 2028 pluralis
1506 1968 1763 2010 numerus
1786 1968 1879 2007 eos
1922 1966 2039 2005 mo-

449 2067 561 2125 vet,
586 2057 707 2127 quia
733 2070 839 2111 non
864 2054 1063 2109 dictum
1080 2059 1183 2119 est,
1211 2066 1400 2105 manus
1425 2059 1531 2113 tua,
1562 2047 1676 2111 sed,
1705 2062 1887 2099 manus
1905 2055 2004 2100 tua:
2020 2060 2041 2109 ;

454 2153 718 2222 accipiant
747 2163 938 2205 manus
980 2149 1091 2211 Dei,
1144 2146 1393 2199 virtutem
1435 2150 1489 2197 et
1538 2139 1854 2210 sapientiam
1902 2138 2035 2203 Dei,

459 2242 601 2315 quod
623 2251 906 2311 utrumque
928 2254 1066 2295 unus
1079 2237 1254 2292 dictus
1274 2246 1359 2291 est
1380 2231 1625 2288 Christus
1653 2232 1694 2302 (Ι
1718 2231 1834 2287 Cor.
1858 2246 1897 2295 ι,
1923 2226 2036 2299 24):

455 2337 545 2406 qui
579 2335 741 2390 etiam
781 2330 1091 2401 intelligitur
1116 2327 1392 2383 brachium
1423 2324 1654 2388 Domini,
1688 2322 1774 2376 ubi
1826 2322 2037 2390 legitur,

455 2424 526 2480 Et
552 2425 813 2480 brachium
856 2420 1063 2476 Domini
1089 2419 1173 2472 cui
1197 2417 1471 2471 revelatum
1511 2423 1581 2468 est
1609 2412 1761 2483 (lsai.
1794 2428 1904 2475 Llll,
1938 2410 2042 2477 1)?

452 2516 562 2573 Aut
578 2516 843 2586 accipiant
859 2527 1047 2568 manus
1071 2511 1185 2575 Dei,
1208 2509 1402 2563 Filium
1426 2515 1479 2561 et
1494 2505 1753 2574 Spiritum
1769 2510 2039 2567 sanctum;

454 2608 579 2681 quia
603 2614 657 2662 et
677 2606 910 2675 Spiritus
956 2612 1177 2657 sanctus
1211 2606 1528 2668 cooperator
1557 2604 1640 2650 est
1660 2595 1836 2649 Patris
1862 2600 1919 2648 et
1957 2593 2044 2647 Fi~

451 2700 549 2755 lli:
580 2699 721 2753 unde
767 2698 841 2751 ait
891 2694 1208 2764 Apostolus,
1257 2691 1442 2744 Omnia
1487 2690 1593 2744 hac
1628 2697 1869 2759 aperatur
1912 2703 2044 2741 unus

455 2801 605 2861 atque
630 2790 763 2843 idem
801 2788 1029 2857 Spiritus
1050 2785 1096 2845 (Ι
1117 2783 1236 2840 Cor.
1273 2799 1365 2848 xu,
1392 2780 1503 2853 Η).
1538 2783 1829 2849 Pr0pterca
1849 2782 2044 2849 quippe

453 2882 608 2947 dixit,
641 2880 785 2935 Unus
805 2887 953 2948 atque
979 2876 1147 2941 idem;
1173 2889 1240 2928 ne
1269 2882 1348 2927 tot
1368 2874 1586 2941 spiritus
1606 2880 1733 2941 quot
1756 2884 1920 2940 opera
1942 2884 2042 2939 pu-

452 2980 716 3037 tarentur,
747 2985 849 3024 non
873 2967 1015 3038 quod
1036 2969 1151 3021 sine
1174 2966 1333 3019 Patre
1354 2972 1407 3017 et
1428 2963 1565 3018 Filio
1599 2963 1829 3031 Spiritus
1855 2975 2046 3030 opere-

453 3074 564 3121 tur.
585 3063 834 3119 Liberum
865 3069 948 3116 est
968 3060 1129 3129 igitur
1152 3054 1423 3128 quomodo
1464 3053 1826 3123 intelligantur
1854 3067 2043 3108 manus

454 3157 551 3213 Dei
580 3174 595 3210 :
617 3156 742 3211 dum
770 3162 948 3209 tamen
977 3167 1075 3207 nec
1096 3166 1161 3206 ea
1181 3166 1298 3219 qua:
1329 3149 1453 3203 facit
1473 3149 1737 3211 manibus,
1760 3146 1939 3201 Verbo
1960 3147 2041 3201 fa-

452 3265 577 3306 cere
598 3256 857 3319 negetur;
900 3259 999 3299 nec
1022 3259 1088 3298 ea
1111 3258 1230 3312 quae
1257 3241 1386 3295 facit
1432 3239 1610 3294 Verbo
1635 3282 1649 3306 ,
1680 3239 1929 3293 manibus
1958 3240 2041 3292 fa-

453 3358 578 3400 ccre
598 3357 703 3397 non
726 3348 943 3411 putetur
968 3355 982 3403 ;
1005 3352 1106 3392 nec
1128 3344 1345 3406 propter
1366 3347 1557 3387 manus
1583 3331 1752 3386 forma
1777 3330 2039 3399 corporis,

458 3444 548 3490 aut
581 3433 687 3487 alia
727 3446 917 3486 manus
946 3430 1164 3484 sinistra
1195 3468 1209 3488 ,
1257 3426 1362 3480 alia
1408 3425 1619 3486 dextra,
1678 3438 1777 3476 nec
1822 3431 2041 3491 prOpter

458 3526 691 3582 Verbum
723 3536 887 3578 sonus
916 3521 1045 3587 oris,
1067 3520 1152 3573 vel
1175 3524 1351 3572 motus
1370 3516 1534 3570 animi
1558 3513 1895 3569 transitorius
1914 3528 2041 3581 ope-

440 3592 603 3673 ‘ranli
624 3616 732 3670 Deo
760 3615 936 3667 inesse
963 3610 1234 3667 credatur.
1500 3678 1517 3685 ἦ

529 3705 586 3760 2.
610 3703 720 3762 Nec
748 3700 1034 3758 defuerunt
1060 3700 1147 3769 qui
1190 3698 1297 3753 duo
1319 3698 1423 3752 ista
1458 3694 1642 3758 verba,
1693 3697 1913 3764 fecerunt
1941 3709 2040 3760 me,

454 3806 504 3854 et
552 3798 806 3865 finxerunt
844 3809 941 3857 me,
972 3792 1049 3847 sic
1094 3789 1499 3858 distinguerent,
1531 3794 1587 3840 ut
1609 3785 1843 3838 animam
1874 3783 2040 3837 Deum

458 3889 678 3954 fecisse,
700 3900 895 3957 corpus
919 3892 1097 3939 autem
1128 3881 1349 3934 ﬁnxisse
1379 3878 1650 3941 dicerent;
1684 3875 1807 3944 quia
1829 3875 1893 3928 de
1923 3874 2038 3927 ani-

458 3996 549 4036 ma
569 3980 699 4035 dixit
729 3979 887 4041 Deus,
917 3972 1126 4029 Omnem
1154 3973 1331 4041 ﬂatum
1354 3985 1445 4039 ego
1476 3969 1570 4038 feci
1591 3965 1745 4038 (Isai.
1774 3982 1895 4029 Lvu,
1926 3965 2033 4033 l6);

359 4079 366 4086 '
460 4073 527 4129 de
553 4085 779 4142 corpore
824 4078 1000 4122 autem
1053 4064 1264 4134 legitur,
1318 4061 1381 4115 Et
1422 4062 1567 4130 finxit
1612 4060 1749 4114 Deus
1791 4059 2040 4112 hominem

464 4164 718 4235 pulverem
750 4160 812 4213 de
856 4170 988 4212 terra
1014 4155 1169 4227 (Gen.
1206 4170 1263 4217 ιι,
1288 4153 1343 4224 7)
1370 4169 1382 4206 :
1414 4162 1665 4221 tanquam
1696 4152 1784 4204 liat
1824 4149 2037 4219 quidem

461 4269 625 4309 omne
652 4251 791 4321 quod
842 4250 1077 4319 tingitur,
1110 4262 1211 4300 non
1242 4254 1417 4299 tamen
1456 4245 1683 4313 ﬁngatur
1712 4258 1869 4296 omne
1898 4239 2037 4309 quod

462 4342 541 4397 ﬁt.
575 4342 643 4395 Et
673 4340 790 4395 ideo
812 4342 1042 4392 animam
1075 4337 1271 4390 factam
1305 4335 1478 4404 potius
1524 4333 1707 4387 dicunt
1732 4347 1850 4386 esse
1878 4346 2037 4400 quam

471 4434 674 4499 ﬁctam,
706 4431 831 4502 quia
856 4446 961 4484 non
987 4439 1069 4484 est
1092 4444 1306 4498 corpus,
1339 4426 1430 4481 sed
1459 4426 1675 4493 spiritus
1704 4442 1718 4491 ;
1751 4425 1904 4494 quasi
1934 4440 2035 4477 non

461 4528 717 4596 scriptum
748 4526 834 4589 sit,
861 4524 961 4589 Qui
990 4524 1135 4590 ﬁnxit
1188 4521 1420 4589 spiritum
1470 4519 1684 4571 hominis
1704 4518 1755 4571 in
1780 4518 1890 4587 ipso
1919 4517 2039 4588 (Za-

461 4624 604 4680 char.
636 4637 729 4686 xu,
760 4619 846 4689 t).
902 4616 1283 4672 Verumtamen
1353 4612 1564 4683 quando
1614 4622 1897 4681 utrumque
1938 4611 2037 4665 hoc

461 4716 682 4772 verbum
710 4712 779 4767 de
811 4709 1023 4765 homine
1056 4708 1108 4761 in
1154 4708 1271 4761 loco
1310 4721 1418 4760 uno
1457 4704 1702 4773 ponitur,
1750 4712 1804 4757 et
1830 4711 2037 4756 utrum-

459 4823 565 4879 que
617 4803 869 4869 hominis,
902 4802 955 4857 id
999 4810 1119 4868 est,
1162 4809 1215 4854 et
1244 4799 1419 4853 anima
1469 4807 1520 4851 et
1550 4813 1743 4866 corpus
1786 4796 2037 4850 divinitus

458 4899 734 4957 conditum
762 4911 866 4951 non
912 4902 1169 4965 negatur;
1211 4906 1315 4946 non
1342 4889 1668 4960 ineleganter
1708 4888 2037 4944 distribuun-

466 5004 552 5048 tur
570 4991 791 5063 singulis
820 4988 1054 5059 singula,
1108 4994 1165 5039 ut
1206 4985 1388 5040 anima
1440 4983 1602 5049 facta,
1634 4998 1827 5054 corpus
1858 4992 2036 5038 autem

462 5087 649 5141 ﬁctum
685 5082 1030 5152 intelligatur,
1062 5078 1175 5133 sive
1220 5077 1527 5140 formatum,
1551 5077 1661 5131 sive
1692 5076 2034 5145 plasmatum.

466 5176 601 5231 Nam
625 5174 839 5244 quidam
873 5174 1191 5241 interpretes
1222 5170 1507 5225 noluerunt
1554 5167 1750 5233 dicere,
1786 5169 2041 5237 ﬁnxerunt

459 5284 571 5331 me;
600 5266 693 5321 sed
713 5306 727 5331 ,
760 5265 1134 5336 plasmaverunt
1174 5277 1251 5315 me
1272 5277 1291 5315 :
1320 5259 1489 5330 magis
1547 5258 1824 5328 diligentes
1865 5258 2041 5314 minus

466 5354 631 5413 latine
670 5356 941 5413 declinare
984 5354 1051 5409 de
1101 5367 1276 5424 grmco
1300 5394 1314 5418 ,
1366 5367 1528 5422 quam
1553 5350 1733 5405 dicere
1763 5351 2035 5419 ﬁnxerunt,

462 5447 604 5518 quod
632 5447 917 5518 aliquando
958 5445 1119 5501 etiam
1146 5444 1213 5498 de
1257 5444 1593 5498 simulatione
1632 5440 1735 5496 dici
1774 5442 1931 5497 solet.

537 5540 591 5594 3.
639 5538 743 5594 Sed
775 5548 949 5592 utrum
978 5535 1080 5589 hoc
1099 5534 1397 5589 secundum
1435 5533 1602 5588 Adam
1633 5532 1829 5587 dictqu
1852 5543 1951 5600 est,
1974 5549 2040 5589 cx

462 5644 571 5700 quo
591 5644 709 5683 cum
743 5630 845 5682 sint
884 5644 1070 5684 omnes
1114 5628 1363 5682 homines
1388 5626 1684 5697 pr0pagati,
1712 5626 1831 5696 quis
1866 5625 2042 5681 homi~

469 5738 620 5785 num,
650 5721 860 5792 quando
892 5721 981 5775 ille
1009 5721 1177 5776 lactus
1200 5730 1303 5788 est,
1334 5720 1494 5774 etiam
1516 5733 1575 5774 se
1597 5718 1790 5774 factum
1814 5733 1921 5773 non
1947 5734 2041 5788 po-

462 5826 571 5873 test
599 5816 775 5871 dicere
793 5814 1012 5884 originis
1036 5812 1361 5884 seminisque
1386 5812 1636 5868 ratione?
1666 5813 1757 5867 An.
1773 5811 1935 5867 etiam
1957 5825 2042 5868 se-

1686 356 1741 419 S.
1784 349 2148 417 AUGUSTINI
2175 348 2477 409 EPISCOPI

3580 349 3607 405 l
3617 348 3721 406 552

2138 492 2369 550 cundum
2402 491 2502 544 hoc
2548 495 2695 544 recte
2735 485 2839 542 dici
2889 484 3080 558 potuit,
3126 485 3313 543 Manus
3356 492 3455 540 tua:
3494 486 3720 555 fecerunt

2137 601 2234 647 me,
2264 592 2312 637 et
2356 583 2731 652 plasmaverunt
2773 597 2871 646 me,
2916 581 3167 650 quoniam
3222 580 3588 648 unusquisque
3618 593 3724 631 non

2137 676 2253 731 sine
2275 690 2436 744 opere
2468 674 2559 728 Dei
2585 674 2748 727 etiam
2776 672 2843 727 de
2865 673 3173 742 parentibus
3203 673 3295 739 ﬁt,
3329 672 3445 742 ipso
3484 678 3727 734 creante,

2139 767 2241 829 illis
2272 763 2683 837 generantibus?
2710 762 2971 831 Quoniam
2998 766 3043 818 si
3087 764 3388 834 cperatoria
3410 761 3503 815 Dei
3533 768 3731 830 poten-

2141 860 2212 913 tia
2293 860 2454 914 rebus
2528 857 2871 912 subtrahatur
2907 897 2922 923 ,
2985 857 3284 923 intereunt;
3357 869 3459 909 nec
3530 851 3731 923 aliquid

2140 951 2357 1006 omnino
2403 949 2513 1003 sive
2556 948 2622 1003 de
2672 948 2858 1002 mundi
2900 948 3199 1018 elementis,
3245 946 3358 1001 sive
3401 945 3469 1001 de
3515 944 3732 1013 genito-

2139 1044 2309 1109 ribus,
2354 1043 2466 1097 sive
2495 1042 2562 1097 de
2615 1040 2911 1096 seminibus
2961 1042 3215 1107 nascitur,
3267 1040 3314 1094 si
3339 1054 3403 1095 ea
3456 1053 3563 1092 non
3600 1052 3735 1106 0pc-

2138 1142 2287 1188 retur
2332 1133 2492 1199 Deus.
2550 1132 2775 1200 Propter
2813 1131 2955 1201 quod
3009 1132 3082 1185 ait
3112 1130 3388 1201 prophetae
3436 1128 3689 1183 Jeremiae
3716 1168 3730 1190 ,

2138 1220 2446 1292 Priusquam
2502 1230 2549 1274 te
2604 1222 2876 1289 formarent
2918 1221 2970 1275 in
3014 1230 3154 1274 utero
3186 1262 3203 1286 ,
3247 1220 3363 1273 novi
3411 1228 3458 1273 te
3511 1216 3730 1287 (Jerem.

2142 1329 2183 1379 ι,
2229 1314 2308 1383 5).
2360 1312 2464 1367 Sed
2536 1312 2793 1382 numquid
2856 1314 2971 1367 sine
3033 1312 3305 1368 intellectu
3360 1311 3488 1366 fecit
3553 1310 3735 1365 homi-

2140 1420 2262 1460 nem
2299 1404 2462 1469 Deus,
2496 1404 2608 1459 sive
2633 1403 2884 1473 primum,
2913 1405 3024 1459 sive
3052 1417 3484 1474 unumquemque
3501 1416 3736 1456 nascen-

2145 1496 2300 1561 tium,
2350 1505 2405 1550 et
2437 1509 2576 1549 nunc
2600 1494 2747 1549 dicat
2774 1495 2845 1562 ei,
2882 1494 3069 1549 Manus
3126 1504 3227 1549 tua:
3278 1498 3499 1565 fecerunt
3547 1509 3649 1558 me,
3689 1501 3738 1546 et

2144 1586 2524 1655 plasmaverunt
2568 1602 2647 1640 me
2661 1601 2681 1649 ;
2727 1585 2795 1638 da
2830 1586 2957 1639 mihi
2996 1584 3354 1639 intellectum?
3396 1584 3585 1639 Nonne
3633 1583 3734 1653 ipsi

2144 1688 2351 1733 natura:
2375 1679 2621 1733 humanae
2650 1679 2956 1733 intellectus
2981 1686 3064 1732 est
3092 1679 3308 1745 inditus,
3341 1687 3399 1732 ut
3436 1692 3503 1733 eo
3528 1676 3737 1731 discer-

2146 1781 2304 1826 natur
2343 1788 2374 1826 a
2396 1772 2631 1842 pecore?
2660 1774 2741 1827 An
2787 1772 2865 1827 sic
2890 1780 2974 1827 est
3000 1771 3294 1827 deformata
3325 1770 3623 1840 peccando,
3679 1775 3736 1827 ut

2152 1866 2316 1920 etiam
2365 1864 2468 1918 hoc
2495 1866 2548 1918 in
2586 1879 2649 1919 ea
2676 1862 3079 1919 reformandum
3112 1864 3227 1918 sit?
3256 1863 3479 1933 Propter
3500 1861 3643 1932 quod
3681 1869 3737 1920 et

2148 1957 2440 2027 Apostolus
2463 1957 2715 2011 omnibus
2743 1956 2810 2011 ad
2840 1955 3306 2027 regenerationem
3348 1953 3737 2024 pertinentibus

2152 2049 2301 2112 dicit,
2328 2048 2664 2103 Renovamini
2702 2049 2883 2119 spiritu
2908 2048 3086 2102 mentis
3112 2057 3287 2102 vestra:
3317 2063 3334 2101 :
3366 2058 3419 2101 et
3443 2047 3629 2116 utique
3654 2046 3736 2101 in-

2149 2140 2395 2194 tellectus
2417 2140 2469 2194 in
2495 2148 2674 2195 mente
2713 2148 2816 2194 est.
2858 2139 2994 2194 Hinc
3024 2152 3213 2194 rursus
3238 2142 3333 2204 ait,
3362 2136 3737 2209 Reformamini

2145 2230 2198 2284 in
2241 2231 2458 2284 novitate
2509 2246 2682 2284 sensus
2710 2230 2860 2284 vestri
2889 2230 3064 2300 (Rom.
3093 2245 3199 2297 xu,
3222 2228 3282 2300 2)
3311 2246 3324 2285 :
3352 2228 3420 2284 de
3447 2228 3528 2282 his
3554 2238 3736 2285 autem

2146 2322 2235 2391 qni
2264 2320 2421 2391 hujus
2450 2322 2871 2391 regenerationis
2899 2329 3179 2375 consortes
3208 2334 3313 2374 non
3336 2328 3509 2386 erant,
3538 2319 3688 2374 «Hoc
3711 2339 3734 2373 ι

2146 2413 2317 2481 inquit
2350 2455 2364 2479 ,
2420 2431 2438 2463 (
2468 2412 2590 2466 dico
2616 2420 2671 2467 et
2716 2410 2973 2467 testiﬁcor
3004 2413 3055 2465 in
3104 2410 3349 2477 Domino,
3396 2420 3455 2464 ut
3483 2425 3587 2465 non
3622 2411 3738 2480 iam

2146 2505 2433 2559 ambuletis
2459 2504 2596 2559 sicut
2616 2512 2670 2559 et
2691 2502 2889 2560 Gentes
2909 2503 3184 2558 ambulant
3204 2502 3259 2557 in
3284 2501 3518 2557 vanitate
3540 2502 3737 2558 mentis

2148 2614 2257 2653 stne
2288 2641 2302 2663 ,
2332 2598 2603 2653 obscurati
2652 2597 3004 2668 intelligentia
3028 2638 3041 2662 ,
3075 2596 3291 2651 alienati
3316 2596 3349 2649 a
3389 2596 3472 2649 via
3507 2596 3599 2651 Dei
3636 2610 3739 2665 per

2148 2690 2527 2758 ignorantiam.
2561 2704 2680 2758 quae
2710 2698 2792 2745 est
2822 2690 2874 2743 in
2907 2689 3015 2743 illis
3055 2696 3271 2758 pr0pter
3292 2688 3591 2742 caecitatem
3613 2702 3740 2743 cor-

2147 2780 2231 2835 dis
2256 2796 2439 2836 eorum
2466 2800 2483 2832 ι
2519 2780 2735 2851 (Ep/tes.
2768 2797 2841 2848 ιν,
2882 2782 2968 2846 17,
2996 2781 3084 2848 l8,
3117 2778 3234 2852 23).
3264 2780 3489 2851 Propter
3518 2779 3617 2834 hos
3638 2780 3740 2849 igi-

2147 2882 2233 2927 tur
2269 2873 2555 2927 interiores
2578 2874 2785 2939 oculos,
2816 2888 3043 2944 quorum
3070 2874 3287 2929 caecitas
3328 2882 3410 2927 est
3436 2889 3539 2927 non
3572 2872 3733 2927 intel-

2146 2965 2332 3036 ligere,
2364 2975 2422 3020 ut
2446 2968 2778 3035 aperiantur,
2808 2977 2862 3021 et
2886 2968 3057 3038 magis
3084 2968 3360 3037 magisque
3389 2975 3731 3036 serenentur,

2147 3057 2251 3113 ﬁde
2279 3058 2444 3112 corda
2474 3057 2799 3113 mundantur
2832 3058 2965 3127 (Act.
3004 3076 3092 3125 xv,
3138 3058 3222 3127 9).
3264 3059 3516 3126 Quamvis
3542 3058 3731 3127 enim,

2145 3151 2247 3206 nisi
2270 3151 2469 3221 aliquid
2497 3152 2777 3222 intelligat,
2810 3166 2968 3206 nemo
3001 3153 3169 3221 possit
3203 3152 3423 3206 credere
3444 3152 3494 3206 in
3523 3152 3734 3221 Deum;

2145 3251 2325 3298 tamen
2384 3244 2498 3313 ipsa
2554 3243 2657 3297 ﬁde
2707 3258 2814 3313 qua
2842 3243 3052 3308 credit,
3096 3252 3331 3308 sanatur,
3377 3253 3435 3299 ut
3474 3244 3737 3316 intelligat

2146 3337 2428 3404 ampliora.
2461 3334 2580 3388 Alia
2607 3346 2730 3389 sunt
2767 3336 2909 3390 enim
2933 3352 3050 3406 qua:
3086 3337 3191 3391 nisi
3216 3337 3593 3407 intelligamus,
3624 3352 3736 3395 non

2145 3426 2451 3490 credimus;
2485 3435 2538 3479 et
2565 3427 2671 3480 alia
2701 3435 2824 3480 sunt
2852 3442 2972 3497 qua:
2999 3428 3100 3483 nisi
3150 3427 3460 3495 credamus,
3512 3444 3621 3483 non
3649 3428 3737 3483 in-

2145 3519 2453 3588 telligimus.
2480 3517 2612 3572 Nam
2654 3534 2775 3573 cum
2810 3518 2941 3573 ﬁdes
2972 3519 3041 3573 sit
3070 3534 3137 3574 ex
3166 3519 3364 3586 auditu,
3403 3519 3616 3575 auditus
3635 3535 3737 3575 au-

2146 3619 2252 3665 tem
2294 3626 2388 3679 per
2438 3611 2659 3664 verbum
2696 3610 2896 3665 Christi
2947 3608 3146 3681 (Rom.
3176 3627 3231 3673 x,
3267 3612 3333 3665 Π
3358 3612 3409 3681 );
3452 3611 3731 3680 quomodo

2146 3700 2321 3756 credit
2351 3701 2665 3769 praedicanti
2719 3702 2876 3755 tidem
2905 3744 2918 3767 ,
2948 3702 3075 3773 qui,
3118 3712 3177 3757 ut
3204 3703 3308 3757 alia
3344 3711 3574 3770 taceam,
3621 3704 3731 3759 lin-

2144 3809 2303 3864 guam
2331 3794 2501 3863 ipsam
2525 3808 2683 3863 quam
2716 3793 2949 3864 loquitur
2990 3811 3094 3849 non
3144 3796 3427 3866 intelligit?
3472 3796 3578 3852 Sed
3622 3796 3730 3852 nisi

2145 3898 2326 3943 essent
2366 3902 2547 3942 rursus
2576 3888 2753 3957 aliqua
2783 3904 2901 3957 quas
2940 3889 3235 3959 intelligere
3263 3905 3369 3943 non
3398 3905 3686 3959 possumus
3708 3932 3725 3957 ,

2144 3979 2244 4032 nisi
2277 3988 2400 4033 ante
2423 3978 2721 4043 credamus,
2754 3978 3011 4048 propheta
3035 3995 3138 4033 non
3167 3980 3387 4047 diceret,
3415 3979 3533 4035 Nisi
3557 3981 3731 4035 credi-

2145 4072 2341 4135 deritis,
2373 4087 2470 4125 non
2500 4071 2789 4142 intelligetis
2820 4071 2974 4140 (Isai.
3000 4088 3097 4137 vn,
3130 4072 3182 4136 9,
3214 4089 3314 4127 sec.
3346 4071 3531 4141 LXX).
3555 4072 3731 4128 Proﬂ-

2144 4163 2215 4216 cit
2244 4175 2370 4231 ergo
2401 4170 2583 4215 noster
2610 4162 2906 4216 intellectus
2924 4162 3344 4232 adintelligenda
3371 4178 3489 4233 qua:
3516 4164 3725 4233 credat,

2144 4264 2197 4305 ct
2220 4252 2352 4306 ﬁdes
2375 4251 2583 4320 proﬁcit
2609 4252 2675 4306 ad
2700 4252 2965 4307 credenda
2991 4269 3109 4322 qum
3136 4254 3429 4324 intelligat;
3458 4263 3512 4308 et
3534 4255 3726 4311 eadem

2145 4344 2260 4413 ipsa
2298 4354 2354 4397 ut
2382 4345 2550 4410 magis
2582 4346 2856 4414 magisque
2896 4346 3279 4416 intelligantur,
3328 4347 3378 4401 in
3408 4348 3524 4417 ipso
3564 4348 3727 4403 intel-

2144 4434 2282 4489 lectu
2316 4434 2533 4503 proﬁcit
2582 4449 2753 4489 mens.
2806 4434 2912 4490 Sed
2959 4436 3059 4491 hoc
3102 4452 3206 4491 non
3239 4437 3293 4491 ﬁt
3340 4438 3571 4507 propriis
3603 4448 3725 4493 tau-

2144 4542 2301 4595 quam
2336 4525 2662 4580 naturalibus
2689 4527 2891 4581 viribus
2911 4569 2927 4593 ,
2972 4529 3065 4583 sed
3113 4528 3224 4582 Deo
3250 4527 3536 4598 adjuvante
3566 4540 3729 4600 atque

2144 4618 2405 4683 donante;
2440 4619 2577 4673 sicut
2622 4617 2888 4673 medicina
2916 4618 3003 4684 ﬁt,
3052 4635 3158 4673 non
3190 4628 3397 4685 natura,
3427 4630 3485 4674 ut
3508 4622 3727 4676 vitiatus

2144 4711 2326 4764 oculus
2354 4711 2460 4765 vim
2490 4710 2743 4766 cernendi
2774 4711 3022 4780 recipiat.
3049 4711 3147 4779 Qui
3171 4727 3299 4783 ergo
3320 4712 3447 4769 dicit
3480 4714 3609 4779 Deo,
3641 4712 3727 4768 Da

2120 4790 2267 4854 mihi
2296 4803 2620 4868 intellectum,
2654 4811 2708 4856 ut
2736 4802 2929 4857 discam
2958 4802 3197 4857 mandata
3236 4814 3343 4869 tua,
3397 4820 3500 4859 nou
3551 4805 3727 4860 omni-

2144 4894 2306 4949 modo
2332 4909 2525 4964 expers
2554 4895 2669 4965 ejus
2697 4903 2800 4962 est,
2829 4895 2976 4951 velut
3010 4910 3172 4965 pecus
3196 4913 3209 4961 ;
3242 4911 3339 4950 nec
3365 4896 3457 4963 ita,
3481 4896 3727 4965 quamvis

2145 4986 2327 5053 homo,
2356 4997 2411 5042 ut
2439 4987 2491 5042 in
2521 5002 2707 5043 eorum
2740 5004 2967 5044 numero
2987 4988 3325 5057 deputandus
3359 4988 3463 5051 sit‘,
3493 4988 3580 5057 qui
3609 5004 3725 5040 am-

2146 5077 2316 5130 bulant
2361 5078 2412 5130 in
2442 5080 2662 5132 vanitate
2689 5080 2867 5133 mentis
2895 5094 3001 5133 sua:
3018 5119 3033 5141 ,
3068 5078 3318 5131 obscurati
3344 5077 3679 5149 intelligentia
3705 5120 3722 5146 ,
3793 5105 3796 5108 ~

2145 5170 2350 5225 alienati
2376 5188 2409 5224 a
2436 5171 2518 5225 via
2537 5171 2655 5226 Dei.
2685 5172 2815 5227 Nam
2846 5172 2890 5226 si
2934 5171 3052 5226 talis
3087 5180 3271 5238 esset,
3304 5170 3530 5227 nec.hoc
3575 5171 3725 5227 dice-

2146 5271 2247 5316 ret.
2303 5262 2417 5318 Non
2471 5272 2648 5317 autem
2691 5262 2837 5332 parvi
2868 5270 2951 5329 est
2979 5262 3314 5326 intellectus,
3368 5276 3526 5316 nosse
3556 5276 3589 5316 a
3616 5276 3727 5329 quo

2148 5354 2445 5423 poscendns
2470 5356 2539 5408 sit
2564 5356 2888 5411 intellectus.
2914 5355 2977 5409 Et
3021 5354 3359 5425 cogitandum
3402 5362 3485 5408 est
3522 5363 3724 5425 quanto

2146 5446 2252 5501 sint
2271 5447 2429 5500 altius
2454 5446 2793 5515 intelligenda
2819 5445 2995 5500 divina
3022 5446 3303 5513 mandata;
3336 5445 3552 5516 quando
3576 5446 3644 5501 ad
3662 5461 3729 5501 ea

2147 5538 2398 5593 discenda
2444 5537 2540 5591 sibi
2571 5538 2743 5593 adhuc
2776 5539 2891 5594 dari
2942 5540 3270 5595 intellectum
3305 5541 3469 5610 petit,
3496 5541 3584 5611 qui
3611 5541 3728 5611 jam

2149 5631 2224 5685 sic
2250 5629 2493 5698 intelligit
2514 5670 2527 5693 ,
2559 5637 2614 5685 et
2656 5631 2747 5701 qui
2777 5632 2985 5702 eloquia
3016 5632 3109 5687 Dei
3156 5646 3216 5687 se
3249 5631 3553 5687 custodisse
3600 5642 3729 5689 ante

2144 5720 2250 5791 jam
2277 5718 2427 5773 dixit.

2219 5810 2273 5866 4.
2313 5808 2466 5875 Quod
2504 5820 2681 5870 autem
2728 5813 3056 5887 interpretati
3095 5821 3221 5871 sunt
3264 5814 3451 5885 nostri,
3479 5812 3566 5871 Da
3603 5815 3738 5875 mihi
