4090 6492
293 472 431 530 1555

289 589 632 654 intellectum;
677 586 895 642 brevius
941 585 1072 640 dixit
1099 600 1322 654 grmcus,
1364 593 1594 638 συνέτισον
1631 583 1872 652 μεζψιῖέὶ

291 701 395 739 uno
431 683 596 738 verbo
635 682 943 751 complexus
978 689 1078 744 est,
1114 678 1197 732 Da
1232 679 1354 732 mihi
1383 679 1703 742 intellectum,
1733 675 1872 746 quod

289 785 368 830 est
392 784 648 840 συνέτισον,
679 772 820 843 quod
851 771 1012 827 latine
1047 786 1152 826 uno
1181 771 1344 826 verbo
1379 770 1480 824 dici
1512 784 1618 823 non
1657 777 1869 840 potest:

290 876 543 937 tanquam
571 866 615 919 si
647 880 751 920 non
781 873 962 935 posset
987 864 1146 918 latine
1172 864 1294 929 dici,
1330 878 1457 917 sana
1497 877 1620 927 me;
1651 870 1705 916 et
1729 861 1874 914 dicc-

288 970 460 1023 retur,
507 958 576 1013 da
605 958 735 1012 mihi
775 958 1076 1023 sanitatem,
1116 957 1252 1012 sicut
1280 958 1367 1011 hic
1412 956 1609 1011 dictum
1645 965 1745 1019 est,
1791 954 1884 1024 Da,

287 1056 414 1108 mihi
450 1055 791 1117 intellectum;
815 1062 925 1118 aut,
953 1067 1141 1106 sanum
1184 1067 1271 1107 me
1300 1050 1402 1117 fac,
1434 1051 1571 1105 sicut
1604 1050 1760 1105 etiam
1788 1049 1874 1104 hic

290 1146 394 1202 dici
422 1155 619 1216 potest,
646 1146 1027 1215 intelligentem
1054 1160 1141 1199 me
1169 1146 1268 1200 fac.
1292 1143 1442 1212 Quod
1469 1143 1680 1214 quidem
1704 1143 1874 1212 potuit

286 1247 340 1294 et
361 1239 585 1308 angelus
605 1237 810 1300 facere;
843 1253 964 1292 nam
990 1237 1130 1292 dixit
1160 1237 1380 1302 Danieli,
1424 1235 1547 1290 Veni
1569 1236 1872 1290 intellectum

289 1331 413 1384 dare
435 1331 522 1384 tibi
552 1328 712 1401 (Dan.
744 1346 799 1393 x,
833 1328 921 1398 M)
948 1346 961 1386 :
1007 1337 1059 1383 et
1093 1328 1195 1384 hoc
1228 1329 1446 1384 verbum
1475 1337 1560 1383 est
1596 1329 1648 1383 in
1673 1342 1868 1398 graeco,

285 1423 427 1495 quod
465 1425 626 1478 etiam
655 1423 740 1478 hic
779 1431 882 1490 est,
925 1432 1159 1477 συνιτίσαί
1193 1437 1274 1486 ac;
1305 1430 1554 1491 tanquam
1600 1419 1646 1474 si
1671 1420 1875 1474 diceret

287 1516 505 1582 latinus,
554 1517 834 1570 sanitatem
865 1515 996 1570 dare
1042 1515 1160 1581 tibi,
1191 1512 1332 1584 quod
1383 1526 1588 1583 graecus
1629 1512 1870 1578 dixisset,

285 1624 480 1665 sanare
517 1618 588 1664 te.
622 1607 736 1663 Non
783 1607 924 1664 enim
952 1607 1464 1677 circumloqueretur
1487 1606 1682 1660 latinus
1708 1607 1874 1660 inter-

286 1715 409 1770 pres
435 1699 684 1765 dicendo,
725 1699 1052 1756 intellectum
1096 1698 1225 1754 dare
1274 1698 1366 1754 tibi
1396 1715 1409 1752 :
1444 1699 1487 1754 si
1528 1697 1874 1768 quemadmo-

287 1791 414 1846 dum
446 1791 552 1846 diei
585 1798 760 1861 potest
785 1807 813 1844 a
843 1792 1091 1857 sanitate,
1114 1805 1304 1845 sanare
1347 1800 1436 1856 te;
1468 1790 1538 1845 ita
1565 1789 1667 1844 dici
1693 1799 1874 1860 posset

285 1883 351 1937 ab
371 1883 663 1949 intellectu,
692 1883 1052 1939 intcllectuare
1078 1891 1148 1938 te.
1173 1882 1278 1937 Sed
1297 1883 1341 1936 si
1361 1890 1538 1952 potest
1565 1883 1665 1936 hoc
1692 1890 1746 1936 et
1773 1896 1872 1936 an-

285 1978 436 2049 gelus
465 1975 661 2042 facere,
694 1975 821 2047 quid
849 1984 934 2032 est
957 1975 1099 2046 quod
1125 1975 1226 2030 iste
1260 1974 1360 2030 hoc
1383 1989 1413 2029 a
1436 1975 1547 2030 Deo
1573 1975 1675 2028 sibi
1703 1975 1874 2043 poscit

287 2079 345 2126 ut
367 2069 497 2124 fiat?
523 2071 604 2124 An
635 2073 757 2140 quia
797 2069 936 2125 Deus
975 2069 1162 2139 angelo
1185 2068 1418 2138 jusserat
1453 2076 1510 2121 ut
1537 2067 1765 2122 faceret?
1796 2066 1870 2121 Ita

285 2177 414 2217 vero
446 2180 460 2216 :
490 2177 612 2216 nam
634 2161 876 2216 Christus
903 2159 1213 2230 intelligitur
1231 2159 1333 2214 hoc
1352 2159 1574 2230 jussisse
1602 2159 1789 2229 angelo
1815 2168 1873 2213 ut

286 2257 508 2320 faceret,
550 2271 616 2311 eo
645 2256 764 2310 loco
800 2255 891 2310 ubi
935 2256 1010 2309 ait
1047 2255 1329 2324 Pmpheta,
1371 2273 1391 2306 ι
1424 2253 1492 2308 Et
1530 2254 1725 2309 factum
1765 2265 1865 2319 est,

286 2364 406 2404 cum
439 2347 676 2402 viderem
718 2363 817 2418 ego
847 2347 1032 2402 Daniel
1064 2348 1256 2413 visum,
1283 2349 1671 2416 et.quzerebam
1714 2348 1872 2402 intel—

286 2438 504 2504 lectum,
534 2447 587 2492 ct
616 2453 741 2493 ecce
769 2439 912 2493 stetit
941 2438 990 2491 in
1021 2446 1310 2508 conspectu
1340 2452 1461 2492 meo
1490 2446 1547 2492 ut
1575 2438 1720 2493 visus
1742 2441 1873 2502 viri,
1907 2496 1909 2498 ,

286 2539 338 2585 et
363 2529 545 2584 audivi
569 2545 752 2584 vocem
784 2530 883 2583 viri
907 2529 1048 2584 inter
1069 2529 1220 2596 Ubal,
1249 2539 1304 2583 et
1331 2530 1558 2596 vocavit,
1589 2539 1642 2584 el
1669 2530 1807 2585 dixit
1827 2532 1866 2596 ¹,

285 2622 390 2678 Fac
415 2623 713 2694 intelligere
738 2623 886 2677 illum
903 2623 1162 2678 visionem
1193 2642 1212 2676 ι
1241 2622 1353 2691 (Id.
1368 2639 1482 2688 vni,
1507 2624 1576 2680 15
1588 2633 1634 2676 ει
1660 2621 1750 2695 16)
1777 2641 1791 2678 :
1815 2632 1871 2678 et

284 2717 356 2773 ibi
376 2718 430 2772 in
456 2732 630 2788 graeco
653 2701 875 2773 verbum
901 2716 1003 2772 hoc
1026 2727 1104 2773 est
1138 2717 1278 2787 quod
1308 2726 1363 2771 et
1400 2717 1504 2783 hic,
1534 2718 1585 2772 id
1627 2728 1708 2772 est
1735 2727 1870 2771 συνι-

286 2832 430 2865 τισον.
463 2809 602 2864 Deus
625 2808 800 2880 itaque
828 2824 925 2880 per
952 2809 1208 2878 seipsum,
1251 2810 1373 2878 quia
1403 2810 1491 2863 lux
1516 2817 1599 2864 est
1625 2807 1800 2880 (Joan.
1827 2824 1865 2875 ι,

284 2898 337 2965 4,
366 2899 442 2970 9),
475 2899 734 2954 illuminat
762 2900 876 2968 pias
903 2908 1130 2968 mentes,
1160 2909 1218 2954 ut
1236 2915 1295 2954 ea
1327 2916 1446 2970 quae
1469 2900 1651 2955 divina
1680 2899 1875 2978 dicun-h

285 2999 369 3047 tur
389 2992 472 3047 vel
505 2992 878 3058 ostenduntur,
912 2993 1226 3062 intelligant.
1260 2992 1367 3048 Sed
1403 2993 1447 3046 si
1488 2991 1554 3046 ad
1581 2992 1685 3047 hoc
1713 2993 1871 3046 mini-

284 3094 395 3140 stro
419 3085 586 3140 utitur
611 3086 818 3156 angelo,
850 3093 1023 3155 potest
1048 3086 1264 3156 quidem
1291 3085 1489 3156 aliquid
1520 3101 1679 3156 agere
1705 3101 1870 3158 ange-

285 3177 364 3232 lus
399 3177 452 3232 in
501 3187 681 3232 mente
719 3176 970 3244 hominis,
1012 3186 1070 3231 ut
1105 3177 1279 3247 capiat
1313 3177 1484 3232 lucem
1518 3177 1632 3244 Dei,
1675 3186 1728 3233 et
1770 3193 1868 3247 per

284 3267 422 3324 hanc
456 3267 754 3339 intelligat:
779 3269 872 3324 sed
915 3269 986 3323 ita
1017 3267 1212 3323 dicitur
1255 3269 1581 3324 intellectum
1610 3269 1738 3325 dare
1770 3271 1867 3324 ho-

283 3361 435 3427 mini,
463 3370 517 3415 et
545 3362 716 3430 quasi,
748 3369 806 3414 ut
834 3361 905 3415 ita
933 3360 1128 3426 dicam,
1172 3359 1538 3416 intellectuare
1567 3360 1860 3428 hominem,

283 3452 729 3523 quemadmodum
751 3453 1030 3523 quisquam
1064 3452 1258 3507 dicitur
1286 3453 1461 3507 lucem
1488 3451 1618 3507 dare
1656 3452 1861 3519 domui,

282 3545 364 3600 vel
387 3544 688 3599 illuminare
717 3543 954 3609 domum,
986 3544 1071 3599 eui
1097 3543 1382 3599 fenestram
1414 3543 1570 3610 facit;
1593 3559 1714 3598 cum
1740 3558 1860 3598 eam

282 3651 386 3692 non
428 3652 522 3692 sua
559 3638 676 3692 luce
715 3645 960 3707 penetret
999 3647 1054 3692 et
1089 3638 1337 3700 illustret,
1371 3638 1465 3693 sed
1496 3637 1866 3693 tantummodo

282 3729 484 3788 aditum
505 3745 610 3800 quo
633 3739 942 3800 penetretur
972 3737 1130 3800 atque
1153 3731 1466 3795 illustretur,
1499 3731 1722 3800 aperiat.
1755 3729 1863 3786 Sed

281 3837 380 3877 nec
410 3821 491 3876 sol
521 3822 610 3892 qui
634 3837 729 3892 per
748 3820 1034 3876 fenestram
1062 3820 1292 3877 illustrat
1315 3821 1555 3888 domum,
1585 3824 1700 3892 ipse
1725 3837 1869 3877 erea-

282 3913 358 3967 vit
390 3913 632 3968 eamdem
658 3912 897 3980 domum,
928 3923 1019 3968 aut
1058 3913 1326 3967 hominem
1357 3913 1448 3983 qui
1474 3914 1760 3968 fenestram
1791 3912 1868 3968 fe-

282 4005 354 4061 cit
380 4005 435 4059 in
462 4005 643 4071 domo,
670 4011 761 4058 aut
788 4005 902 4073 ipse
934 4005 1009 4058 illi
1029 4004 1186 4072 jussit
1207 4013 1263 4058 ut
1289 4005 1511 4070 faceret,
1542 4015 1631 4058 aut
1661 4003 1866 4073 adjuvit

282 4098 396 4167 ipse
422 4097 724 4163 facientem,
751 4107 840 4151 aut
857 4096 1050 4166 aliquid
1069 4099 1176 4166 egit
1203 4104 1258 4149 ut
1275 4097 1571 4165 aperiretur
1587 4112 1688 4166 qua
1708 4112 1863 4151 suum

284 4189 462 4244 lumen
499 4188 798 4244 infunderet
826 4208 839 4242 :
869 4189 1012 4244 Deus
1051 4184 1328 4244 autemet
1363 4188 1594 4242 hominis
1633 4199 1864 4244 mentem

283 4280 596 4334 rationalem
626 4288 784 4350 atque
812 4279 1221 4334 intellectualem
1259 4278 1404 4344 fecit,
1433 4295 1538 4348 qua
1567 4289 1746 4348 posset
1774 4294 1864 4333 ca-

283 4387 412 4443 pere
441 4373 619 4426 lumen
648 4371 794 4441 ejus;
824 4379 878 4425 et
903 4371 1148 4439 angelum
1177 4369 1335 4424 talem
1368 4368 1511 4435 fecit,
1540 4371 1629 4440 qui
1655 4371 1864 4440 operari

281 4472 466 4535 posset
494 4463 692 4532 aliquid
734 4461 873 4517 unde
912 4462 977 4515 ad
1007 4460 1322 4530 capiendum
1365 4461 1541 4515 lumen
1574 4461 1666 4516 Dei
1716 4477 1866 4516 mens

283 4558 624 4628 adjuvaretur
646 4556 910 4621 lmmana;
935 4566 988 4609 et
1005 4555 1246 4610 eamdem
1277 4557 1354 4610 sic
1374 4555 1587 4624 adjuvat
1609 4565 1862 4621 mentem,

283 4660 341 4703 ut
379 4649 675 4720 angelicam
704 4648 926 4717 recipiat
960 4648 1360 4718 operationem;
1402 4656 1455 4701 et
1480 4662 1597 4701 eam
1640 4648 1716 4702 sic
1746 4648 1867 4702 illu-

281 4741 451 4796 minat
477 4741 544 4796 de
586 4742 782 4811 seipse,
826 4750 884 4795 ut
926 4756 1031 4794 non
1059 4741 1231 4795 solum
1270 4739 1360 4793 illa
1403 4756 1520 4810 ane
1565 4755 1594 4795 a
1642 4741 1866 4796 veritate

283 4841 666 4898 monstrantur,
709 4833 803 4888 sed
843 4833 1012 4904 ipsam
1054 4847 1266 4902 quoque
1305 4831 1634 4900 proliciendo
1664 4833 1867 4901 perspi-

284 4928 385 4982 ciat
405 4927 706 4982 veritatem.
732 4925 835 4981 Sed
863 4926 1112 4996 quoniam
1150 4939 1236 4978 res
1264 4923 1476 4993 quidem
1515 4925 1862 4989 necessarias,

284 5027 538 5088 quantum
563 5019 829 5083 existimo,
855 5026 1031 5072 tamen
1057 5017 1258 5087 prolixa
1282 5015 1640 5085 disputatione
1666 5024 1863 5070 tracta-

285 5111 479 5176 vimus,
534 5110 716 5164 dilatis
766 5111 1111 5180 sequentibus
1154 5109 1342 5178 psalmi
1395 5109 1551 5179 hujus
1598 5109 1860 5176 versibus,

284 5215 588 5256 sermonem
620 5202 779 5256 istum
806 5201 910 5256 isto
940 5202 1044 5255 tino
1072 5200 1402 5254 elaudamus.

919 5309 1088 5351 SEBIO
1127 5311 1237 5349 XIX.

354 5386 408 5440 1.
449 5383 600 5458 [rem
631 5383 747 5458 75.]
785 5387 1043 5442 Dominus
1081 5389 1236 5444 Jesus
1279 5389 1331 5444 in
1384 5389 1484 5444 hoc
1528 5388 1732 5459 psalmo
1770 5403 1866 5460 per

283 5477 627 5548 Prophetam,
663 5486 912 5550 tanquam
960 5481 1080 5546 sibi,
1113 5483 1298 5551 petivit
1337 5482 1662 5537 intellectum
1691 5482 1805 5537 dari
1834 5499 1864 5538 a

284 5569 396 5624 Deo
437 5570 653 5640 corpori
679 5584 776 5625 suo
803 5571 942 5641 quod
973 5581 1056 5627 est
1095 5571 1354 5641 Ecclesia,
1397 5573 1463 5628 ad
1497 5575 1592 5630 Dei
1615 5575 1864 5629 mandata

283 5662 557 5716 discenda.
583 5661 715 5718 Cum
756 5665 872 5734 ipso
900 5665 1040 5719 enim
1069 5665 1172 5718 vita
1205 5667 1444 5735 corporis
1479 5665 1616 5736 ejus,
1651 5667 1753 5722 hoc
1786 5679 1868 5722 est

286 5755 467 5825 populi
497 5755 636 5825 ejus,
661 5756 966 5811 abscondita
998 5765 1081 5812 est
1108 5758 1163 5812 in
1194 5757 1303 5812 Deo
1332 5757 1546 5829 (Coloss.
1588 5774 1665 5826 ιιι,
1703 5758 1780 5831 '5),
1812 5767 1867 5816 et

351 5890 365 5916 π
396 5895 544 5960 Καρὶ
563 5896 692 5953 bov.,
716 5897 763 5942 et
784 5890 910 5942 dixit
941 5891 1062 5942 (flai.
1089 5893 1249 5952 Abest,
1285 5891 1404 5953 διαὶ,
1428 5895 1490 5943 ab
1511 5901 1612 5945 Am.
1640 5900 1692 5945 et
1708 5907 1736 5944 a
1758 5893 1864 5960 ple-

291 5957 580 6009 risquems.
622 6006 626 6011 ,

1341 463 1732 521 ENARRATIO
1770 461 1834 520 IN
1873 460 2195 522 PSALMUM
2231 467 2460 526 CXVIII.

3423 480 3561 535 1554

1981 583 2094 654 ipse
2133 587 2184 640 in
2232 588 2419 642 eodem
2458 605 2683 660 corpore
2722 607 2820 647 suo
2864 594 3206 664 indigentiam
3244 595 3459 664 patitur,
3503 606 3560 653 et

1979 682 2148 747 poscit
2174 682 2312 750 quod
2361 685 2614 740 membris
2655 686 2767 742 suis
2809 696 2891 742 est
2937 688 3320 744 necessarium.
3365 687 3554 743 Manus

1979 781 2095 839 tum,
2125 775 2314 844 inquit,
2339 781 2559 847 fecerunt
2585 796 2682 846 me,
2713 789 2757 834 et
2791 782 3165 850 plasmaverunt
3193 798 3305 848 me;
3333 783 3402 837 da
3429 782 3553 837 mihi

1977 865 2301 933 intellectum,
2333 879 2388 922 ut
2429 871 2617 925 discam
2658 874 2899 928 mandata
2945 884 3050 929 tua.
3077 876 3212 944 Quia
3256 885 3334 942 tu,
3363 876 3560 947 inquit,

1976 957 2235 1024 formasti,
2263 971 2316 1014 tu
2341 963 2605 1029 reforma;
2640 974 2697 1019 ut
2725 966 2814 1020 fiat
2841 968 2892 1021 in
2923 983 3148 1039 corpore
3167 969 3384 1036 Christi,
3411 970 3555 1040 quod

1976 1052 2051 1106 ait
2077 1054 2384 1122 Apostolus,
2432 1055 2796 1128 Reformamini
2834 1060 2888 1114 in
2929 1062 3147 1116 novitate
3189 1079 3365 1117 sensus
3407 1063 3559 1118 vestri

1977 1141 2152 1214 (Rom.
2184 1162 2273 1210 xtl,
2303 1145 2382 1216 2).

2047 1234 2100 1288 2.
2145 1234 2293 1308 [vers.
2337 1237 2450 1310 74.]
2491 1239 2590 1305 Qui
2627 1242 2798 1296 timent
2846 1251 2912 1310 te,
2958 1244 3148 1315 inquit,
3195 1245 3428 1301 videbunt
3457 1264 3556 1312 me,

1977 1336 2024 1383 et
2039 1329 2494 1399 jucundabuntur;
2517 1333 2623 1399 vel,
2658 1334 2796 1390 sicut
2817 1335 3015 1392 habent
3036 1337 3126 1392 alii
3149 1338 3384 1406 codices,
3409 1340 3558 1394 laua-

1978 1419 2178 1486 buntnr,
2202 1423 2436 1490 quoniam
2461 1423 2512 1477 in
2542 1425 2686 1479 verba
2706 1435 2793 1480 tua
2812 1429 3007 1497 speravi
3031 1445 3050 1482 :
3076 1428 3130 1484 id
3149 1437 3251 1497 est,
3274 1431 3326 1485 in
3356 1445 3417 1487 ea
3440 1447 3561 1502 qua:

1977 1514 2281 1582 promisisti,
2313 1526 2371 1570 ut
2400 1516 2506 1570 sint
2531 1517 2900 1586 promissionis
2940 1520 3054 1585 lilii,
3085 1535 3270 1576 semen
3305 1521 3556 1590 Abrahae,

1977 1603 2032 1658 in
2083 1621 2190 1675 quo
2236 1607 2619 1663 benedicuntur
2663 1625 2851 1666 omnes
2898 1620 3084 1682 gentes
3135 1611 3299 1686 (Gen.
3351 1629 3442 1680 xu,
3494 1614 3558 1680 ὃς

1975 1706 2023 1750 et
2043 1713 2188 1763 xxvn,
2211 1696 2287 1769 4).
2313 1699 2411 1767 Qui
2429 1711 2554 1755 sunt
2578 1710 2752 1756 autem
2777 1702 2866 1773 qui
2896 1704 3085 1758 timent
3109 1704 3299 1770 Deum,
3327 1713 3384 1761 et
3399 1719 3560 1775 quem

1975 1787 2231 1844 videbunt
2250 1799 2303 1845 et
2332 1791 2670 1860 laetabuntur,
2699 1795 2946 1864 quoniam
2986 1796 3038 1850 in
3064 1797 3222 1852 verba
3253 1799 3344 1854 Dei
3373 1813 3560 1868 spera-

1976 1881 2091 1935 vit?
2128 1881 2182 1936 Si
2218 1895 2411 1952 corpus
2437 1883 2634 1947 Christi
2666 1894 2768 1952 est,
2810 1886 2864 1941 id
2892 1895 2977 1942 est
3008 1887 3268 1954 Ecclesia,
3300 1888 3451 1958 cujus
3479 1895 3564 1943 est

1978 1981 2081 2025 vox
2112 1971 2210 2026 ista
2259 1989 2355 2042 per
2380 1971 2667 2041 Christum,
2713 1976 2797 2032 vel
2841 1977 2896 2032 in
2925 1978 3038 2048 ipsa
3081 1989 3138 2034 et
3181 1979 3249 2034 de
3278 1979 3414 2050 ipsa,
3447 1989 3563 2034 tan-

1978 2079 2133 2132 quam
2169 2065 2235 2118 de
2269 2067 2445 2136 seipse
2485 2068 2584 2122 ista
2610 2083 2713 2123 vox
2753 2068 2946 2125 Christi
2995 2079 3113 2133 est;
3157 2070 3416 2141 numquid
3453 2085 3560 2126 non

1979 2151 2078 2223 ipsi
2105 2163 2228 2210 sunt
2267 2156 2317 2210 in
2342 2157 2455 2211 eis‘
2487 2159 2574 2228 qui
2606 2161 2793 2215 timent
2815 2161 3025 2216 Deum?
3054 2161 3184 2230 Quis
3209 2171 3293 2217 est
3325 2177 3453 2232 ergo
3473 2161 3564 2218 ille

1977 2260 2135 2313 quem
2161 2246 2362 2313 vident,
2393 2259 2447 2303 et
2469 2249 2870 2319 jucundantur?
2896 2254 2977 2308 An
3005 2253 3232 2323 pepulus
3261 2253 3375 2323 ipse
3403 2269 3464 2309 se
3493 2254 3565 2309 vi-

1977 2337 2086 2405 det,
2119 2349 2172 2394 et
2193 2340 2533 2409 jucundatur,
2567 2355 2620 2398 et
2665 2346 2743 2400 sic
2775 2345 2976 2401 dictum
3018 2355 3121 2412 est,
3155 2347 3256 2414 Qui
3281 2348 3454 2401 timent
3491 2356 3559 2412 te,

1976 2430 2211 2485 videbunt
2237 2449 2334 2498 me,
2362 2443 2407 2488 et
2432 2435 2756 2502 laetabuntur,
2786 2439 2907 2507 quia
2943 2439 2996 2491 in
3032 2439 3178 2492 verba
3209 2449 3294 2493 tua
3322 2439 3562 2509 speravi;

1977 2523 2061 2576 vel
2111 2521 2247 2577 sicut
2301 2524 2387 2578 alii
2451 2526 2751 2597 diligentius
2819 2538 3238 2597 expresserunt,
3290 2545 3562 2600 superspe-

1976 2615 2086 2667 ravi
2114 2613 2189 2686 (a)
2221 2634 2233 2669 :
2267 2624 2516 2686 tanquam
2560 2619 2800 2687 diceret,
2847 2620 2945 2686 Qui
2990 2620 3161 2674 timent
3199 2629 3278 2686 te,
3326 2620 3564 2674 videbunt

1977 2707 2272 2763 Ecclesiam
2311 2718 2475 2776 tuam,
2508 2721 2555 2765 et
2582 2712 3020 2782 jucundabuntur,
3047 2713 3166 2783 quia
3192 2714 3247 2767 in
3283 2715 3433 2767 verba
3474 2722 3564 2767 tua

1977 2803 2358 2871 supersperavi;
2403 2817 2522 2856 cum
2567 2805 2664 2874 ipsi
2698 2806 2804 2859 sint
2832 2804 3094 2871 Ecclesia,
3140 2807 3232 2876 qui
3256 2806 3438 2862 vident
3464 2807 3565 2862 Eo-

1978 2891 2196 2947 clesiam
2235 2903 2290 2947 et
2315 2895 2712 2962 jucundantur?
2750 2897 2854 2953 Sed
2900 2913 2996 2953 cur
3042 2914 3150 2953 non
3189 2899 3343 2968 dixit,
3382 2900 3472 2970 qui
3499 2900 3566 2955 ti-

1980 2993 2126 3038 ment
2170 2994 2240 3050 te,
2271 2985 2452 3040 vident
2495 3002 2599 3054 me,
2643 2996 2697 3042 et
2728 2988 3090 3058 jucundantur
3118 3007 3131 3043 ε
3163 2989 3258 3045 sed
3291 2991 3462 3045 timent
3493 3001 3561 3060 te,

1977 3075 2200 3131 verbum
2231 3063 2510 3146 praasentis
2554 3079 2805 3149 temporis
2852 3082 3060 3150 posuit;
3106 3081 3341 3136 videbunt
3383 3091 3562 3137 autem

1978 3173 2034 3221 et
2047 3167 2488 3236 jucundabuntur,
2515 3167 2671 3224 futuri
2697 3173 2949 3240 temporis
2973 3172 3132 3227 verba
3156 3173 3318 3227 sunt?
3339 3175 3418 3226 An
3439 3174 3565 3243 quia

1977 3258 2032 3312 in
2057 3259 2307 3326 praesenti
2347 3271 2586 3330 tempore
2612 3262 2769 3316 timor
2810 3273 2913 3330 est,
2943 3263 3196 3334 quamdiu
3233 3265 3454 3319 tentatio
3480 3273 3564 3320 est

1976 3350 2083 3403 vita
2132 3350 2361 3404 humana
2409 3367 2568 3422 super
2610 3363 2802 3408 terram
2841 3354 2962 3428 (Job
2993 3372 3098 3422 vit,
3139 3357 3231 3428 i);
3257 3356 3564 3426 jucunditas

1976 3451 2153 3496 autem
2179 3459 2335 3512 quam
2365 3445 2528 3498 voluit
2556 3444 2642 3498 hic
2670 3445 2912 3515 intelligi,
2951 3455 3076 3500 tunc
3104 3445 3208 3501 erit
3236 3445 3448 3516 quando
3475 3445 3565 3514 ju-
3630 3466 3636 3472 ·

1976 3533 2042 3587 sti
2065 3532 2340 3604 fulgebunt
2366 3535 2417 3588 in
2444 3550 2608 3605 regno
2630 3536 2802 3592 Patris
2826 3537 2907 3591 sui
2927 3538 3059 3592 sicut
3088 3538 3167 3592 sol
3199 3536 3412 3610 (Matth.
3440 3551 3560 3604 xm,

1975 3623 2107 3697 43)?
2135 3625 2269 3681 Hinc
2307 3625 2448 3681 enim
2487 3627 2645 3682 etiam
2695 3627 2822 3681 illud
2867 3629 2920 3681 in
2967 3628 3072 3682 alio
3110 3629 3317 3698 psalmo
3346 3627 3561 3697 legitur,

1983 3735 2002 3769 ι
2030 3717 2198 3784 Quam
2238 3733 2426 3789 magna
2472 3719 2754 3774 multitudo
2797 3719 3091 3774 duicedinis
3133 3729 3256 3786 tute,
3309 3719 3560 3789 Domine,

1975 3825 2131 3881 quam
2160 3809 2484 3865 abscondisti
2526 3811 2832 3867 timentibus
2861 3813 2950 3867 te!
2987 3830 3007 3863 ι
3039 3811 3189 3867 Nunc
3218 3827 3346 3884 ergo
3374 3827 3564 3882 quam-

1975 3904 2067 3958 diu
2116 3904 2323 3969 timent,
2377 3905 2611 3960 nondum
2658 3905 2873 3969 vident;
2932 3905 3026 3960 sed
3073 3925 3090 3957 ι
3122 3905 3394 3971 videbunt,
3431 3922 3452 3956 ι
3508 3913 3565 3960 et

1983 4017 2002 4049 ι
2025 3997 2493 4066 jucundabuntur:
2527 4016 2545 4050 ι
2579 4000 2700 4067 quia
2723 4009 2777 4052 et
2803 3999 2910 4052 illic
2937 3999 3199 4068 sequitur,
3232 4018 3252 4051 ι
3281 3999 3559 4054 Perfecisti

1974 4098 2150 4143 autem
2174 4090 2506 4158 sperantibus
2528 4090 2579 4144 in
2605 4099 2658 4144 te
2684 4109 2704 4141 ι
2733 4089 2905 4160 (Psal.
2933 4107 3070 4157 xxx,
3091 4090 3183 4156 20,
3211 4091 3341 4160 2!);
3370 4101 3424 4146 et
3451 4090 3555 4158 hic,

1979 4199 2000 4233 ι
2024 4182 2145 4252 quia
2173 4182 2225 4235 in
2253 4182 2413 4257 verba
2443 4192 2529 4236 tua
2569 4183 2800 4252 speravi,
2828 4201 2848 4234 ι
2889 4184 2993 4251 vel,
3031 4201 3049 4234 ι
3084 4184 3462 4254 supersperavi
3487 4200 3499 4236 :
3533 4202 3552 4235 ι

1972 4284 2032 4330 ιιι
2059 4276 2112 4329 ἱιι
2141 4274 2304 4329 verbo
2335 4276 2407 4328 ita
2435 4275 2728 4344 composito
2753 4283 2806 4329 et
2846 4290 2970 4328 cura
3001 4275 3306 4345 interpretis
3331 4274 3560 4345 diligen-

1976 4368 2126 4422 tioris
2155 4381 2430 4436 expresso,
2463 4367 2620 4420 etiam
2651 4367 2778 4420 illud
2806 4366 3185 4438 intelligamus,
3216 4366 3358 4437 quod
3385 4376 3560 4436 potens

1974 4470 2048 4514 est
2098 4458 2237 4512 Deus
2288 4461 2454 4530 facere
2499 4475 2654 4527 supra
2705 4474 2853 4525 quant
2894 4459 3107 4529 petimus
3148 4467 3194 4512 et
3233 4459 3561 4529 intelligimus
3645 4458 3650 4462 ’

1974 4552 2189 4623 (Ep/tes.
2224 4567 2300 4614 ιιι,
2339 4551 2462 4622 20);
2495 4560 2550 4605 ιιι
2576 4552 2698 4622 quia
2727 4569 2885 4621 supra
2912 4569 3065 4623 quam
3094 4553 3306 4624 petimus
3333 4561 3380 4606 et
3405 4551 3558 4607 intel-

1973 4646 2174 4716 ligimus
2199 4654 2343 4708 sunt,
2373 4659 2559 4714 parum
2590 4645 2660 4699 sit
2682 4660 2744 4700 ea
2772 4660 3010 4715 sperare,
3035 4645 3130 4701 sed
3155 4645 3445 4701 debeamus
3465 4661 3560 4702 su-

1971 4756 2304 4811 persperare.

2044 4835 2096 4888 5.
2140 4832 2307 4905 [υετδ.
2339 4833 2424 4896 75,
2450 4830 2581 4903 76.]
2621 4831 2752 4898 Quia
2779 4847 2907 4902 ergo
2931 4830 3106 4886 adhuc
3135 4830 3285 4885 timet
3311 4830 3552 4885 Ecclesia

1971 4943 2090 4997 qua:
2121 4927 2172 4979 in
2199 4927 2300 4979 hac
2334 4927 2438 4977 vita
2478 4933 2579 4990 est,
2608 4934 2659 4978 et
2693 4923 2925 4997 nondum
2957 4938 3018 4978 se
3055 4922 3202 4977 videt
3227 4923 3280 4976 in
3304 4935 3371 4976 eo
3391 4936 3558 4991 regno

1971 5021 2059 5075 ubi
2095 5020 2197 5074 erit
2225 5019 2342 5088 ejus
2368 5033 2552 5074 secura
2573 5016 2900 5086 jucunditas,
2933 5016 3026 5071 sed
3057 5016 3195 5070 inter
3233 5014 3557 5083 periculosas

1973 5113 2293 5170 tentationes
2323 5112 2376 5164 in
2421 5111 2522 5163 hoc
2550 5109 2750 5163 mundo
2790 5108 3014 5174 laborat,
3048 5107 3136 5162 ubi
3165 5106 3332 5170 audit,
3365 5105 3465 5172 Qui
3503 5123 3557 5161 se

1972 5214 2114 5276 putat
2144 5212 2296 5265 stare,
2324 5202 2486 5256 videat
2507 5218 2568 5255 ne
2591 5200 2739 5254 cadat
2765 5199 2805 5270 (l
2833 5199 2952 5253 Cor.
2976 5215 3029 5264 x,
3057 5197 3182 5266 12);
3210 5195 3554 5251 considerans

1972 5295 2128 5366 hujus
2159 5294 2494 5348 mortalitatis
2522 5291 2812 5355 miseriam,
2844 5290 2897 5344 in
2927 5301 3030 5359 qua
3051 5288 3237 5359 jugum
3261 5302 3427 5359 grave
3457 5301 3551 5342 su-

1972 5406 2070 5461 per
2111 5390 2246 5443 lilios
2273 5388 2460 5451 Adam,
2505 5402 2534 5439 a
2576 5385 2662 5440 die
2701 5385 2874 5440 exitus
2914 5383 2981 5438 de
3017 5392 3205 5437 ventre
3246 5381 3430 5436 matris
3459 5395 3554 5436 eo-

1973 5497 2110 5545 rum,
2143 5481 2219 5534 sic
2247 5479 2298 5534 in
2320 5476 2564 5532 omnibus
2589 5474 2916 5545 pertenditur
2940 5487 3108 5543 usque
3127 5474 3178 5526 in
3206 5471 3344 5527 diem
3371 5473 3551 5541 sepul-

1973 5584 2108 5630 turre
2150 5575 2202 5627 in
2243 5580 2467 5626 matrem
2511 5569 2748 5622 omnium
2789 5564 2978 5635 (Eccli.
3007 5581 3096 5633 ιι,
3124 5567 3201 5634 1),
3240 5573 3299 5618 ut
3338 5573 3555 5636 propter

1974 5680 2189 5722 carnem
2227 5663 2688 5729 concupiscentem
2717 5657 2974 5713 adversus
2999 5658 3243 5728 spiritum
3272 5656 3466 5728 (Galat.
3495 5671 3550 5719 ν.

1975 5760 2090 5830 I7),
2119 5757 2279 5813 etiam
2316 5751 2609 5824 regenerati
2639 5765 2853 5821 gemere
2896 5749 2997 5804 sub
3024 5749 3142 5818 ejus
3165 5750 3421 5821 gravitate
3461 5763 3549 5802 co-
3634 5782 3637 5784 -

2040 5892 2301 5957 {Quinque
2324 5894 2452 5957 Mss”
2479 5897 2572 5936 non
2592 5886 2699 5951 ipsa
2719 5891 2788 5938 est
2809 5883 2860 5936 ίη
2882 5883 2968 5946 είδν
2993 5891 3086 5935 3w-

2039 5947 2113 6016 (αἱ
2135 5947 2301 6012 Graia,
2323 5947 2549 6011 epélipsa.
