4090 6470
486 602 681 670 gentm
709 613 727 656 :
751 596 854 653 hoc
894 601 1026 667 ergo
1062 593 1429 659 considerans,
1481 590 1786 662 tCognovi,
1823 608 1842 643 ι
1875 588 2068 659 inquit,

491 708 512 744 ι
544 684 784 758 Domine;
818 692 939 762 quia
966 686 1169 760 ju'Stitia
1213 687 1409 756 judicia
1446 694 1553 752 tua,
1605 692 1657 739 et
1684 684 1939 739 veritate‘
1968 682 2071 736 hu-

488 774 704 840 miiia‘sti
734 788 839 840 me.
872 782 990 838 Fiat
1016 776 1382 837 nﬁsericordla
1421 786 1529 846 tua,-
1563 782 1617 834 et
1654 777 1959 833 consoletur
1988 776 2075 830 me

487 868 781 933 secundum
824 875 1099 945 eiOqtlium"
1134 870 1281 927 tuum
1313 874 1469 927 servo
1508 874 1618 925 tuo’.
1655 889 1674 922 ι
1709 867 2075 924 Miscricordia‘

488 966 543 1023 et
578 968 773 1021 veritas
801 967 872 1020 ita
902 965 1080 1019 divum
1107 963 1321 1034 eloquio
1367 961 1826 1025 commendantur,
1862 967 1919 1013 ut
1954 973 2076 1012 cum

491 1051 549 1115 iit
570 1050 1108 1113 multis‘tnveniarttur
1138 1055 1291 1117 locis;
1322 1048 1551 1108 mxima
1579 1052 1635 1106 iit
1664 1042 2076 1129 PSaimis,quo’V-

496 1152 613 1210 tiam
642 1153 800 1207 etiam
830 1152 947 1208 loco
983 1153 1208 1221 legatur,
1242 1148 1498 1204 Universtc
1526 1148 1617 1201 vite
1656 1146 1862 1199 Domini
1886 1138 2080 1199 miseri-

492 1244 667 1303 mdia
692 1252 741 1299 et
760 1244 942 1299 veritas
969 1242 1138 1313 (Petit.
1162 1232 1439 1306 11mm).
1468 1240 1535 1293 Et
1567 1238 1650 1292 hic
1678 1238 1889 1308 quidem
1910 1236 2081 1306 primo

492 1332 779 1393 veritatem
809 1324 1003 1406 posuit;
1047 1338 1152 1405 qua
1198 1332 1461 1387 Humiliati
1505 1336 1687 1385 smnus
1732 1330 1783 1383 in
1829 1332 2077 1392 mortem,

491 1429 765 1499 judicante
794 1427 889 1483 tua
912 1416 1062 1497 cuius
1082 1425 1276 1495 judicia
1300 1414 1499 1493 iustitia
1544 1432 1625 1477 est
1648 1438 1664 1475 :
1690 1420 1881 1475 deinde
1919 1418 2081 1473 inise-

498 1520 808 1585 ricotrdiain,
854 1528 957 1589 qua
1001 1519 1359 1573 instauratum
1404 1514 1470 1568 ad
1508 1514 1690 1579 vitam,
1738 1512 2085 1581 promittente

499 1612 590 1665 ilio
629 1612 782 1681 cujus
811 1610 1126 1667 beneﬁcium
1168 1610 1337 1678 gratia
1378 1617 1477 1662 est.
1511 1604 1632 1661 ideo
1675 1605 1768 1671 ait,
1810 1604 2085 1657 secundum

498 1702 755 1773 eloquium
778 1714 917 1757 tuum
943 1702 1083 1756 ietvo
1106 1709 1190 1755 tuo
1214 1716 1233 1754 :
1261 1700 1310 1754 id
1341 1704 1442 1764 est,
1474 1692 1765 1753 Secundum
1793 1694 2085 1766 quodpro-

499 1798 694 1852 [υἱεῖςίί
735 1798 891 1852 sc‘rvo
932 1806 1040 1851 tuo.
1085 1795 1207 1851 Sive
1236 1802 1363 1864 ergo
1391 1793 1725 1862 regeneratio
1756 1796 1859 1860 qua
1900 1790 1983 1843 hic
2030 1789 2086 1843 in

505 1885 598 1943 Dei
643 1887 808 1942 Filius
847 1887 1181 1953 adepturum;
1224 1885 1337 1940 sive
1366 1884 1501 1937 lides
1527 1890 1580 1937 et
1626 1894 1749 1951 spes
1779 1888 1831 1935 et
1856 1879 2088 1934 Charitas

504 1987 623 2049 quae
652 1981 753 2034 tria
776 1976 1105 2033 tediticantur
1132 1978 1183 2030 in
1217 1976 1390 2041 nobis,
1422 1973 1659 2045 qnamvis
1685 1972 1751 2027 de
1781 1972 2087 2026 misericor-

505 2073 589 2129 dia
619 2075 713 2129 Dei
739 2075 989 2140 veniant;
1026 2071 1200 2127 tamen
1245 2072 1295 2124 in
1326 2070 1423 2125 hac
1465 2076 1763 2124 aerumnosa
1791 2074 1843 2120 et
1882 2064 2091 2135 procel;

505 2166 619 2221 iota
658 2166 765 2221 Vita
804 2162 992 2220 solatia
1021 2173 1143 2219 sunt
1172 2164 1509 2229 miserorum,
1537 2176 1642 2215 non
1690 2159 1877 2229 gaudia
1902 2157 2091 2212 beato-

513 2272 635 2313 rum
668 2276 680 2311 :
711 2257 832 2312 ideo
859 2256 1055 2312 dictum
1082 2256 1185 2323 c'St,
1219 2253 1338 2309 Fiat
1366 2251 1712 2309 anseriwrdia
1752 2260 1857 2316 tua,
1890 2260 1945 2303 ut
1973 2266 2092 2303 con-

503 2347 689 2405 soletur
716 2356 811 2404 nte.

575 2442 629 2497 4.
664 2440 813 2515 [θεῖε.
845 2438 959 2513 77.]
986 2440 1091 2497 Sed
1116 2440 1237 2511 quia
1284 2447 1401 2510 post
1432 2439 1544 2493 haec
1581 2448 1635 2494 et
1670 2454 1762 2507 per
1789 2436 1904 2492 brcc
1932 2434 2091 2491 etiam

504 2532 595 2588 illa
625 2540 843 2590 ventura
875 2540 1031 2599 sunt;
1074 2534 1193 2589 ideo
1232 2532 1490 2603 Sequitur,
1542 2530 1758 2585 Veniant
1786 2530 1909 2584 mihi
1945 2531 2093 2583 mise-

502 2622 723 2679 mam
750 2636 867 2691 tute,
896 2635 940 2679 et
966 2624 1147 2681 vivam.
1177 2618 1325 2679 Tunc
1351 2624 1491 2680 enim
1514 2634 1637 2679 vere
1660 2624 1852 2687 vivam,
1881 2620 2091 2692 quando

506 2714 636 2769 nihil
669 2720 854 2785 potero
885 2717 1093 2782 timere,
1121 2722 1189 2772 ne
1211 2716 1424 2771 moriar.
1454 2714 1567 2795 ipsa
1593 2716 1733 2771 enim
1764 2726 1817 2770 et
1842 2716 1957 2770 sine
1983 2713 2091 2769 ullo

506 2807 870 2864 additamenta
895 2808 1089 2864 dicitur
1111 2810 1249 2874 vita,
1285 2820 1381 2863 nec
1414 2809 1721 2878 intelligitur
1746 2804 1847 2861 nisi
1893 2814 2090 2861 :eterntt

504 2890 559 2953 et
588 2900 761 2965 beata,
787 2890 1035 2970 tanquam
1063 2900 1171 2953 sola
1202 2898 1425 2955 dice’nda
1448 2898 1516 2954 sit
1540 2900 1666 2965 vita,
1696 2900 1746 2953 in
1775 2898 1924 2970 cujus
1944 2904 2092 2953 coni-

505 2993 780 3060 paratio‘ne
808 2993 905 3049 ista
936 2994 1093 3064 quam
1126 2994 1369 3049 ducimus
1388 3036 1402 3058 ,
1436 3011 1579 3050 mors
1609 2993 1784 3065 potius
1810 2995 1877 3047 sit
1906 2993 2089 3062 appel-

505 3082 661 3137 landa
689 3098 846 3154 quam
877 3086 981 3139 vita
1009 3104 1020 3139 :
1054 3086 1211 3155 quale
1238 3083 1365 3141 illud
1392 3092 1473 3141 est
1500 3087 1551 3140 in
1580 3084 1901 3155 Evangelia,
1936 3081 1997 3139 Si
2018 3085 2091 3139 vis

503 3178 668 3232 venire
695 3176 761 3231 ad
787 3179 954 3244 vitam,
987 3176 1126 3233 serva
1150 3180 1388 3233 mandata
1416 3176 1625 3250 (Matth.
1654 3186 1763 3245 XIX,
1790 3178 1898 3248 i7).
1927 3168 2094 3232 Num-

504 3265 628 3339 quid
655 3268 871 3338 addidit,
906 3270 1158 3327 aeternam
1179 3314 1193 3339 ,
1221 3273 1304 3325 vel
1326 3314 1339 3337 ,
1365 3272 1614 3327 beatam?
1646 3271 1771 3325 item
1803 3270 1868 3326 de
1907 3280 2087 3325 resur;

502 3361 742 3417 recitem:
768 3363 943 3418 carnis
964 3376 1083 3419 cum
1113 3364 1435 3434 loqueretur,
1470 3363 1568 3429 Qui
1590 3364 1708 3417 bene
1734 3367 1978 3435 fecerunt,
2010 3365 2091 3418 in-‘

448 3453 451 3457 ’
503 3451 650 3523 qtﬁt,
679 3451 732 3507 iit
758 3454 1170 3509 resurreCtionem
1200 3457 1314 3510 vita:
1354 3454 1530 3526 (Joau.
1560 3472 1610 3522 ν,
1644 3456 1735 3527 99)
1763 3474 1773 3508 τ
1808 3470 1976 3524 neque
2005 3452 2090 3511 hic

502 3540 607 3613 ait;
635 3542 882 3615 aeterne,»
910 3552 1000 3603 Seu
1022 3591 1036 3614 ,
1068 3546 1256 3604 beatm.
1286 3547 1372 3605 Sic
1397 3552 1451 3603 et
1478 3548 1598 3616 hic,
1638 3547 1870 3614 Veniant,
1897 3548 2083 3619 inquit,

502 3633 630 3692 milli
670 3637 1011 3695 miserationes
1050 3650 1184 3709 tute,
1223 3649 1269 3695 et
1306 3645 1468 3695 vivam
1499 3656 1519 3695 :
1548 3646 1719 3711 neque
1751 3638 1836 3695 hic
1875 3640 1982 3705 ait,
2034 3640 2089 3697 in

503 3724 764 3786 cumam
794 3733 964 3788 vivam
986 3776 998 3799 ,
1043 3732 1159 3801 vel,
1194 3732 1348 3788 beate
1378 3732 1584 3799 vivam;
1628 3732 1775 3803 quasi
1807 3734 1949 3789 aliud
1980 3749 2087 3790 non

500 3817 571 3879 sit
596 3820 796 3892 mare,
822 3822 978 3895 quam
1008 3824 1124 3880 sine
1152 3812 1261 3879 u'ilo'
1287 3820 1390 3880 line
1412 3832 1464 3880 et
1493 3824 1607 3880 sine
1638 3825 1741 3879 ulla
1770 3824 1983 3880 miseria
2008 3824 2087 3880 vi-

500 3912 643 3972 vere.
672 3915 779 3972 sed
808 3910 908 3973 hoc
928 3918 1038 3994 ~(tuo
1069 3916 1300 3973 merito?
1334 3914 1467 3983 Quia
1496 3918 1596 3986 lex,
1625 3918 1822 3989 inquit,
1864 3928 1949 3973 tua
1978 3937 2085 3974 me-

500 4002 678 4062 atauo
708 4007 822 4086 inea
838 4017 931 4063 est.
962 4006 1088 4065 Haa'c
1116 4008 1389 4065 meditatio
1416 4007 1515 4065 nisi
1545 4014 1691 4066 esset
1720 4009 1769 4065 in
1804 4002 1937 4078 fide,
1969 4026 2086 4079 qua:

646 4092 987 4155 dile’c‘tidnein
1038 4105 1290 4169 Operatur
1338 4098 1533 4173 (Galat.
1581 4116 1633 4167 v,
1684 4100 1765 4171 6),
1817 4102 2085 4170 nunquam

498 4188 717 4259 propter
743 4188 861 4246 tata
887 4187 1065 4260 posset
1093 4188 1158 4245 ad
1184 4188 1327 4245 illam
1360 4190 1519 4245 vitam
1547 4188 1808 4261 quispiam
1837 4192 2086 4262 perveni-

498 4292 581 4336 re;
606 4278 719 4336 Hoc
747 4278 1027 4337 dicentium
1064 4278 1279 4351 putavi,
1324 4296 1390 4337 ne
1418 4281 1731 4355 Quisquam,
1768 4284 1887 4336 cum
1924 4276 2085 4336 totam

499 4372 670 4445 legem
700 4373 971 4429 memoria:
998 4364 1362 4441 mandaverit,
1398 4378 1621 4445 eamQue
1647 4372 1969 4429 creberrima
2000 4390 2087 4429 re-

501 4464 812 4521 curvatione
837 4460 1154 4531 cantave'i‘it,
1187 4482 1291 4521 non
1321 4473 1501 4522 tacens
1530 4466 1669 4537 quod
1704 4467 1956 4536 prascipit,
1990 4476 2087 4521 nec

497 4556 679 4614 πεώδη
702 4556 884 4615 thetis
904 4562 959 4613 ut
979 4558 1239 4631 praecipit,
1261 4560 1549 4615 arbitretur
1565 4576 1623 4615 se
1648 4558 1836 4615 fecisse
1852 4560 1990 4630 quod
2013 4561 2086 4615 ie-

495 4653 599 4725 git,
631 4649 764 4718 Quid
792 4652 874 4709 lex
900 4658 987 4709 tua
1012 4652 1269 4709 Meditatio
1295 4664 1405 4709 mea
1431 4658 1542 4718 est;
1567 4662 1619 4708 et
1645 4652 1768 4707 hinc
1791 4668 1847 4707 se
1864 4652 2085 4723 adeptu-

494 4761 612 4802 rum
637 4746 938 4815 existimet,
982 4748 1122 4818 quod
1152 4748 1329 4803 verbis
1358 4746 1720 4817 superioribus
1741 4756 1956 4816 propter
1982 4747 2085 4802 hoc

492 4835 743 4893 meritum
772 4835 1203 4907 postumium
1235 4836 1436 4893 dictum
1456 4846 1557 4903 est,
1591 4835 1805 4892 Veniant
1829 4855 1978 4909 super
2003 4855 2082 4892 me

492 4927 837 4984 animum:
855 4926 983 4996 tute,
1021 4940 1066 4983 et
1088 4930 1271 4984 vivam.
1300 4924 1426 4984 Haec
1452 4928 1724 4984 meditatio
1750 4929 1975 4985 amantis
1999 4926 2082 4986 est

493 5018 764 5090 cognatio,
792 5020 847 5099 et
865 5013 1071 5073 tantum
1098 5019 1344 5085 amantis,
1370 5018 1427 5074 tit
1455 5018 1686 5074 charitas
1709 5028 1811 5075 non
1835 5020 2082 5091 frigescat

494 5110 653 5182 hujus
690 5108 1049 5167 meditationis
1073 5116 1210 5177 stite,
1246 5112 1570 5183 quantalibet
1604 5110 1927 5169 abundantia
1952 5129 2080 5171 con-

492 5202 720 5275 stijie'ttii’
743 5204 1034 5275 iniquitatis
1058 5204 1245 5260 aliente
1282 5204 1492 5279 (Matth.
1517 5208 1658 5271 xxw,
1680 5202 1791 5277 i2).

563 5293 616 5352 ῦς
648 5294 797 5370 [ﬂeti
827 5295 939 5370 78.]
967 5286 1202 5369 Denique
1222 5298 1479 5369 sequitur,
1504 5308 1557 5353 et
1578 5297 1724 5364 dicit,
1750 5297 2079 5370 Confundan-

494 5386 576 5441 tut‘
599 5386 819 5459 iuperbi,
843 5388 1080 5462 quoniam
1105 5388 1291 5460 injuste
1307 5391 1619 5462 iniquitatem
1646 5396 1868 5462 fecerunt
1889 5394 1940 5446 in
1961 5410 2039 5447 me
2057 5409 2079 5449 :

496 5480 581 5549 ego
612 5484 779 5535 autem
806 5481 1071 5536 exercebat
1094 5481 1149 5536 in
1174 5482 1424 5537 mandatis
1452 5485 1567 5538 tuis.
1598 5482 1736 5539 Ecce
1766 5485 1905 5555 quod
1933 5488 2007 5541 ait
2032 5488 2075 5557 ²,

499 5564 767 5629 meditatio
798 5568 927 5644 legis
958 5572 1072 5641 Dei,
1106 5571 1192 5628 vel
1220 5576 1392 5643 potius
1425 5574 1697 5629 meditatio
1724 5575 1806 5631 lex
1833 5577 1947 5632 Dei.

563 5659 616 5717 Β.
650 5660 800 5738 [vere
830 5665 942 5737 79.]
975 5664 1357 5734 Convertuntur,
1388 5668 1575 5739 inquit,
1604 5669 1670 5723 ad
1695 5684 1771 5723 me
1796 5674 1881 5743 qui
1906 5672 2077 5727 timent

453 5767 459 5773 '
500 5762 563 5825 te,
593 5754 638 5809 et
662 5756 749 5829 qui
775 5768 1081 5828 cognoscunt
1107 5758 1389 5815 testivtonia
1417 5764 1523 5815 tua.
1551 5758 1607 5816 ln
1635 5764 1904 5819 nmmullis
1932 5765 2077 5820 codi-

552 5898 668 5990 :slc
692 5883 1328 5966 ponoresusejuxtatu.
1355 5910 1411 5958 At
1440 5888 1585 5971 add.
1607 5908 1655 5961 et
1680 5907 1946 5964 taveritate
1970 5914 2069 5966 tua.

602 5961 1053 6011 PhaesISL.an

714 5970 773 6016 68
789 5967 917 6026 .35.,
937 5969 1053 6026 agn.

1728 475 1783 530 s.
1826 448 2195 531 Αυίςῠςῐηίξι
2232 452 2533 529 EPISCOPI

3624 474 3763 544 {556

2184 584 2333 641 cibus
2377 586 2677 642 invenimus
2717 598 2769 642 et
2816 584 3002 660 grtecis
3044 600 3098 647 et
3143 593 3350 661 latinis,
3403 595 3769 658 Convertuntur

2183 678 2339 745 mibi;
2373 682 2517 751 quod
2546 683 2874 738 tantumdem
2903 686 3082 741 valere
3118 686 3383 758 euistimo,
3430 703 3681 763 quantum
3724 698 3770 753 si

2184 770 2405 837 dicatur,
2438 773 2505 827 ad
2542 774 2637 828 me.
2683 765 2791 831 Sed
2825 776 2944 847 quis
2970 778 3051 834 est
3077 776 3174 835 iste
3215 784 3302 853 qui
3331 784 3429 838 hoc
3460 785 3625 842 dicit?
3652 789 3773 846 Non

2184 864 2328 919 enim
2358 866 2640 936 quisquam
2672 868 2945 924 hominum
2989 872 3090 926 hoc
3118 873 3298 929 dicere
3325 874 3573 945 audebit,
3604 890 3699 936 aut
3728 882 3776 937 si

2184 954 2347 1017 dicat,
2379 955 2673 1013 audiendus
2704 955 2804 1014 est.
2832 956 3091 1017 Nimirum
3124 978 3250 1035 ergo
3278 966 3367 1022 ille
3395 980 3475 1023 est
3500 973 3777 1042 quietiam

2186 1050 2433 1117 superius
2458 1049 2773 1121 interposuit
2803 1052 3177 1124 preprietatem
3204 1060 3348 1114 Vocis
3374 1077 3482 1117 suae
3503 1105 3516 1127 ,
3550 1063 3733 1119 dicens
3759 1084 3774 1121 :

2186 1134 2453 1210 Particeps
2490 1146 2583 1212 ego
2612 1160 2725 1197 sum
2760 1146 2982 1201 amnium
3027 1144 3307 1203 timentium
3333 1160 3395 1207 te.
3433 1154 3564 1222 Quia
3606 1156 3779 1212 factus

2188 1236 2269 1285 est
2293 1233 2555 1303 particeps
2581 1238 2915 1292 mortalitatis
2942 1238 3139 1295 nostrae
3158 1284 3171 1308 ,
3204 1252 3259 1297 ut
3282 1255 3336 1299 et
3368 1261 3462 1301 nos
3492 1244 3780 1321 participes

2188 1322 2478 1379 divinitatis
2522 1325 2686 1395 ipsius
2734 1326 3016 1395 fieremus;
3059 1348 3158 1388 nos
3198 1336 3355 1391 unius
3397 1334 3683 1412 participes
3710 1343 3783 1399 ad

2191 1416 2376 1483 vitam,
2405 1420 2474 1473 a'd
2503 1418 2734 1475 mortem
2762 1426 2891 1477 vero
2923 1425 3187 1496 particeps
3214 1414 3300 1481 ille
3323 1425 3630 1487 multorum.
3662 1435 3785 1506 ipse

2190 1514 2272 1561 eSt
2313 1509 2453 1563 enim
2494 1510 2561 1564 a’d
2598 1522 2757 1581 quem
2784 1510 3165 1572 cenveituntur
3195 1522 3443 1577 timentes
3474 1523 3678 1595 Deum,
3728 1538 3787 1586 et

2195 1601 2285 1670 qui
2312 1606 2642 1671 cognoscitnt
2672 1602 2767 1661 Dei
2794 1604 3116 1677 testimOnia,
3151 1610 3218 1668 de
3250 1612 3341 1669 illo
3369 1632 3465 1687 per
3488 1619 3787 1690 Prophetas

2195 1700 2340 1748 tanto
2380 1702 2502 1750 ante
2531 1699 2782 1768 prmdicta
2805 1743 2818 1765 ,
2861 1705 2910 1755 in
2942 1703 3056 1773 ejus
3095 1708 3374 1775 praesentia
3400 1726 3497 1782 pcr
3526 1716 3788 1772 miracula

2195 1789 2357 1856 paulo
2382 1798 2505 1845 ante
2530 1792 2841 1849 monstra

2268 1883 2317 1935 1.
2355 1882 2503 1955 [rem
2537 1876 2651 1961 80.]
2682 1880 2834 1957 Fiat,
2871 1886 3073 1962 inquit,
3102 1912 3188 1949 cor
3215 1898 3381 1951 meum
3405 1899 3791 1959 immaculatum

2195 1975 2247 2029 in
2265 1978 2713 2048 jttétiﬁt'atiouibus
2737 1984 2853 2048 tuis,
2884 1995 2938 2039 ut
2964 2004 3064 2041 non
3091 1984 3393 2061 confundar.
3419 1993 3577 2050 Redit
3595 1996 3663 2051 ad
3691 2014 3793 2053 v0-

2197 2081 2311 2160 ccm
2340 2072 2582 2139 COt‘pOI'iS
2610 2074 2725 2142 sui,
2769 2076 2937 2131 Sancti
2973 2079 3175 2136 scilicet
3220 2085 3395 2153 populi
3435 2086 3551 2153 sui,
3595 2096 3649 2143 et
3672 2089 3793 2160 jam

2198 2158 2592 2218 immaculatum
2643 2165 2754 2221 fieri
2797 2166 2890 2222 eor
2928 2186 3081 2225 suum
3125 2184 3393 2243 precatur,
3441 2176 3541 2233 hoc
3569 2190 3652 2234 est
3674 2158 3798 2237 Vcor

2198 2254 2557 2308 membrorum
2582 2260 2828 2325 suoium;
2864 2262 2917 2314 in
2940 2258 3403 2331 justiﬁeationibus
3432 2268 3554 2336 li‘ei,
3594 2289 3703 2326 non
3737 2274 3797 2329 in

2200 2342 2402 2400 viribus
2427 2362 2611 2402 eorum
2640 2367 2650 2401 :
2686 2353 2926 2421 poposcit
2952 2354 3092 2409 enim
3126 2355 3257 2424 hoc,
3290 2374 3394 2412 non
3428 2365 3795 2434 praesumpsit.

2198 2436 2349 2501 Quod
2386 2446 2561 2493 autem
2591 2440 2819 2510 addidit,
2855 2443 2922 2500 Ut
2964 2463 3065 2501 non
3102 2452 3422 2520 confundar;
3454 2455 3558 2510 tale
3586 2456 3799 2528 aliquid

2198 2540 2251 2584 et
2294 2532 2345 2584 in
2392 2534 2576 2602 primis
2622 2535 2782 2606 hujus
2826 2540 3013 2608 psalmi
3058 2546 3301 2601 versibus
3349 2547 3646 2617 invenitur,
3700 2552 3800 2609 ubi

2198 2618 2357 2691 dixit,
2395 2624 2600 2681 Utinam
2637 2628 2923 2701 dirigantur
2948 2636 3039 2689 vite
3067 2654 3189 2693 mete
3222 2640 3290 2692 ad
3323 2644 3674 2700 custodiendas
3690 2651 3801 2717 ju-

2197 2716 2526 2785 sti/icutioues
2552 2730 2704 2777 tuas:
2737 2732 2854 2777 tunc
2884 2742 2982 2781 non
3013 2730 3317 2797 confundor,
3352 2732 3463 2787 cum
3495 2716 3707 2806 inspicio
3740 2740 3801 2794 in

2197 2810 2367 2864 omnia
2395 2812 2634 2867 mandata
2659 2824 2765 2869 tua.
2792 2808 2944 2884 Quod
2967 2814 3059 2889 ibi,
3094 2824 3215 2892 quia
3242 2824 3392 2893 dixit,
3426 2825 3653 2893 Utinam,
3683 2849 3801 2888 uno

2198 2902 2362 2959 verbo
2391 2902 2709 2976 significavit
2729 2913 2999 2982 optantis;
3036 2915 3135 2970 hoc
3164 2917 3264 2971 isto
3296 2920 3412 2973 loco
3433 2924 3801 2991 apertioribus

2197 2997 2373 3052 verbis
2403 3000 2665 3068 expressit
2691 3004 2916 3069 orantis,
2949 3006 3199 3076 dicendo,
3232 3008 3353 3064 Fiat
3382 3026 3467 3069 cur
3498 3032 3661 3069 meum
3686 3018 3799 3070 im-

2198 3089 2505 3143 maculatum
2530 3106 2549 3145 :
2574 3099 2630 3145 ut
2658 3090 2756 3148 nec
2788 3094 2838 3147 in
2867 3095 2975 3162 illa,
3010 3114 3107 3152 nec
3132 3099 3181 3152 in
3216 3100 3313 3155 ista
3342 3098 3599 3160 sententia
3623 3148 3639 3173 ,
3669 3125 3802 3180 qua:

2199 3187 2418 3249 utraque
2450 3197 2552 3236 una
2583 3184 2682 3250 est,
2708 3184 3008 3242 inveniatur
3037 3191 3254 3246 audacia
3281 3193 3348 3250 de
3372 3196 3538 3253 libero
3565 3200 3804 3259 arbitrio

2197 3282 2383 3326 contra
2410 3278 2631 3344 gratiam
2666 3276 3000 3334 confidentis.
3033 3282 3184 3349 Quod
3215 3294 3392 3341 autem
3419 3290 3492 3344 ait
3519 3290 3608 3358 ibi,
3647 3290 3802 3348 Tunc

2197 3381 2296 3420 non
2337 3370 2654 3438 confttndar;
2687 3369 2788 3425 hoc
2824 3373 2895 3426 ait
2939 3364 3054 3442 liic,
3108 3375 3173 3431 Ut
3212 3396 3312 3434 non
3353 3384 3660 3454 eoufundar.
3704 3386 3804 3443 Fit.

2198 3468 2323 3530 ergo
2355 3468 2450 3515 eor
2481 3460 2874 3518 immaculatum
2904 3456 3263 3525 membrorutn
3289 3483 3344 3528 et
3368 3478 3607 3547 corporis
3633 3478 3803 3534 Chri-

2196 3554 2300 3619 sti,
2330 3555 2497 3624 gratia
2528 3556 2618 3610 Dei
2647 3556 2739 3625 per
2766 3558 2937 3628 ipsum
2969 3563 3209 3631 corporis
3238 3576 3423 3636 caput,
3454 3556 3554 3624 hoc
3583 3580 3665 3626 est
3692 3588 3803 3641 per

2196 3646 2376 3701 Jesutn‘
2416 3647 2687 3704 Christum
2726 3652 3010 3707 Dominum
3044 3666 3312 3724 nostrum,
3363 3677 3457 3730 per
3494 3680 3799 3734 regenera-

2198 3738 2355 3794 tionis
2389 3740 2655 3795 lavacrum
2693 3740 2817 3813 (Tit.
2858 3761 2912 3798 Ill
2934 3789 2946 3809 ,
2979 3734 3058 3817 3),
3090 3749 3177 3801 ubi
3211 3750 3411 3806 abolita
3444 3762 3568 3810 sunt
3606 3759 3802 3814 omnia

2197 3830 2462 3902 piteterita
2507 3844 2719 3903 peccata
2768 3847 2982 3904 nostra;
3035 3856 3129 3908 per
3167 3842 3383 3911 spiritus
3424 3846 3748 3917 adjutorium
3774 3890 3800 3919 ,

2194 3924 2291 3993 per
2326 3924 2467 3995 quod
2494 3926 2921 3994 etmcupiseimus
2948 3928 3203 3986 adversus
3237 3949 3450 3989 carnem
3491 3934 3696 4010 (σαῖσι.
3726 3956 3798 4011 v,

2197 4014 2307 4082 i7),
2353 4032 2419 4071 ne
2462 4016 2738 4072 vincamur
2780 4017 2831 4073 in
2875 4038 3047 4092 pugna
3092 4034 3309 4091 nostra;
3359 4042 3453 4096 per
3498 4029 3795 4088 dominicae

2194 4109 2449 4164 orationis
2475 4110 2719 4167 effectum
2749 4114 2790 4180 ί,
2820 4114 2869 4167 in
2898 4127 2998 4183 qua
3028 4114 3274 4183 dicimus,
3304 4116 3513 4174 Dimitte
3531 4122 3671 4176 nobis
3696 4124 3798 4178 de-

2195 4199 2296 4253 bita
2322 4210 2493 4255 nostra
2523 4192 2747 4272 (Matth.
2780 4209 2857 4269 ὴ,
2892 4194 3004 4275 ίῖ).
3040 4206 3113 4261 Ita
3141 4206 3333 4263 donata
3365 4211 3520 4267 nobis
3556 4229 3795 4284 regene-

2195 4293 2402 4348 ratione
2421 4336 2435 4362 ,
2464 4294 2641 4365 adjuta
2668 4297 3005 4352 conflictione
3033 4298 3074 4365 ί,
3106 4296 3218 4354 fusa
3247 4303 3572 4370 precatione,
3601 4306 3661 4361 fit
3689 4323 3794 4364 cor

2194 4396 2435 4442 nostrum
2463 4388 2879 4457 immaculatum,
2910 4404 2964 4445 ut
2990 4408 3093 4446 non
3124 4392 3546 4452 confundamur:
3578 4402 3700 4469 quia
3728 4410 3795 4458 et

2193 4478 2295 4534 hoc
2324 4480 2389 4534 ad
2414 4478 2818 4549 iustificationes
2852 4468 2945 4538 Dei
2974 4487 3231 4553 pertinet,
3262 4490 3473 4557 quando
3500 4468 3635 4547 inter
3664 4493 3792 4563 ejus

2192 4573 2293 4628 alia
2321 4585 2580 4643 prtecepta
2613 4577 2937 4646 prteeipitur,
2966 4575 3198 4644 Dimitte,
3229 4592 3275 4634 et
3306 4574 3582 4638 dimittetur
3609 4585 3745 4640 vobis
3762 4604 3790 4653 ,-

2192 4663 2327 4733 date,
2359 4673 2406 4719 et
2434 4656 2635 4720 dabitur
2664 4665 2797 4723 vobis
2824 4666 2973 4738 (Luc.
2997 4686 3066 4736 γι,
3101 4671 3167 4726 57
3190 4682 3236 4726 et
3261 4666 3372 4745 58).

2827 4826 2999 4881 SERMO
3037 4832 3123 4881 XX;

2260 4964 2312 5017 1.
2354 4961 2504 5035 [vers.
2530 4962 2643 5035 81.]
2673 4964 2968 5033 Adjuvante
3003 4967 3227 5023 Domino
3247 5010 3261 5033 ,
3292 4969 3444 5025 istam
3474 4974 3651 5042 magni
3677 4974 3786 5030 hu-

2182 5055 2270 5125 jus
2320 5056 2506 5125 psalmi
2560 5066 2761 5126 partem
2809 5059 3249 5115 considerandam
3302 5065 3783 5137 exponendamque

2187 5148 2519 5217 suscepimus
2538 5191 2552 5215 ,
2586 5149 2673 5202 ubi
2700 5150 2846 5215 dicit,
2880 5150 3075 5219 Deiecit
3104 5154 3157 5206 in
3181 5156 3406 5209 salutare
3435 5166 3578 5211 tuum
3605 5160 3780 5212 anima

2186 5254 2299 5290 mea
2319 5280 2332 5301 ,
2375 5248 2421 5292 et
2447 5240 2498 5291 in
2526 5240 2725 5292 verbum
2760 5250 2901 5293 tuum
2938 5244 3157 5311 speravi.
3187 5243 3302 5297 Non
3335 5247 3507 5300 omnis
3536 5246 3779 5303 defectus

2185 5329 2270 5383 vel
2297 5330 2464 5400 culpae
2492 5330 2755 5398 putandus
2780 5341 2859 5385 est
2884 5348 3021 5399 esse,
3050 5336 3130 5388 vel
3160 5352 3330 5404 pains:
3353 5354 3368 5390 :
3394 5347 3475 5393 est
3494 5340 3653 5393 etiam
3683 5341 3779 5395 de-

2186 5419 2354 5475 fectus
2383 5421 2660 5476 laudabilis
2689 5424 2773 5476 vel
2803 5425 3075 5492 optabilis.
3106 5425 3235 5481 Nam
3264 5442 3385 5481 cum
3415 5429 3520 5484 sint
3552 5431 3692 5485 inter
3717 5448 3777 5486 se

2185 5510 2291 5565 duo
2336 5512 2433 5565 ista
2477 5514 2775 5578 contraria,
2821 5515 3079 5584 proﬁcere
3124 5526 3176 5571 et
3217 5517 3482 5584 deiicere;
3532 5522 3775 5575 usitatius

2186 5600 2456 5672 profectus
2484 5603 2534 5656 in
2562 5604 2702 5660 bono
2728 5607 3003 5675 accipitur,
3026 5608 3268 5664 defectus
3290 5610 3339 5663 in
3366 5611 3527 5673 malo.
3559 5614 3772 5682 quando

2186 5710 2291 5748 non
2318 5686 2528 5748 additur
2555 5696 2638 5751 vel
2671 5698 3081 5770 subinteliigitur
3106 5701 3158 5755 in
3187 5703 3310 5772 quid
3349 5704 3660 5774 proﬁciatur
3688 5708 3770 5762 vel

2254 5851 2272 5919 ξ
2297 5851 2370 5919 sic
2519 5860 2573 5903 At
2596 5853 2728 5914 Fdd.,
2747 5856 2985 5919 affectum.

2189 5910 2499 6039 σωζῖὲἓὲίᾶ
2525 5922 2581 5965 Al.
2604 5910 2726 5980 Am,
2771 5910 2941 5980 iidjuta
2961 5919 3267 5985 confessione.
3287 5928 3361 5975 Er.
3385 5929 3439 5979 et
3459 5930 3594 5990 ωτι,
3613 5924 3781 6011 ασθαι,
