4090 6474
502 369 642 429 1559

502 487 557 542 hi
580 481 740 554 iniqui
763 480 1152 544 delectationes;
1180 476 1267 531 sed
1289 490 1390 531 non
1414 473 1542 528 sicut
1573 472 1654 527 lea:
1674 479 1759 526 tua
1784 514 1799 540 ,
1830 470 2044 525 Domine
2062 487 2082 525 :

502 596 597 636 eas
622 581 697 634 sic
739 577 1023 633 transferre
1048 573 1332 628 voluerunt
1375 570 1690 636 interpretes
1715 565 1920 631 nostri,
1955 578 2086 634 quas

505 669 677 726 Graeci
705 672 977 734 ἀδολεσχίας
1003 670 1233 728 vocant,
1260 659 1402 731 quod
1438 673 1603 727 usque
1628 656 1762 712 adeo
1789 670 1894 710 uno
1925 653 2085 709 verbo

499 773 837 831 nequaquam
863 756 964 811 diei
996 755 1159 808 latine
1178 760 1372 822 potest,
1398 760 1455 805 ut
1483 749 1665 819 aliqui,
1694 746 2045 802 delectationes
2069 785 2085 811 ,

500 851 687 922 aliqui,
718 850 1049 921 fabulationes
1076 863 1167 902 eas
1194 847 1463 911 dicerent;
1494 854 1551 899 ut
1577 858 1683 897 non
1714 842 1979 897 immerito
2000 854 2088 894 ac-

502 942 730 1010 cipiatur
755 953 877 994 esse
903 937 1116 1008 quidem
1148 936 1267 990 illas
1296 934 1702 990 exercitationes
1726 974 1741 996 ,
1773 932 1866 987 sed
1894 932 1945 985 in
1975 946 2089 985 ser-

500 1046 666 1088 mone
691 1046 819 1086 cum
836 1030 1062 1101 quadam
1088 1029 1464 1085 delectatione.
1510 1025 1618 1081 Has
1654 1040 1782 1080 vero
1809 1024 2003 1079 habent
2033 1025 2086 1077 in

504 1123 738 1180 diversis
762 1122 922 1178 sectis
944 1137 1007 1177 ac
1033 1120 1469 1192 professionibus,
1489 1127 1543 1174 et
1568 1118 1758 1173 litterae
1783 1117 2083 1182 sreculares,

503 1226 560 1274 et
582 1216 888 1273 Judteorum
915 1230 1033 1287 quae
1061 1214 1366 1270 Deuterosis
1394 1221 1745 1283 nuncupatur,
1768 1212 2047 1266 continens
2069 1210 2085 1241 ¹

501 1321 703 1382 praeter
725 1310 1023 1365 divinarum
1049 1323 1308 1364 canonem
1331 1307 1723 1377 Scripturarum
1754 1306 1912 1359 millia
1940 1304 2091 1359 fabu-

502 1399 675 1455 larum
704 1417 719 1467 ;
752 1399 911 1454 habet
940 1413 1031 1455 eas
1072 1408 1127 1453 et
1169 1397 1539 1452 haereticorum
1579 1411 1714 1450 vana
1754 1404 1911 1465 atque
1936 1409 2088 1450 erra-

500 1489 681 1545 bunda
726 1490 1039 1560 loquacitas.
1084 1489 1193 1544 Hos
1236 1502 1423 1543 omnes
1469 1487 1682 1557 iniquos
1723 1487 1946 1557 intelligi
1987 1501 2088 1542 vo-

500 1578 622 1646 luit,
640 1596 669 1634 a
687 1580 878 1651 quibus
905 1581 1004 1635 sibi
1031 1587 1275 1634 narratas
1287 1578 1415 1633 dicit
1440 1581 1736 1645 ἀδολεσχίας,
1758 1576 1809 1630 id
1839 1585 1923 1631 est
1937 1591 2090 1630 exer-

503 1674 784 1730 citationes
809 1673 1151 1730 delectabiles
1173 1672 1348 1727 verbis
1380 1688 1393 1723 :
1428 1669 1534 1726 Sed
1558 1686 1659 1723 non
1681 1711 1695 1736 ,
1728 1668 1897 1739 inquit
1921 1711 1934 1735 ,
1963 1670 2089 1722 sicut

502 1765 589 1821 lea:
630 1776 717 1819 tua
736 1808 752 1832 ,
784 1764 1042 1829 Domine;
1072 1764 1194 1834 quia
1222 1777 1307 1818 me
1345 1764 1402 1817 in
1429 1777 1489 1818 ea
1515 1762 1711 1819 veritas
1733 1800 1749 1827 ,
1792 1775 1898 1815 non
1929 1759 2089 1816 verba

500 1854 787 1912 delectant.
1182 1862 1187 1873 ’

578 1947 629 2001 6.
657 1945 805 2019 [vers.
829 1944 943 2018 86.]
966 1946 1203 2015 Denique
1228 1944 1503 2015 adjungit:
1530 1942 1714 1998 Omnia
1738 1944 1978 1996 mandata
2005 1952 2090 1997 tua

502 2040 685 2093 veritas
717 2055 735 2093 :
763 2040 949 2106 injuste
976 2038 1219 2108 persecuti
1243 2047 1357 2091 sunt
1381 2053 1459 2090 me
1481 2078 1496 2103 ,
1524 2037 1713 2108 adjuva
1741 2053 1838 2090 me.
1869 2036 1936 2089 Et
1964 2051 2091 2105 pen-

503 2127 593 2183 det
621 2137 760 2183 totus
780 2129 844 2184 de
871 2129 1233 2198 superioribus
1261 2144 1448 2183 sensus
1482 2144 1495 2181 :
1533 2129 1664 2194 Quot
1692 2139 1808 2182 sunt
1834 2129 1940 2184 dies
1963 2130 2091 2183 servi

502 2220 625 2273 tui?
648 2220 849 2289 quando
878 2220 1031 2291 facies
1070 2221 1133 2273 de
1158 2221 1559 2290 persequentibus
1588 2237 1666 2273 me
1693 2220 1993 2290 judicium?
2021 2219 2091 2276 Ut

501 2311 645 2364 enim
674 2319 1063 2381 persequantur
1089 2326 1175 2364 me
1198 2352 1213 2379 ,
1247 2317 1597 2365 narraverunt
1624 2309 1752 2363 mihi
1782 2325 2087 2365 sermonum

500 2418 720 2457 suorum
747 2402 1128 2458 delectationes
1162 2420 1175 2456 :
1208 2402 1301 2456 sed
1328 2402 1406 2456 eis
1437 2402 1697 2471 praeposui
1725 2401 1893 2471 legem
1924 2411 2085 2467 tuam,

501 2508 621 2561 qua:
650 2492 773 2548 ideo
796 2493 914 2561 plus
943 2508 1029 2547 me
1056 2492 1357 2558 delectavit,
1390 2492 1512 2561 quia
1543 2492 1712 2545 omnia
1737 2493 1979 2545 mandata
2004 2501 2090 2546 tua

500 2583 722 2648 veritas;
763 2597 871 2637 non
915 2582 1051 2636 sicut
1092 2582 1301 2637 illorum
1348 2582 1578 2636 abundat
1621 2583 1955 2638 sermonibus
1995 2599 2088 2638 va-

500 2675 661 2729 nitas.
712 2676 791 2728 Ac
836 2688 931 2743 per
977 2673 1079 2727 hoc
1122 2673 1308 2747 injuste
1354 2674 1597 2741 persecuti
1639 2684 1754 2727 sunt
1801 2690 1916 2739 me,
1968 2676 2087 2745 quia

500 2783 610 2822 non
656 2768 712 2821 in
740 2779 826 2820 me
868 2765 1131 2835 persecuti
1175 2774 1300 2818 sunt
1328 2765 1427 2818 nisi
1476 2766 1777 2819 veritatem.
1824 2766 1964 2835 Ergo
1990 2766 2086 2819 ad-

496 2860 623 2930 juva
661 2873 740 2910 me
761 2896 775 2922 ,
808 2864 868 2910 ut
895 2866 1095 2911 certem
1127 2870 1223 2926 pro
1261 2857 1486 2911 veritate
1515 2872 1682 2927 usque
1708 2857 1773 2910 ad
1819 2868 2044 2913 mortem
2070 2876 2085 2924 ;

470 2982 475 2983 κ
503 2948 628 3018 quia
658 2955 711 3002 et
741 2946 843 3002 hoc
870 2955 1017 3001 tuum
1047 2946 1353 3001 mandatum
1378 2956 1481 3014 est,
1513 2956 1568 3003 et
1593 2948 1713 3003 ideo
1739 2958 1793 3003 et
1820 2948 1921 3004 hoc
1951 2951 2090 3004 veri-

503 3046 588 3093 tas
617 3046 716 3093 est.

577 3130 630 3182 7.
651 3128 799 3201 [vers.
814 3127 929 3200 87.]
944 3128 1057 3183 Hoc
1070 3142 1189 3183 cum
1207 3127 1405 3184 faceret
1418 3130 1836 3201 Ecclesia,passa
1853 3135 2087 3204 estquod

503 3219 745 3288 adjnnxit
766 3261 781 3284 ,
828 3217 997 3273 Paulo
1026 3220 1190 3273 minus
1218 3231 1682 3275 consummaverunt
1710 3240 1790 3277 me
1826 3225 1878 3277 in
1907 3235 2039 3278 terra
2068 3241 2087 3280 :

503 3310 669 3364 multa
697 3310 899 3365 scilicet
925 3320 1101 3380 strage
1121 3319 1413 3381 martyrum
1438 3312 1597 3379 facta,
1620 3314 1743 3368 dum
1770 3317 2088 3372 conﬁtentur

468 3410 471 3411 ⁷
503 3412 559 3458 et
587 3404 878 3473 prmdieant
901 3403 1198 3458 veritatem.
1237 3403 1339 3459 Sed
1371 3406 1492 3474 quia
1522 3422 1627 3461 non
1673 3408 1863 3463 frustra
1889 3409 2085 3465 dictum

503 3506 607 3563 est,
635 3498 834 3565 Adjuva
858 3510 969 3561 me;
990 3496 1100 3567 Ego
1127 3506 1314 3565 autem,
1338 3497 1525 3568 inquit,
1550 3515 1651 3553 non
1678 3499 1920 3572 dereliqui
1944 3520 2088 3557 man-

502 3589 626 3643 data
654 3596 760 3642 tua.

494 3698 499 3705 ί
575 3682 628 3735 8.
664 3680 811 3753 [vers.
843 3680 957 3753 88.]
989 3682 1159 3751 Atque
1189 3690 1245 3735 ut
1269 3690 1448 3751 posset
1476 3696 1819 3751 perseverare
1843 3700 2010 3755 usque
2032 3687 2083 3741 in

501 3772 663 3826 linem
686 3812 700 3837 ,
731 3772 1020 3827 Secundum
1040 3774 1433 3829 misericordiam
1451 3816 1465 3839 ,
1496 3775 1703 3844 inquit,
1733 3787 1869 3829 tuam
1891 3780 2085 3847 vivi/ica

500 3877 599 3924 me,
618 3871 665 3914 et
690 3863 968 3916 custodiam
994 3864 1274 3917 testimonia
1299 3865 1401 3917 oris
1421 3865 1495 3917 tui
1514 3881 1531 3918 :
1547 3880 1664 3935 quae
1680 3880 1883 3935 graecus
1901 3868 2080 3935 habet,

502 3952 775 4024 Martyria.
805 3956 953 4020 Quod
982 3956 1263 4010 tacendum
1289 3972 1396 4011 non
1430 3957 1560 4022 fuit,
1594 3968 1811 4027 propter
1836 3961 2082 4017 dulcissi-

501 4061 648 4100 mum
668 4056 958 4118 martyrum
981 4064 1198 4114 nomen,
1220 4049 1307 4118 qui
1334 4050 1516 4117 procul
1533 4048 1693 4105 dubio
1709 4054 1920 4120 quando
1939 4062 2082 4109 tanta

499 4140 934 4207 persequentium
962 4139 1249 4192 crudelitas
1274 4140 1541 4207 szeviebat,
1575 4150 1632 4195 ut
1660 4143 1895 4197 Ecclesia
1926 4146 2083 4213 paulo

500 4230 680 4283 minus
709 4239 1171 4284 consummaretur
1199 4231 1249 4283 in
1280 4239 1437 4296 terra,
1457 4233 1605 4287 nullo
1631 4234 1789 4288 modo
1820 4236 1911 4290 Dei
1936 4252 2081 4292 mar-

454 4328 457 4333 '
498 4320 637 4388 tyria
665 4319 1012 4383 custodirent,
1047 4320 1147 4373 nisi
1177 4320 1331 4375 ﬁeret
1356 4322 1433 4376 eis
1462 4324 1600 4391 quod
1632 4323 1717 4379 hic
1742 4334 1948 4380 oratum
1976 4338 2077 4394 est,

501 4408 793 4462 Secundum
807 4410 1196 4463 misericordiam
1213 4420 1349 4465 tuam
1364 4412 1559 4481 vivi/ica
1573 4430 1668 4467 me.
1688 4415 1941 4470 Viviﬁcati
1961 4428 2082 4473 sunt

497 4501 666 4567 enim,
697 4515 763 4555 ne
792 4502 1019 4556 amando
1048 4502 1230 4569 vitam,
1263 4514 1517 4575 negarent
1542 4508 1725 4573 vitam,
1756 4517 1810 4562 et
1838 4510 2080 4577 negando

498 4592 659 4646 vitam
687 4633 702 4658 ,
736 4594 1037 4649 amitterent
1076 4595 1237 4649 vitam
1274 4614 1287 4650 :
1318 4610 1380 4650 ac
1423 4596 1499 4650 sic
1542 4597 1628 4666 qui
1674 4612 1770 4667 pro
1798 4599 1903 4653 vita
1935 4603 2079 4655 veri-

498 4693 659 4740 tatem
689 4685 937 4742 deserere
964 4686 1288 4755 noluerunt,
1320 4687 1599 4743 moriendo
1628 4703 1725 4757 pro
1750 4691 1972 4747 veritate
1998 4693 2081 4747 vi-

496 4782 707 4829 xerunt.

1131 4904 1302 4945 εειικο
1339 4905 1450 4944 XXI.

566 5024 621 5077 1.
647 5023 794 5093 [vers.
819 5021 933 5094 89.]
958 5022 1126 5076 Homo
1142 5022 1230 5091 qui
1255 5020 1487 5092 loquitur
1513 5024 1564 5077 in
1593 5023 1696 5078 isto
1718 5025 1941 5094 psalmo,
1960 5036 2078 5083 tan-

490 5129 651 5183 quam
680 5114 899 5168 taederet
917 5128 1038 5168 eum
1066 5112 1433 5168 mutabilitatis
1458 5114 1729 5171 hominum
1752 5159 1767 5183 ,
1802 5119 1945 5174 unde
1970 5124 2075 5177 vita

490 5208 592 5264 ista
618 5207 995 5261 tentationibus
1021 5205 1176 5274 plena
1201 5215 1320 5271 est,
1351 5206 1492 5262 inter
1517 5208 1883 5265 tribulatioues
1909 5227 2031 5268 suas
2054 5254 2070 5282 ,

488 5310 709 5368 propter
732 5313 863 5368 quas
883 5312 1041 5367 supra
1062 5298 1271 5353 dixerat
1295 5340 1309 5366 ,
1340 5298 1513 5370 Iniqui
1542 5304 1785 5370 persecuti
1809 5313 1925 5358 sunt
1953 5322 2033 5360 me
2051 5348 2068 5373 ,

490 5400 582 5454 et,
613 5389 778 5443 Paulo
803 5392 968 5443 minus
994 5403 1458 5446 consummaverunt
1487 5410 1566 5447 me
1588 5395 1639 5447 in
1665 5404 1838 5463 terra;
1864 5397 2072 5453 inﬂam-

486 5490 665 5554 matus
680 5481 945 5536 desiderio
963 5483 1196 5539 caelestis
1212 5483 1540 5551 Jerusalem;
1566 5488 1616 5540 in
1636 5502 1862 5557 superna
1884 5506 2070 5562 suspe-

485 5575 584 5637 sit,
600 5585 652 5631 et
665 5575 812 5637 dixit,
830 5575 894 5628 In
910 5586 1171 5642 aeternum,
1190 5576 1420 5644 Domine,
1435 5581 1637 5633 verbum
1652 5590 1793 5636 tuum
1811 5598 2067 5653 permanet

551 5713 567 5741 ι
597 5709 784 5777 Aliquot
814 5708 1239 5777 libriLDeuterosis
1280 5716 1615 5777 mmcupantur
1636 5713 1936 5777 continentes,
1967 5725 2062 5768 etc.

483 5771 747 5843 Hieronjip
785 5772 886 5841 βω.
911 5771 990 5829 59,
1023 5774 1383 5843 sTraditiones,
1405 5771 1489 5835 ait,
1520 5774 1782 5837 hominum,
1816 5771 1937 5841 quas
1975 5780 2064 5843 illi,

493 5850 518 5882 ι
540 5832 842 5893 deuterbseis,
869 5842 1053 5882 vocant.
1077 5849 1099 5877 »

1737 357 1795 414 S.
1835 352 2199 414 AUGUSTINI
2236 354 2536 416 EPISCOPI

3635 380 3767 442 1560

2190 471 2243 525 in
2258 472 2381 526 coelo
2394 487 2413 526 :
2427 472 2529 529 hoc
2543 482 2643 541 est,
2660 473 2713 530 in
2726 475 2941 548 Angelis
2956 480 3061 538 tuis
3074 484 3494 548 custodientibus
3511 502 3762 558 aeternam

2192 561 2307 615 sine
2327 561 2625 619 desertione
2645 566 2903 623 militiam.

2262 651 2316 704 2.
2349 650 2495 723 [vers.
2529 654 2641 727 90.]
2672 656 2910 729 Sequens
2950 672 3126 720 autem
3156 682 3341 727 versus
3369 686 3489 743 post
3532 681 3724 737 coelum
3748 728 3763 753 ,

2194 747 2423 814 pertinet
2464 762 2852 822 consequenter
2878 758 2943 813 ad
2975 767 3190 819 terram.
3222 766 3374 825 Unus
3400 774 3541 828 enim
3583 747 3768 836 versus

2193 847 2480 895 esteorum
2523 854 2644 899 octo
2669 848 2758 917 qui
2784 850 2850 903 ad
2881 852 3031 909 istam
3062 856 3289 916 litteram
3335 867 3618 933 pertinent.
3650 872 3771 927 Sin-

2193 929 2329 1027 gulis
2358 932 2552 1027 quippe
2582 935 2768 991 litteris
2796 939 3021 999 hebraeis
3048 929 3349 1007 subduntur
3369 961 3567 1027 octoni,
3597 961 3774 1020 donec

2196 1019 2383 1087 psalmi
2412 1021 2567 1092 hujus
2590 1028 2863 1094 prolixitas
2890 1037 3218 1094 terminetur.
3242 1040 3309 1097 In
3333 1019 3702 1116 generationem
3729 1019 3773 1108 et
3870 1101 3874 1105 .

2192 1112 2558 1211 generationem
2581 1119 2760 1174 veritas
2785 1131 2912 1189 tua;
2942 1128 3168 1195 fundasti
3191 1112 3391 1202 terram,
3420 1150 3468 1193 et
3493 1157 3771 1211 permanet.

2195 1199 2322 1303 Post
2346 1204 2538 1307 caelum
2567 1223 2694 1278 ergo
2719 1219 2916 1269 terram
2945 1222 3182 1275 contuitu
3211 1199 3385 1281 ﬁdelis
3410 1199 3603 1288 mentis
3628 1199 3778 1307 aspis

2195 1292 2377 1360 ciens,
2414 1295 2617 1354 invenit
2646 1301 2698 1356 in
2728 1319 2789 1358 ea
2832 1312 3202 1376 generationes
3244 1334 3362 1388 quae
3403 1321 3454 1377 in
3484 1327 3622 1381 caelo
3666 1292 3777 1387 non

2194 1395 2318 1439 sunt
2339 1427 2354 1451 ,
2397 1397 2451 1443 et
2475 1388 2549 1444 ait
2572 1433 2585 1455 ,
2633 1393 2700 1447 In
2727 1401 3095 1466 generationem
3119 1417 3168 1460 et
3200 1418 3568 1480 generationem
3594 1424 3779 1477 veritas

2196 1484 2283 1529 tua
2310 1496 2329 1532 :
2361 1480 2474 1536 sive
2499 1498 2687 1541 onmes
2711 1495 3081 1557 generationes
3107 1498 3206 1553 ista
3232 1507 3544 1572 repetitione
3569 1512 3777 1583 signiﬁ-

2194 1583 2322 1625 cans
2342 1613 2357 1636 ,
2390 1588 2420 1627 a
2448 1576 2638 1644 quibus
2668 1596 2933 1652 nunquam
2960 1586 3128 1643 deluit
3154 1596 3351 1650 veritas
3379 1599 3469 1654 Dei
3497 1602 3549 1657 in
3579 1576 3781 1662 sanctis

2195 1661 2311 1730 ejus
2335 1705 2350 1728 ,
2380 1668 2541 1723 modo
2572 1674 2907 1739 paucioribus
2929 1722 2942 1744 ,
2978 1683 3138 1738 modo
3168 1687 3406 1755 pluribus
3431 1735 3445 1757 ,
3479 1706 3534 1749 ut
3561 1712 3619 1753 se
3645 1661 3783 1755 tem?

2196 1766 2384 1821 porum
2408 1759 2634 1815 varietas
2663 1763 2845 1821 habuit
2868 1770 2952 1824 vel
2979 1771 3219 1843 habebit;
3239 1781 3349 1836 sive
3373 1783 3504 1840 duas
3519 1790 3781 1858 quasdam

2195 1850 2566 1955 getterationes
2590 1856 2805 1929 intelligi
2835 1862 3037 1931 volens,
3074 1884 3231 1925 unam
3264 1876 3465 1933 scilicet
3488 1850 3553 1943 ad
3582 1884 3780 1955 Legem

2196 1946 2250 1991 et
2277 1939 2571 2042 Prophetas
2593 1988 2607 2013 ,
2640 1950 2859 2007 alteram
2889 1970 3016 2011 vero
3043 1961 3107 2013 ad
3138 1962 3478 2037 Evangelium
3510 1939 3784 2042 pertirien-

2197 2036 2323 2083 tem.
2353 2030 2460 2087 Cur
2501 2047 2676 2092 autem
2706 2057 2973 2114 nunquam
3004 2050 3164 2107 etiam
3210 2055 3323 2111 istis
3348 2030 3785 2129 generationibus

2196 2122 2393 2178 veritas
2429 2125 2602 2193 desit,
2634 2132 2780 2188 velut
2812 2139 3058 2205 aperiens
3084 2159 3296 2201 causam
3323 2165 3337 2215 ;
3376 2150 3662 2224 Fundasti,
3697 2161 3786 2215 in-

2196 2216 2309 2284 quit
2332 2258 2346 2284 ,
2380 2226 2562 2313 terram
2588 2233 2636 2277 et
2662 2240 2917 2295 permanet
2947 2247 2967 2286 :
2994 2249 3087 2290 eos
3113 2239 3202 2308 qui
3232 2242 3284 2295 in
3314 2252 3451 2299 terra
3478 2260 3600 2303 sunt
3624 2216 3788 2315 ,Iter-

2196 2321 2308 2361 ram
2331 2324 2662 2382 nuncupans.
2687 2317 3111 2382 Fundamentum
3132 2339 3307 2388 autem
3334 2337 3474 2392 aliud
3501 2356 3662 2398 nemo
3688 2360 3788 2415 po-

2198 2407 2300 2455 test
2317 2418 2514 2472 ponere
2540 2419 2735 2476 praeter
2754 2412 2807 2468 id
2828 2417 2970 2485 quod
2998 2422 3226 2489 positum
3253 2439 3353 2495 est,
3372 2434 3513 2501 quod
3528 2445 3613 2490 est
3626 2407 3789 2494 Chri-

2195 2504 2323 2599 stus.
2336 2498 2494 2599 Jesus
2520 2501 2565 2571 (l
2583 2503 2697 2559 Cor.
2728 2522 2804 2572 ιιι,
2831 2509 2939 2582 ll).
2966 2512 3146 2585 Neque
3162 2519 3302 2574 enim
3320 2532 3370 2577 et
3391 2498 3535 2581 illius
3556 2544 3789 2599 genera-

2196 2590 2357 2645 tionis
2380 2594 2443 2647 ad
2472 2595 2665 2667 Legem
2696 2600 3092 2677 Prophetasque
3120 2614 3434 2680 pertinentis
3460 2590 3787 2680 fundamen-

2195 2688 2307 2786 ἕπῃ
2333 2701 2437 2786 non
2469 2698 2583 2743 erat
2605 2690 2868 2761 Christus,
2891 2700 3251 2759 testimonium
3278 2707 3477 2767 habens
3506 2728 3536 2767 a
3565 2714 3710 2786 Lege
3730 2728 3790 2775 et

2194 2771 2473 2879 Protpbet‘is
2501 2780 2680 2879 (Rom,
2707 2799 2781 2852 Ill,
2800 2786 2912 2856 2U.
2943 2790 3049 2845 Aut
3073 2809 3200 2850 vero
3220 2796 3431 2871 Moyses
3456 2813 3511 2858 et
3540 2771 3788 2879 Prophe:

2196 2870 2264 2960 tae
2290 2864 2383 2960 ﬁlii
2408 2867 2695 2938 deputandi
2716 2886 2841 2931 sunt
2869 2879 2920 2932 in
2953 2884 3262 2942 servitutem
3288 2864 3593 2960 generantis
3612 2864 3790 2956 ancil-

2196 2953 2261 3009 la:
2288 2954 2452 3013 fuisse
2474 3001 2489 3025 ,
2518 2977 2623 3017 non
2654 2964 2835 3021 libera:
2857 3010 2872 3035 ,
2899 2986 3018 3041 quae
3049 2984 3131 3029 est
3156 2988 3328 3035 mater
3350 2995 3529 3042 nostra
3559 2988 3580 3061 (
3604 2989 3785 3047 Galat.

2193 3060 2248 3102 Iv
2270 3088 2287 3114 ,
2318 3048 2387 3103 24
2410 3091 2424 3116 ,
2455 3051 2564 3124 26)
2588 3072 2601 3120 ;
2632 3056 2717 3111 cui
2741 3100 2755 3123 ,
2789 3059 2956 3116 Mater
2984 3063 3110 3120 Sion
3136 3110 3148 3131 ,
3183 3070 3313 3125 dicet
3337 3076 3528 3142 homo;
3554 3048 3603 3134 et
3629 3083 3789 3139 homo

2194 3142 2357 3208 factus
2379 3151 2453 3196 est
2480 3145 2531 3197 in
2558 3162 2616 3199 ea
2638 3186 2653 3211 ,
2686 3160 2733 3202 et
2757 3151 2861 3220 ipse
2885 3154 3114 3222 {undavit
3138 3177 3249 3215 eam
3276 3164 3560 3224 Altissimus
3586 3171 3787 3243 (Psal.

2195 3247 2406 3299 uxxvr,
2441 3236 2542 3307 5)?
2570 3239 2687 3309 Ipse
2713 3251 2797 3297 est
2820 3246 2960 3300 enim
2992 3258 3045 3303 et
3067 3254 3204 3321 apud
3233 3256 3442 3315 Patrem
3463 3236 3785 3339 altissimus,

2193 3334 2247 3427 et
2270 3338 2610 3432 propter-nos
2640 3334 2691 3387 in
2721 3336 2816 3390 ista
2848 3349 3017 3397 matre
3046 3344 3215 3402 lactus
3246 3348 3610 3426 humillimus;
3638 3334 3787 3432 quo;

2192 3416 2333 3471 niam
2364 3420 2453 3489 qui
2484 3422 2624 3478 Deus
2650 3436 2763 3481 erat
2791 3442 2952 3499 super
2978 3448 3116 3501 eam,
3146 3439 3296 3493 homo
3324 3447 3490 3513 factus
3515 3416 3672 3505 est'in.
3695 3469 3785 3510 ea.

2191 3506 2306 3563 Hoc
2328 3510 2504 3581 itaque
2525 3514 2868 3575 fundamento
2891 3562 2905 3587 ,
2936 3523 3159 3600 Domine
3185 3571 3199 3596 ,
3228 3506 3458 3601 fundasti
3478 3548 3665 3596 terram
3689 3586 3704 3611 ,

2194 3614 2448 3669 permanet
2477 3622 2497 3660 :
2525 3609 2645 3677 quia
2676 3610 2727 3663 in
2759 3612 2849 3667 tali
2875 3613 3219 3675 fundamento
3245 3628 3577 3686 constabilita
3603 3673 3620 3698 ,
3668 3609 3785 3694 non

2191 3692 2531 3793 inclinabitur
2566 3700 2618 3753 in
2648 3704 2897 3759 saeculum
2924 3712 3102 3765 saeculi
3131 3713 3303 3785 (Psat.
3332 3735 3421 3775 cm
3445 3763 3459 3788 ,
3492 3722 3549 3796 5)
3570 3740 3585 3791 ;
3606 3692 3670 3782 vin
3698 3692 3785 3787 eis

2192 3793 2372 3853 utique
2400 3803 2717 3856 permanens
2755 3798 2943 3866 quibus
2969 3815 3027 3855 es
3055 3804 3215 3859 vitam
3245 3808 3466 3867 daturus
3494 3793 3781 3878 aeternam.

2190 3873 2334 3941 Quos
2384 3888 2557 3933 autem
2610 3884 2799 3941 ancilla
2851 3893 3103 3960 peperit,
3157 3896 3223 3951 ad
3274 3910 3429 3957 vetus
3482 3873 3783 3967 testamen;

2191 3972 2299 4019 tum
2342 3969 2667 4035 pertinentes
2690 4016 2704 4038 ,
2737 3976 2789 4030 in
2834 3981 2986 4049 cujus
3015 3992 3194 4041 tamen
3226 3989 3405 4059 ﬁguris
3435 3995 3630 4057 latebat
3674 4019 3783 4059 uo-

2189 4071 2351 4123 vum,
2386 4061 2514 4115 nihil
2543 4064 2684 4120 aliud
2729 4070 2982 4138 sapiendo
3026 4091 3184 4144 quam
3214 4083 3473 4149 promissa
3522 4099 3733 4149 terrena
3758 4138 3779 4162 ,

2190 4160 2297 4201 non
2344 4164 2673 4219 permanent.
2722 4158 2920 4216 Servus
2956 4165 3100 4220 enim
3144 4185 3248 4225 non
3292 4180 3472 4232 manet
3516 4179 3569 4235 in
3610 4158 3781 4243 domo

2188 4240 2240 4293 in
2268 4251 2524 4299 mternum
2550 4288 2565 4313 ,
2596 4248 2737 4305 ﬁlius
2761 4261 2938 4310 autem
2966 4268 3146 4316 manet
3189 4262 3240 4317 in
3268 4274 3526 4326 :eternum
3574 4275 3779 4346 (Joan.

2189 4346 2277 4385 vm
2301 4375 2315 4397 ,
2349 4335 2462 4405 '55).
3324 4348 3335 4357 ’

2259 4424 2311 4518 ξ).
2347 4423 2495 4496 [υενε.
2544 4428 2657 4503 91.]
2690 4432 3018 4496 Ordinatione
3063 4451 3150 4498 tua
3193 4463 3448 4518 permanet
3493 4455 3617 4512 dies.
3667 4458 3780 4518 Ista

2187 4515 2383 4614 quippe
2408 4520 2585 4614 omnia
2625 4523 2740 4579 dies
2764 4528 2778 4557 ³
2815 4547 2828 4582 :
2860 4539 2915 4585 et
2942 4532 3039 4588 iste
3065 4545 3149 4591 est
3184 4515 3299 4597 dies
3324 4559 3481 4614 quem
3514 4548 3632 4605 fecit
3664 4515 3779 4607 Do;

2187 4607 2383 4711 minus,
2415 4612 2741 4671 exsultemus
2768 4626 2822 4673 et
2841 4619 3194 4689 jucundemur
3222 4630 3274 4685 in
3305 4607 3371 4688 eo
3400 4635 3573 4706 (Psal.
3604 4655 3773 4711 cxvn,

2185 4695 2297 4799 24‘)
2321 4708 2419 4799 ;‘et
2446 4703 2581 4759 sicut
2609 4706 2660 4760 in
2687 4707 2773 4764 die
2804 4711 3025 4772 honeste
3052 4720 3383 4781 ambulemus
3454 4729 3604 4785 Rom.
3627 4695 3773 4799 me:

2187 4788 2566 4894 l3).-Quoniam
2590 4800 2761 4855 omnia
2773 4806 2990 4862 serviunt
3014 4810 3119 4867 tibi.
3143 4812 3325 4870 Omnia
3345 4788 3547 4877 scilicet
3559 4823 3629 4879 de
3652 4788 3777 4894 qui:

2184 4881 2282 4937 bus
2300 4884 2621 4985 loquebatur
2644 4910 2658 4959 ;
2690 4897 2861 4949 omnia
2884 4914 3003 4969 quae
3031 4907 3297 4972 pertinent
3325 4911 3391 4965 ad
3418 4912 3560 4970 hunc
3582 4881 3727 4972 diem
3752 4959 3769 4985 ,

2182 4976 2401 5070 seruiunt
2431 4980 2537 5033 tibi.
2568 4981 2715 5052 lmpii
2742 4988 2937 5059 quippe
2963 4991 3031 5048 de
3057 4996 3248 5065 quibus
3274 4999 3485 5070 dicitur,
3515 5004 3672 5061 Nocti
3698 4976 3773 5063 si;

2182 5067 2355 5171 milapi
2377 5082 2588 5127 matrem
2612 5085 2825 5133 vestram
2853 5082 2871 5151 (
2899 5080 3026 5138 Osee
3049 5102 3104 5140 tv
3128 5128 3143 5152 ,
3175 5090 3207 5145 5
3230 5133 3245 5157 ,
3276 5108 3376 5147 sec.
3406 5067 3589 5171 LXX)
3614 5140 3630 5165 ,
3660 5115 3762 5157 non

2181 5160 2420 5215 serviunt
2448 5163 2563 5221 tibi.

2180 5350 2360 5413 terra,
2406 5356 2463 5402 ut
2511 5349 2723 5406 fundata
2767 5368 3112 5428 permaneat;
3160 5374 3320 5435 atque
3349 5370 3611 5441 subjecit,
3648 5376 3765 5432 Nisi

2176 5437 2311 5502 quod
2347 5438 2428 5491 (ea:
2466 5447 2552 5493 tua
2589 5443 2845 5499 meditatio
2883 5464 2997 5502 mea
3038 5461 3147 5521 est,
3189 5465 3309 5511 tunc
3344 5437 3561 5528 forsitan
3598 5437 3762 5537 peris-

2174 5528 2356 5581 sentin
2382 5530 2665 5586 humilitate
2702 5551 2832 5590 mea.
2864 5537 2969 5595 Ista
3008 5542 3095 5598 lex
3121 5544 3242 5600 ﬁdei
3278 5560 3406 5617 est;
3440 5569 3545 5608 non
3592 5528 3761 5613 inanis

2174 5618 2296 5672 ﬁdei
2322 5660 2336 5684 ,
2366 5621 2457 5675 sed
2485 5639 2601 5691 qum
2646 5641 2739 5694 per
2781 5627 3116 5687 dilectionem
3159 5648 3409 5706 operatur
3435 5644 3454 5714 (
3482 5643 3654 5701 Galat.
3688 5666 3721 5701 v
3741 5690 3755 5716 ,

2171 5710 2265 5779 6).
2318 5710 2420 5765 Per
2467 5712 2600 5769 hanc
2647 5716 2960 5787 impetratur
3006 5720 3210 5794 gratia,
3258 5745 3377 5799 qua:
3425 5710 3590 5793 fortes
3633 5710 3757 5799 facit

2237 5847 2248 5875 ¹
2274 5852 2348 5895 l‘r.
2368 5848 2513 5909 Lugd.
2530 5858 2672 5913 νοω,
2712 5860 2807 5903 Ista
2827 5854 3002 5919 quippe
3023 5866 3067 5909 et
3088 5860 3243 5912 omnis
3266 5862 3386 5916 dies.
3441 5875 3497 5924 Μ,
