4090 6470
229 5817 241 5858 't

296 402 423 459 1561

290 517 344 574 in
386 512 724 572 tribulatione
749 508 1066 581 temporali,
1097 522 1166 566 ne
1207 516 1430 582 pereant
1473 509 1527 564 in
1571 507 1869 564 humilitate

297 608 521 664 not-tali.

364 701 410 754 5.
443 700 594 774 [νει-ε.
627 697 742 772 93.]
771 702 838 758 In
883 707 1126 754 teternum
1148 739 1163 766 ,
1210 695 1419 768 inquit,
1463 713 1566 752 non
1609 696 1870 751 obliviscar

293 791 702 862 iustiﬁcationum
755 802 955 847 tuarum
985 832 1000 858 ,
1054 791 1288 864 quoniam
1335 793 1390 846 in
1436 790 1561 860 ipsis
1607 790 1869 859 viviﬁcain

293 901 388 940 me.
419 883 558 944 Ecce
586 887 727 943 unde
755 887 950 942 factum
995 896 1078 942 est
1120 894 1178 941 ut
1218 899 1323 940 non
1369 886 1565 956 periret
1607 883 1658 938 in
1689 883 1867 964 hpmi-

291 976 438 1032 litate
467 993 577 1033 sua.
607 979 738 1033 Nam
773 979 881 1034 Deo
907 993 1014 1034 non
1055 977 1379 1043 vivilicante,
1411 975 1537 1046 quid
1562 984 1643 1030 est
1662 974 1824 1030 homo
1849 1015 1864 1041 ,

289 1069 376 1140 qui
403 1049 722 1128 scobcidere
763 1072 953 1141 potuit,
995 1071 1269 1126 viviﬁcare
1313 1080 1488 1125 autem
1524 1085 1629 1125 non
1654 1069 1868 1140 potest?

355 1163 409 1218 6.
435 1161 584 1235 [vers.
605 1164 716 1237 94.]
738 1164 963 1235 Subjicit
985 1164 1177 1220 deinde
1200 1179 1263 1220 ac
1282 1163 1410 1220 dicit
1430 1182 1444 1218 :
1462 1163 1604 1219 Tuus
1626 1180 1736 1218 sum
1753 1180 1864 1234 ego,

285 1255 481 1310 saluum
519 1273 598 1310 me
624 1258 706 1327 fac
729 1298 744 1322 ,
775 1257 1013 1328 quoniam
1037 1257 1429 1328 justiﬁcationes
1455 1266 1566 1310 tuas
1605 1255 1864 1325 exquisivi.

282 1343 398 1400 Non
426 1354 762 1403 transeunter
804 1347 1200 1418 intelligendum
1243 1345 1489 1418 estquod
1518 1346 1717 1402 dictum
1745 1356 1860 1412 est,

283 1436 423 1493 Tuus
442 1455 556 1493 sum
581 1457 689 1511 ego.
720 1440 857 1509 Quid
886 1441 1026 1496 enim
1054 1457 1158 1497 non
1181 1449 1263 1496 est
1287 1441 1446 1510 ejus?
1475 1443 1556 1494 An
1584 1440 1720 1495 forte
1744 1441 1865 1510 quia

283 1531 335 1586 in
363 1533 513 1588 caelis
537 1548 658 1589 esse
683 1533 877 1588 dicitur
904 1533 1064 1600 Deus,
1095 1533 1216 1588 ideo
1245 1533 1534 1603 putandum
1563 1540 1645 1588 est
1667 1533 1865 1603 aliquid

283 1637 388 1678 non
413 1639 535 1679 esse
550 1624 664 1693 ejus
689 1625 744 1679 in
767 1634 934 1690 terra;
956 1640 1076 1679 cum
1105 1625 1298 1679 clamet
1326 1625 1459 1678 alius
1485 1624 1739 1694 psalmus,
1760 1623 1868 1679 Do-

283 1715 404 1768 mini
429 1724 504 1769 est
528 1725 662 1770 terra
689 1725 734 1769 et
761 1715 1019 1786 plenitudo
1042 1717 1171 1786 ejus,
1191 1715 1324 1769 orbis
1352 1725 1497 1769 terra:
1520 1725 1566 1769 et
1594 1732 1762 1770 omnes
1781 1717 1867 1788 qui

282 1807 508 1863 habitant
530 1810 584 1862 in
610 1825 665 1863 eo
687 1807 857 1881 (Psal.
885 1825 1038 1869 χχιιι.
1069 1809 1156 1878 l)?
1176 1808 1310 1877 Quid
1343 1818 1421 1863 est
1447 1823 1573 1878 ergo
1598 1808 1738 1878 quod
1767 1809 1864 1863 iste

280 1899 350 1956 ita
394 1915 456 1956 se
482 1900 874 1971 quodammodo
917 1900 1225 1954 familiarius
1253 1901 1362 1954 Deo
1384 1899 1864 1954 commendandum

280 1994 518 2064 putavit,
553 2003 613 2048 ut
655 1993 891 2059 diceret,
923 1991 1064 2047 Tuus
1104 2010 1214 2046 sunt
1258 2009 1347 2063 ego
1370 2033 1384 2057 ,
1418 1991 1611 2046 salvum
1636 2009 1714 2046 me
1741 1996 1863 2062 fac;

280 2087 380 2142 nisi
407 2086 626 2156 intelligi
654 2087 838 2140 volens
863 2086 1004 2156 quod
1031 2085 1171 2140 malo
1201 2100 1297 2140 suo
1318 2099 1446 2139 suus
1469 2099 1590 2139 esse
1616 2084 1859 2149 voluerit,

279 2178 420 2249 quod
449 2188 532 2233 est
572 2179 947 2234 iuobedientia:
975 2178 1202 2247 primum
1231 2185 1284 2232 et
1311 2177 1598 2232 maximum
1627 2175 1864 2229 malum?

278 2269 348 2328 Et
387 2278 638 2339 tanquam
670 2271 891 2334 dicens,
935 2269 1104 2325 Meus.
1127 2285 1246 2325 esse
1273 2269 1456 2333 volui,
1502 2277 1555 2324 et
1598 2267 1862 2338 perditum

279 2376 365 2416 me
410 2361 508 2416 feci
545 2380 558 2416 :
593 2360 730 2415 Tuus
772 2377 883 2415 sum
910 2403 926 2428 ,
977 2360 1186 2430 inquit,
1233 2361 1428 2414 salvum
1471 2375 1550 2412 me
1594 2364 1673 2429 fac
1698 2401 1713 2424 ,
1744 2359 1864 2425 quia

276 2452 658 2521 iustiﬁcationes
698 2459 810 2506 tuas
853 2452 1137 2522 exquisivi;
1175 2465 1282 2506 non
1329 2451 1631 2506 voluntates
1674 2466 1860 2518 meas,

278 2543 470 2612 quibus
515 2543 588 2598 fui
620 2558 768 2598 meus
792 2585 808 2609 ,
840 2542 935 2620 sed
970 2542 1359 2613 justiﬁcatipnes
1405 2551 1517 2597 tuas
1538 2582 1554 2610 ,
1585 2550 1644 2598 ut
1688 2557 1860 2598 essem

278 2632 384 2702 jam
415 2642 553 2689 tuus.

351 2725 401 2779 7.
439 2723 588 2797 [vers.
620 2724 736 2799 95.]
767 2724 872 2791 Me,
905 2725 1094 2796 inquit,
1125 2734 1532 2796 exspectaverunt
1557 2735 1860 2796 peccatores,

280 2825 332 2870 ut
359 2817 619 2886 perderent
660 2833 778 2883 me;
808 2818 1092 2872 testimonia
1126 2827 1298 2882 autem
1328 2828 1415 2872 tua
1453 2819 1694 2872 intellexi.
1725 2818 1862 2884 Quid

279 2917 398 2974 est,
443 2918 889 2977 exspectaverunt,
921 2920 978 2964 ut
1025 2910 1332 2980 perderent?
1359 2927 1428 2965 an
1469 2911 1615 2966 velut
1657 2911 1864 2967 insidiis

280 3000 601 3056 obsederunt
623 3003 762 3056 viam
785 3043 801 3070 ,
847 3011 1220 3072 exSpectantes
1251 3013 1306 3057 ut
1330 3004 1543 3074 quando
1571 3005 1859 3072 transiret,

280 3090 630 3147 occiderent?
654 3090 917 3163 Numquid
945 3107 1073 3163 ergo
1094 3101 1267 3149 morte
1287 3096 1526 3163 corporis
1551 3095 1725 3165 perire
1751 3111 1864 3151 me-

280 3181 502 3237 tuebat?
529 3182 702 3238 Absit.
747 3182 815 3238 Et
842 3183 969 3253 quid
995 3193 1114 3251 est,
1161 3201 1239 3239 me
1278 3194 1688 3255 exspectaverunt
1711 3228 1724 3252 ,
1761 3188 1864 3242 nisi

280 3283 338 3328 ut
378 3275 460 3330 eis
504 3273 572 3329 ad
620 3273 819 3330 tnalum
861 3277 1239 3346 consentiret?
1284 3277 1434 3333 Tunc
1481 3279 1623 3334 enim
1671 3280 1862 3350 perde-

281 3372 416 3421 rent.
468 3364 621 3421 Unde
665 3375 844 3422 autem
891 3383 998 3422 non
1043 3369 1260 3438 perierit
1305 3368 1444 3424 dixit
1491 3387 1505 3423 :
1557 3369 1866 3426 Testimonia

281 3465 368 3511 tua
389 3457 632 3512 intellexi.
653 3457 758 3514 Sed
783 3457 1094 3514 familiarius
1118 3459 1205 3514 hic
1222 3459 1477 3516 Ecclesiae
1502 3462 1718 3517 auribus
1733 3479 1866 3532 grte-

281 3567 400 3608 cum
431 3553 652 3608 verbum
683 3561 875 3620 sonat,
908 3553 1164 3625 Martyria
1206 3565 1292 3608 tua
1318 3554 1563 3610 intellexi.
1595 3555 1728 3623 Quia
1757 3557 1864 3611 scis

282 3643 407 3700 licet
457 3660 546 3700 me
594 3645 695 3702 sibi
750 3660 858 3700 non
910 3646 1332 3702 consentientem
1385 3646 1594 3702 etiamsi
1652 3647 1865 3702 occide-

281 3746 440 3801 rent,
474 3745 560 3790 tua
608 3736 866 3807 martyris
911 3738 1172 3792 conlitens
1218 3753 1326 3794 non
1355 3738 1588 3809 perirem
1621 3755 1636 3793 :
1667 3738 1763 3794 sed
1793 3741 1867 3794 illi

283 3828 372 3899 qui
421 3836 480 3883 ut
525 3828 853 3898 perderent,
904 3831 1291 3900 exspectabant
1336 3831 1547 3902 quando
1575 3834 1867 3888 consenti-

282 3932 396 3972 rem
430 3959 447 3985 ,
507 3919 824 3989 torquebant
865 3921 1024 3976 etiam
1055 3935 1174 3976 cum
1223 3920 1529 3976 conﬁterer.
1556 3921 1668 3977 Nec
1692 3932 1868 3978 tamen

285 4011 423 4081 quod
454 4012 795 4068 intellexerat
815 4013 1150 4085 relinquebat
1173 4014 1384 4070 intuens
1409 4023 1463 4069 et
1484 4014 1674 4070 videns
1690 4015 1869 4085 utique

284 4103 399 4159 sine
430 4105 532 4159 line
562 4103 718 4159 ﬁnem
740 4145 757 4172 ,
804 4105 850 4159 si
881 4115 1252 4175 perseveraret
1281 4107 1298 4139 ³
1331 4120 1499 4176 usque
1528 4107 1581 4160 in
1613 4107 1792 4161 ﬁnem.

353 4197 408 4252 8.
452 4195 628 4268 [vers.
663 4197 801 4272 96.]
830 4199 1066 4270 Denique
1116 4208 1328 4254 secutus
1369 4199 1614 4269 adjunxit
1644 4217 1658 4253 :
1694 4199 1874 4253 Omnis

284 4291 726 4346 consummationis
785 4292 886 4345 vidi
933 4292 1127 4362 ﬁnem;
1184 4292 1345 4346 latum
1396 4293 1690 4346 mandatum
1734 4303 1874 4347 tuum

285 4382 450 4436 ualde.
477 4381 771 4439 lntraverat
801 4384 995 4454 quippe
1025 4384 1076 4438 iu
1108 4383 1463 4441 sanctuarium
1487 4384 1602 4450 Dei,
1636 4392 1689 4438 et
1717 4383 1874 4440 intel-

285 4477 491 4532 lexerat
517 4477 571 4532 in
593 4477 878 4533 novissima
907 4478 926 4548 (
955 4475 1099 4532 Psal.
1130 4493 1303 4544 Lxxtt,
1334 4478 1395 4532 l7
1427 4477 1468 4544 ).
1489 4477 1675 4533 Omnis
1697 4488 1874 4533 autem

287 4569 677 4623 consummatio
727 4568 857 4623 mihi
904 4567 1113 4623 videtur
1166 4567 1269 4623 hoc
1321 4567 1442 4623 loco
1498 4569 1874 4639 intelligenda,

286 4673 457 4729 usque
488 4659 556 4714 ad
589 4668 814 4727 mortem
843 4674 938 4730 pro
966 4660 1190 4715 veritate
1216 4668 1422 4716 certare
1444 4658 1630 4733 (Eccli.
1659 4677 1732 4728 tv,
1760 4661 1875 4730 55),

286 4758 343 4806 et
369 4765 468 4820 pro
498 4765 626 4805 vero
646 4765 708 4806 ac
733 4763 944 4805 summo
971 4749 1112 4805 bono
1137 4750 1275 4804 mala
1300 4751 1477 4805 omnia
1501 4750 1728 4806 tolerare
1753 4767 1765 4803 :
1789 4765 1881 4805 cu-

284 4841 372 4913 jus
404 4841 882 4896 consummationis
905 4840 1025 4896 ﬁnis
1053 4849 1137 4896 est
1160 4841 1423 4896 excellere
1453 4843 1505 4896 in
1532 4856 1698 4912 regno
1721 4839 1878 4897 Chri-

287 4933 378 5000 sti,
412 4932 554 5003 quod
583 4949 690 4988 non
718 4932 880 4988 habet
898 4933 1092 4998 linem;
1123 4941 1178 4988 et
1205 4932 1403 4988 habere
1427 4933 1500 4988 ibi
1529 4933 1645 4988 sine
1672 4940 1879 5001 morte,

287 5025 404 5080 sine
429 5025 651 5092 dolore,
677 5033 732 5080 et
758 5039 878 5080 cum
907 5039 1100 5095 magno
1135 5024 1339 5079 honore
1369 5023 1550 5090 vitam,
1579 5033 1751 5079 morte
1779 5023 1883 5078 hu~

285 5115 373 5186 jus
395 5116 522 5170 vita;
549 5131 614 5171 ac
644 5114 918 5171 doloribus
947 5124 1002 5170 et
1040 5110 1340 5185 opprobriis
1368 5115 1699 5185 acquisitam.
1731 5114 1883 5183 Quod

287 5217 469 5264 autem
488 5207 726 5275 addidit,
758 5207 944 5262 Latum
965 5208 1264 5263 mandatum
1293 5218 1430 5263 tuum
1454 5209 1636 5274 valde;
1665 5223 1770 5263 non
1801 5210 1883 5263 in—

289 5300 472 5371 telligo
503 5301 601 5356 nisi
641 5299 976 5355 charitatem.
1000 5298 1138 5368 Quid
1158 5299 1301 5355 enim
1326 5300 1613 5372 profuisset
1630 5314 1886 5370 quacum-

287 5406 392 5462 que
437 5401 608 5446 morte
638 5391 988 5458 imminente,
1016 5400 1071 5445 et
1116 5391 1256 5448 inter
1297 5401 1724 5462 quantacumque
1772 5400 1885 5447 toro

286 5489 471 5536 menta
499 5481 588 5536 illa
615 5481 871 5553 martyria
896 5480 1162 5549 conﬁteri,
1187 5482 1232 5537 si
1248 5483 1479 5538 cltaritas
1505 5484 1556 5538 itt
1597 5482 1886 5538 conﬁtente

287 5587 397 5627 non
434 5573 611 5627 esset?
635 5571 929 5628 Audiamus
958 5574 1274 5644 Apostolum
1300 5593 1313 5629 :
1344 5575 1455 5629 Etsi
1481 5575 1736 5629 tradidero
1756 5617 1770 5640 ,
1799 5576 1890 5631 ins

286 5663 440 5734 quit,
470 5679 654 5734 corpus
696 5680 861 5718 meum
908 5675 968 5717 ut
993 5664 1199 5722 ardeam
1220 5704 1237 5733 ,
1277 5664 1572 5720 cbaritatem
1595 5675 1764 5721 autem
1787 5683 1887 5721 non

358 5822 376 5853 ι
404 5822 476 5870 Sic
500 5819 819 5890 aliquottuss.
860 5822 948 5873 Alii
971 5834 1092 5874 vero
1113 5835 1224 5874 cum
1245 5822 1378 5886 Edd.,
1404 5823 1492 5876 etsi
1513 5831 1843 5890 perseveraret
1868 5838 1886 5878 :

223 5881 247 5936 i
291 5881 423 5935 forte
447 5896 552 5947 pro,
580 5881 630 5935 ut
655 5883 724 5936 sic
749 5892 1094 5949 perseveraret.

1354 393 1750 451 ENARliATlO
1788 394 1850 451 IN
1891 395 2215 459 PSALMUM
2251 397 2480 458 CXVIII.

3423 406 3563 465 i563

1975 510 2184 566 habeam
2212 554 2226 578 ,
2259 513 2386 567 nihil
2413 511 2537 568 mihi
2561 512 2760 584 prodest
2787 511 2807 588 (
2833 510 2853 568 Ι
2878 511 2994 569 Cor.
3017 527 3110 570 xm
3138 553 3155 581 ,
3185 513 3278 587 3).
3317 515 3560 578 Charitas

1973 611 2149 658 autem
2175 603 2266 659 Dei
2287 603 2475 660 diffusa
2501 614 2584 660 est
2609 605 2660 660 in
2687 606 2938 662 cordibus
2959 609 3153 664 nostris
3181 624 3278 680 per
3302 609 3558 680 Spiritum

1973 703 2214 748 sanctum
2238 737 2252 757 ,
2307 697 2395 766 qui
2439 697 2593 752 datus
2621 707 2706 753 est
2729 699 2881 756 nobis
2910 699 3099 774 (Rom.
3130 718 3184 767 v,
3213 703 3306 776 5).
3361 703 3415 759 In
3457 705 3558 762 hac

1971 787 2250 844 diliusioue
2276 789 2496 846 latitudo
2525 801 2637 854 est,
2670 793 2721 848 in
2753 809 2856 864 qua
2885 795 3001 850 sine
3025 797 3279 866 angustiis
3307 798 3388 852 via
3418 812 3557 869 quo-

1973 895 2076 951 que
2101 881 2401 935 ambulatur
2426 893 2645 953 angusta
2675 925 2691 950 ,
2719 884 2952 941 donante
2977 887 3068 941 illo
3095 888 3180 942 cui
3206 888 3403 944 dictum
3429 899 3512 946 est
3535 933 3553 960 ,

1972 971 2224 1040 Dilatasti,
2234 990 2432 1044 gressus
2460 992 2595 1030 meos
2618 977 2785 1030 subter
2810 994 2887 1032 me
2906 1019 2921 1044 ,
2949 987 2995 1032 et
3025 995 3125 1034 non
3147 989 3263 1034 sunt
3292 980 3552 1050 inﬁrmata

1971 1063 2312 1139 uestigiamea
2339 1065 2516 1136 (Psal.
2545 1083 2677 1130 xvu,
2701 1067 2820 1139 '57).
2845 1068 3030 1125 Latum
3058 1077 3140 1125 est
3166 1085 3295 1142 ergo
3324 1073 3548 1128 manda-

1972 1162 2079 1210 tum
2111 1155 2416 1225 charitatis,
2445 1158 2748 1213 mandatum
2795 1160 2924 1216 illud
2975 1161 3243 1232 geminum
3268 1203 3284 1229 ,
3315 1176 3422 1232 quo
3462 1162 3553 1232 ju-

1971 1247 2125 1302 betur
2167 1248 2309 1304 Deus
2343 1258 2397 1304 et
2445 1250 2724 1319 proximus
2768 1251 2936 1322 diligi.
2973 1252 3109 1320 Quid
3147 1260 3324 1309 autem
3354 1253 3548 1320 latius,

1969 1355 2127 1412 quam
2170 1349 2228 1396 ut
2273 1341 2362 1397 ubi
2407 1342 2424 1372 ³
2456 1342 2682 1412 pendeat
2711 1350 2818 1398 tota
2841 1343 2953 1400 Lex
2976 1353 3033 1401 et
3053 1359 3239 1402 omnes
3265 1344 3552 1417 Propheta:

1972 1430 2200 1505 (Matth.
2225 1447 2356 1502 χχιι,
2385 1433 2550 1490 57-40
2567 1433 2627 1506 )?

2587 1583 2758 1626 SEMO
2791 1585 2924 1626 XXII.

2041 1703 2092 1758 1.
2125 1701 2146 1776 [
2173 1718 2299 1758 vers.
2342 1701 2474 1777 97.]
2505 1703 2659 1776 Saepe
2683 1704 3059 1760 admonuimus
3085 1705 3400 1762 laudabilem
3431 1707 3552 1764 lati-

1969 1797 2233 1864 tudinem,
2269 1797 2318 1851 in
2357 1812 2459 1868 qua
2491 1798 2662 1853 nullas
2683 1841 2700 1867 ,
2729 1814 2850 1853 cum
2877 1799 3123 1854 mandata
3164 1799 3255 1854 Dei
3284 1799 3505 1856 facimus
3531 1840 3548 1867 ,

1966 1891 2229 1958 patiamur
2277 1890 2581 1959 angustias,
2622 1889 3016 1960 intelligendam
3067 1904 3186 1945 esse
3212 1890 3548 1946 cltaritatem.

1966 1978 2190 2050 Pr0pter
2215 1979 2355 2049 quod
2385 1981 2543 2034 etiam
2571 1981 2624 2036 in
2661 1997 2853 2052 magno
2883 1983 2985 2036 isto
3005 1982 3212 2052 psalmo
3237 1998 3357 2038 cum
3387 1998 3549 2054 supe«

1965 2071 2075 2125 rius
2120 2071 2376 2137 dixisset,
2407 2071 2590 2124 Lutum
2640 2073 2935 2127 mandatum
2977 2083 3122 2128 tuum
3149 2074 3295 2128 valde
3320 2090 3340 2139 ;
3369 2074 3424 2128 ἱιι
3453 2073 3554 2129 hoc

1964 2164 2206 2233 sequenti
2237 2179 2397 2219 versu
2429 2165 2819 2221 ostenditunde
2843 2167 2913 2222 sit
2944 2167 3132 2231 latum,
3159 2167 3343 2222 dicens
3373 2185 3385 2221 :
3412 2167 3554 2234 Quo-

1965 2255 2116 2308 modo
2154 2255 2310 2309 dilexi
2336 2255 2494 2326 legem
2520 2267 2656 2309 luant
2681 2299 2696 2324 ,
2728 2256 2944 2312 Domine
2969 2259 2991 2312 .'
3039 2259 3258 2314 Dilectio
3286 2267 3366 2314 est
3396 2259 3554 2329 igitur

1965 2345 2186 2401 latitudo
2214 2347 2467 2402 mandati.
2492 2347 2646 2404 Unde
2669 2349 2865 2420 quippe
2887 2349 3003 2405 ﬁeri
3023 2360 3197 2421 potest
3221 2360 3279 2405 ut
3305 2351 3555 2422 diligatur

1965 2439 2105 2509 quod
2137 2439 2274 2493 Deus
2299 2439 2450 2508 jubet
2477 2439 2660 2511 diligi,
2709 2450 2764 2496 et
2793 2442 2905 2510 ipsa
2930 2441 3100 2511 jussio
3126 2458 3233 2496 non
3263 2443 3553 2514 diligatur?

1966 2529 2085 2599 Ipsa
2116 2539 2199 2585 est
2224 2531 2367 2584 enim
2399 2531 2504 2585 lex.
2538 2531 2682 2598 Tota,
2712 2532 2901 2598 inquit,
2934 2532 3018 2587 die
3043 2532 3300 2587 meditatio
3322 2550 3431 2586 mea
3459 2542 3550 2589 est.

1965 2620 2105 2678 Ecce
2131 2621 2398 2692 quomodo
2424 2637 2541 2676 eam
2572 2623 2730 2677 dilexi
2757 2663 2771 2687 ,
2801 2632 2857 2676 ut
2886 2631 2992 2677 tota
3023 2623 3109 2679 die
3133 2623 3410 2678 meditatio
3435 2638 3553 2678 mea

1964 2721 2107 2769 esset
2135 2731 2148 2767 :
2179 2714 2259 2768 vel
2286 2713 2480 2783 potius,
2514 2715 2651 2768 sicut
2678 2729 2880 2784 graecus
2911 2713 3090 2781 habet,
3119 2723 3276 2767 totam
3298 2714 3428 2766 diem
3450 2712 3551 2784 (a),

1963 2805 2053 2861 ubi
2086 2807 2253 2877 magis
2278 2808 2604 2862 continuatio
2630 2807 2935 2862 meditantis
2950 2790 3282 2876 exprimitur.
3306 2806 3360 2862 Id
3377 2816 3553 2862 autem

1965 2897 2276 2969 intelligitur
2299 2913 2396 2968 per
2425 2913 2583 2953 omne
2628 2907 2836 2968 tempus
2864 2939 2879 2963 ,
2908 2897 3048 2969 quod
3077 2907 3412 2968 estsemper.
3440 2896 3553 2952 Tali

1965 3000 2294 3064 expugnatur
2325 2992 2608 3046 dilectione
2634 2991 2921 3061 cupiditas,
2951 3005 3068 3061 quae
3113 3005 3256 3061 saepe
3300 2988 3556 3044 faciendis

1965 3083 2096 3154 legis
2118 3083 2448 3153 jussionibus
2473 3082 2787 3138 contradicit
2813 3124 2826 3149 ,
2860 3082 3272 3152 concupiscente
3300 3080 3555 3135 adversus

1965 3175 2209 3245 spiritum
2267 3188 2428 3229 carne
2483 3190 2498 3228 :
2542 3167 2800 3227 adversus
2855 3187 3009 3241 quam
3071 3171 3288 3240 spiritus
3355 3184 3556 3226 concu-

1967 3265 2176 3336 piscens
2203 3265 2222 3336 (
2245 3263 2416 3319 Galat.
2461 3279 2511 3330 v,
2537 3263 2603 3318 l7
2628 3262 2668 3334 ),
2703 3263 2772 3316 ita
2797 3259 2958 3318 debet
2981 3261 3201 3332 diligere
3226 3261 3397 3333 legem
3423 3258 3552 3329 Dei,

1967 3365 2025 3410 ut
2049 3363 2211 3410 totam
2243 3355 2382 3409 diem
2419 3353 2693 3409 meditatio
2727 3353 2843 3423 ejus
2881 3353 2972 3407 sit.
3005 3353 3142 3408 Dicit
3178 3361 3355 3406 autem
3407 3352 3556 3421 Apo‘

1967 3447 2135 3502 stolus
2191 3465 2204 3502 :
2239 3444 2338 3500 Ubi
2365 3455 2437 3500 est
2475 3461 2590 3516 ergo
2621 3444 2855 3516 gloriatio
2898 3444 3028 3498 tua?
3056 3441 3284 3497 Exclusa
3331 3450 3420 3496 est.
3452 3439 3557 3494 Per

1967 3554 2120 3609 quant
2162 3537 2318 3608 legem
2350 3537 2374 3590 ?
2425 3539 2672 3607 factorum
2697 3535 2723 3587 .9
2765 3533 2918 3601 Non,
2963 3534 3052 3587 sed
3100 3550 3188 3603 per
3236 3533 3395 3603 legem
3433 3531 3554 3600 ﬁdei

1970 3631 1989 3702 (
2023 3631 2172 3685 Rom.
2223 3645 2314 3696 ιιι,
2344 3627 2412 3682 27
2442 3627 2485 3700 ).
2520 3627 2645 3682 Hmc
2673 3634 2756 3680 est
2781 3624 2914 3680 ﬁdes
2944 3641 3062 3696 qua:
3091 3640 3184 3694 per
3218 3623 3558 3679 dilectionem

1971 3720 2262 3792 operatur(
2287 3718 2460 3775 Galat.
2478 3735 2530 3785 v,
2564 3718 2653 3789 6);
2680 3717 2930 3786 quoniam
2954 3715 3262 3787 quaerendo,
3291 3713 3520 3784 petendo
3539 3753 3554 3780 ,

1971 3812 2252 3883 pulsando,
2282 3812 2532 3882 impetrat
2557 3807 2810 3879 Spiritum
2837 3808 3032 3862 bonum
3057 3805 3206 3878 (Luc.
3230 3821 3305 3869 ιι,
3331 3805 3416 3870 l0,
3442 3804 3556 3875 15),

1971 3919 2070 3974 per
2095 3919 2252 3974 quem
2275 3904 2491 3958 dilectio
2522 3904 2636 3972 ipsa
2665 3886 2974 3956 diﬁ‘unditur
3003 3901 3057 3954 in
3083 3898 3334 3954 cordibus
3363 3899 3560 3954 nostris

1975 3995 2163 4068 (Rom.
2185 4011 2239 4060 v,
2263 3996 2355 4066 5).
2386 3995 2498 4049 Hoc
2528 3995 2666 4049 enim
2700 3993 2898 4063 Spiritu
2928 3993 3022 4047 Dei
3053 3991 3372 4061 quicumque
3391 4004 3559 4059 agun-

1976 4097 2082 4155 tur,
2113 4087 2163 4139 hi
2191 4085 2282 4140 ﬁlii
2313 4095 2436 4140 sunt
2466 4086 2556 4140 Dei
2586 4083 2696 4157 (Id.
2723 4101 2838 4150 vm,
2865 4083 2950 4155 M)
2988 4100 3003 4138 :
3035 4082 3125 4154 qui
3154 4082 3481 4151 recipiuntur
3503 4089 3563 4134 ut

1975 4181 2288 4236 recumbant
2315 4194 2437 4233 cum
2479 4178 2744 4233 Abraham
2778 4218 2794 4245 ,
2849 4177 2991 4232 Isaac
3028 4183 3084 4231 et
3114 4173 3277 4230 Jacoh
3315 4174 3366 4228 in
3399 4187 3563 4243 regno

1976 4273 2233 4328 caelorum
2265 4271 2285 4342 (
2315 4270 2503 4325 Matth.
2532 4286 2643 4334 vm,
2676 4270 2734 4327 ll
2763 4269 3066 4342 );expulso
3105 4281 3262 4322 servo
3288 4307 3304 4333 ,
3337 4266 3425 4336 qui
3458 4279 3564 4322 non

1978 4375 2158 4422 manet
2184 4365 2236 4420 in
2262 4364 2423 4419 domo
2450 4364 2502 4417 in
2529 4373 2787 4418 aeternum
2825 4362 2844 4431 (
2873 4361 3030 4414 Joan.
3058 4375 3181 4427 vttt,
3223 4359 3291 4416 '55
3320 4358 3371 4430 );
3396 4358 3448 4412 id
3483 4364 3568 4413 est

1981 4457 2143 4513 Israel
2174 4455 2468 4512 secundum
2497 4469 2714 4509 carnem
2744 4496 2758 4520 ,
2787 4453 2870 4508 cui
2897 4453 3097 4507 dictum
3124 4459 3238 4515 est,
3271 4468 3291 4501 ι
3323 4449 3458 4504 Cum
3484 4447 3568 4503 vi-

1981 4547 2165 4602 deritis
2185 4545 2476 4612 Abraham,
2505 4544 2668 4609 Isaac,
2696 4551 2750 4598 et
2767 4542 2952 4609 Jacob,
2973 4550 3030 4597 et
3057 4554 3244 4595 omnes
3269 4537 3570 4608 Prophetas

1983 4639 2035 4694 in
2063 4654 2226 4708 regno
2252 4638 2376 4702 Dei,
2411 4651 2508 4691 vos
2547 4643 2721 4690 autem
2760 4634 2952 4706 expelli
2983 4633 3146 4688 foras.
3179 4632 3244 4686 Et
3266 4631 3482 4686 venient
3503 4628 3573 4684 ab

1984 4730 2188 4786 oriente
2215 4770 2230 4795 ,
2260 4736 2316 4784 et
2341 4728 2618 4782 occidente
2642 4767 2656 4792 ,
2683 4735 2736 4781 et
2760 4725 3007 4796 aquilone
3031 4767 3046 4791 ,
3074 4732 3128 4780 et
3154 4730 3335 4777 austro
3359 4763 3372 4787 ,
3402 4729 3460 4777 et
3480 4735 3572 4774 ac-

1984 4820 2234 4874 cumbent
2276 4819 2330 4872 in
2373 4832 2538 4888 regno
2583 4816 2698 4871 Dei.
2739 4816 2806 4871 Et
2855 4829 2982 4870 ecce
3023 4823 3149 4868 sunt
3181 4811 3455 4867 novissimi
3481 4810 3573 4880 qui

1985 4919 2139 4966 erant
2185 4908 2388 4978 primi,
2419 4915 2474 4962 et
2527 4915 2649 4962 sunt
2698 4906 2852 4976 primi
2897 4905 2986 4976 qui
3031 4913 3183 4958 erant
3233 4901 3510 4957 novissimi
3547 4917 3565 4952 ι

1987 5001 2146 5072 (Luc.
2176 5015 2292 5064 xm,
2319 4998 2546 5069 28—30).
2583 5017 2602 5051 ι
2637 4997 2834 5054 Gentes
2869 5014 2889 5049 ι
2943 5004 3120 5051 autem
3147 5035 3162 5059 ,
3190 4995 3328 5048 sicut
3368 4992 3444 5048 ait
3468 4990 3577 5047 Vas

1988 5093 2264 5151 electionis
2289 5131 2304 5156 ,
2352 5109 2371 5143 ι
2437 5107 2556 5162 qua:
2599 5105 2703 5146 non
2756 5089 3094 5146 sectabantur
3141 5085 3436 5155 justitiam,
3479 5099 3579 5154 ap-

1990 5184 2388 5257 prehenderunt
2436 5183 2693 5254 justitiam
2739 5198 2754 5247 ;
2814 5180 3074 5251 justitiam
3128 5184 3305 5232 autem
3344 5187 3464 5246 quae
3512 5189 3581 5230 ex

1992 5276 2096 5331 ﬁde
2120 5287 2203 5330 est
2233 5292 2246 5330 :
2275 5274 2436 5330 Israel
2465 5285 2643 5329 autem
2671 5286 3000 5343 persequens
3025 5270 3196 5340 legem
3235 5267 3454 5338 justitiat
3478 5307 3493 5332 ,
3529 5266 3580 5322 in

1990 5369 2162 5441 legem
2187 5369 2406 5438 iustitia:
2429 5383 2534 5423 non
2559 5366 2819 5437 pervenit.
2837 5363 3052 5433 Quare?
3078 5361 3210 5430 Quia
3231 5375 3336 5416 non
3357 5376 3424 5415 ex
3445 5357 3573 5426 ﬁde,

1993 5463 2086 5519 sed
2119 5462 2268 5533 quasi
2303 5477 2369 5516 ex
2397 5460 2666 5531 operibus,
2699 5457 3038 5513 oll‘enderunt
3065 5455 3122 5511 in
3150 5453 3380 5525 lapidem
3409 5452 3582 5509 offen-

1994 5555 2160 5612 sionis
2197 5575 2215 5608 ι
2247 5553 2421 5627 (Rom.
2455 5569 2528 5618 rx,
2558 5551 2731 5608 ὅθι-52
2751 5551 2789 5621 ).
2821 5551 2895 5604 Ita
2921 5548 3044 5606 facti
3063 5556 3190 5606 sunt
3208 5547 3406 5604 inimici
3425 5546 3582 5617 hujus

1997 5651 2087 5717 qui
2117 5647 2202 5702 hic
2231 5648 2284 5701 in
2312 5643 2589 5715 prophetia
2619 5643 2869 5713 loquitur.

2060 5806 2075 5836 ι
2104 5802 2248 5865 Lugd.
2274 5805 2393 5850 Ven.
2412 5805 2463 5848 et
2484 5804 2614 5859 tom,
2640 5796 2723 5847 ibi.
2822 5804 2878 5848 Μ.

2059 5885 2133 5947 (a)
2155 5891 2289 5934 Grec.
2323 5880 2429 5933 olea
2458 5879 2538 5933 tén
2558 5880 2769 5932 émeran.
