  <div class='ocr_page' id='page_1' title='image "/cluster/home/n/w/nwhite01/storage/ocr_20150623/37/hvd.32044015471477/275.png"; bbox 0 0 4070 6472; ppageno 0'>
   <div class='ocr_carea' id='block_1_1' title="bbox 488 405 626 466">
    <p class='ocr_par' dir='ltr' id='par_1_1' title="bbox 488 405 626 466">
     <span class='ocr_line' id='line_1_1' title="bbox 488 405 626 466; baseline -0.007 -1"><span class='ocrx_word' id='word_1_1' title='bbox 488 405 626 466; x_wconf 72' lang='grc' dir='ltr'><strong>Ιὸὒδ</strong></span> 
     </span>
    </p>
   </div>
   <div class='ocr_carea' id='block_1_2' title="bbox 547 510 2062 599">
    <p class='ocr_par' dir='ltr' id='par_1_2' title="bbox 547 510 2062 599">
     <span class='ocr_line' id='line_1_2' title="bbox 547 510 2062 599; baseline -0.013 -17"><span class='ocrx_word' id='word_1_2' title='bbox 547 526 597 582; x_wconf 70' lang='grc' dir='ltr'><strong>ἳ.</strong></span> <span class='ocrx_word' id='word_1_3' title='bbox 650 524 669 599; x_wconf 90' lang='grc'>[</span> <span class='ocrx_word' id='word_1_4' title='bbox 699 538 822 580; x_wconf 76' lang='lat' dir='ltr'><strong>vers.</strong></span> <span class='ocrx_word' id='word_1_5' title='bbox 853 510 935 581; x_wconf 79' lang='lat'><strong>98.</strong></span> <span class='ocrx_word' id='word_1_6' title='bbox 974 522 1095 599; x_wconf 72' lang='lat' dir='ltr'><strong>jAc</strong></span> <span class='ocrx_word' id='word_1_7' title='bbox 1120 519 1312 579; x_wconf 87' lang='lat' dir='ltr'><strong>deinde</strong></span> <span class='ocrx_word' id='word_1_8' title='bbox 1332 518 1605 589; x_wconf 76' lang='lat' dir='ltr'><strong>coniungit</strong></span> <span class='ocrx_word' id='word_1_9' title='bbox 1650 534 1661 569; x_wconf 88' lang='lat'><strong>:</strong></span> <span class='ocrx_word' id='word_1_10' title='bbox 1698 514 1864 584; x_wconf 82' lang='lat' dir='ltr'><strong>Super</strong></span> <span class='ocrx_word' id='word_1_11' title='bbox 1894 512 2062 566; x_wconf 85' lang='lat' dir='ltr'><strong>inimi-</strong></span> 
     </span>
    </p>
   </div>
   <div class='ocr_carea' id='block_1_3' title="bbox 479 607 2067 690">
    <p class='ocr_par' dir='ltr' id='par_1_3' title="bbox 479 607 2067 690">
     <span class='ocr_line' id='line_1_3' title="bbox 479 607 2067 690; baseline -0.011 -13"><span class='ocrx_word' id='word_1_12' title='bbox 479 632 565 677; x_wconf 80' lang='lat' dir='ltr'><strong>cas</strong></span> <span class='ocrx_word' id='word_1_13' title='bbox 594 618 726 676; x_wconf 69' lang='lat' dir='ltr'><strong>ineas</strong></span> <span class='ocrx_word' id='word_1_14' title='bbox 753 632 928 690; x_wconf 79' lang='lat' dir='ltr'><strong>sapere</strong></span> <span class='ocrx_word' id='word_1_15' title='bbox 950 616 1111 690; x_wconf 77' lang='lat' dir='ltr'><strong>fecisti</strong></span> <span class='ocrx_word' id='word_1_16' title='bbox 1139 624 1216 672; x_wconf 82' lang='lat' dir='ltr'><strong>me</strong></span> <span class='ocrx_word' id='word_1_17' title='bbox 1235 615 1531 670; x_wconf 81' lang='lat' dir='ltr'><strong>mandatum</strong></span> <span class='ocrx_word' id='word_1_18' title='bbox 1562 622 1723 679; x_wconf 84' lang='lat' dir='ltr'><strong>tuum,</strong></span> <span class='ocrx_word' id='word_1_19' title='bbox 1748 609 1987 680; x_wconf 83' lang='lat' dir='ltr'><strong>quoniam</strong></span> <span class='ocrx_word' id='word_1_20' title='bbox 2012 607 2067 659; x_wconf 76' lang='lat' dir='ltr'><strong>in</strong></span> 
     </span>
    </p>
   </div>
   <div class='ocr_carea' id='block_1_4' title="bbox 476 699 2064 779">
    <p class='ocr_par' dir='ltr' id='par_1_4' title="bbox 476 699 2064 779">
     <span class='ocr_line' id='line_1_4' title="bbox 476 699 2064 779; baseline -0.01 -10"><span class='ocrx_word' id='word_1_21' title='bbox 476 724 714 769; x_wconf 79' lang='lat' dir='ltr'><strong>teternum</strong></span> <span class='ocrx_word' id='word_1_22' title='bbox 743 712 864 765; x_wconf 82' lang='lat' dir='ltr'><strong>mihi</strong></span> <span class='ocrx_word' id='word_1_23' title='bbox 912 721 1003 765; x_wconf 81' lang='lat' dir='ltr'><strong>est.</strong></span> <span class='ocrx_word' id='word_1_24' title='bbox 1034 709 1112 765; x_wconf 88' lang='grc' dir='ltr'><strong>ΙΙΙὶ</strong></span> <span class='ocrx_word' id='word_1_25' title='bbox 1143 724 1370 779; x_wconf 78' lang='lat' dir='ltr'><strong>namque</strong></span> <span class='ocrx_word' id='word_1_26' title='bbox 1400 706 1570 761; x_wconf 87' lang='lat' dir='ltr'><strong>zelum</strong></span> <span class='ocrx_word' id='word_1_27' title='bbox 1601 703 1811 774; x_wconf 80' lang='lat' dir='ltr'><strong>quidem</strong></span> <span class='ocrx_word' id='word_1_28' title='bbox 1847 700 1936 754; x_wconf 94' lang='lat' dir='ltr'><strong>Dei</strong></span> <span class='ocrx_word' id='word_1_29' title='bbox 1968 699 2064 753; x_wconf 80' lang='lat' dir='ltr'><strong>ha-</strong></span> 
     </span>
    </p>
   </div>
   <div class='ocr_carea' id='block_1_5' title="bbox 475 792 2062 874">
    <p class='ocr_par' dir='ltr' id='par_1_5' title="bbox 475 792 2062 874">
     <span class='ocr_line' id='line_1_5' title="bbox 475 792 2062 874; baseline -0.01 -11"><span class='ocrx_word' id='word_1_30' title='bbox 475 806 603 863; x_wconf 80' lang='lat' dir='ltr'><strong>bent</strong></span> <span class='ocrx_word' id='word_1_31' title='bbox 624 851 638 874; x_wconf 96' lang='lat'><strong>,</strong></span> <span class='ocrx_word' id='word_1_32' title='bbox 667 806 757 861; x_wconf 87' lang='lat' dir='ltr'><strong>sed</strong></span> <span class='ocrx_word' id='word_1_33' title='bbox 790 822 894 860; x_wconf 90' lang='lat' dir='ltr'><strong>non</strong></span> <span class='ocrx_word' id='word_1_34' title='bbox 932 805 1220 860; x_wconf 72' lang='lat' dir='ltr'><strong>secundum</strong></span> <span class='ocrx_word' id='word_1_35' title='bbox 1257 802 1550 858; x_wconf 74' lang='lat' dir='ltr'><strong>scientiam.</strong></span> <span class='ocrx_word' id='word_1_36' title='bbox 1588 798 1894 870; x_wconf 78' lang='lat' dir='ltr'><strong>Iguura‘ntes</strong></span> <span class='ocrx_word' id='word_1_37' title='bbox 1920 792 2062 848; x_wconf 88' lang='lat' dir='ltr'><strong>enim</strong></span> 
     </span>
    </p>
   </div>
   <div class='ocr_carea' id='block_1_6' title="bbox 478 888 2064 971">
    <p class='ocr_par' dir='ltr' id='par_1_6' title="bbox 478 888 2064 971">
     <span class='ocr_line' id='line_1_6' title="bbox 478 888 2064 971; baseline -0.011 -14"><span class='ocrx_word' id='word_1_38' title='bbox 478 900 570 957; x_wconf 89' lang='lat' dir='ltr'><strong>Dei</strong></span> <span class='ocrx_word' id='word_1_39' title='bbox 597 898 853 971; x_wconf 85' lang='lat' dir='ltr'><strong>justitiam</strong></span> <span class='ocrx_word' id='word_1_40' title='bbox 878 942 890 965; x_wconf 92' lang='lat'><strong>,</strong></span> <span class='ocrx_word' id='word_1_41' title='bbox 916 902 967 955; x_wconf 88' lang='lat' dir='ltr'><strong>et</strong></span> <span class='ocrx_word' id='word_1_42' title='bbox 994 916 1139 955; x_wconf 84' lang='lat' dir='ltr'><strong>suam</strong></span> <span class='ocrx_word' id='word_1_43' title='bbox 1165 907 1464 969; x_wconf 72' lang='lat' dir='ltr'><strong>quaerentes</strong></span> <span class='ocrx_word' id='word_1_44' title='bbox 1485 894 1827 958; x_wconf 86' lang='lat' dir='ltr'><strong>constituere,</strong></span> <span class='ocrx_word' id='word_1_45' title='bbox 1843 888 2064 961; x_wconf 80' lang='lat' dir='ltr'><strong>justitiae</strong></span> 
     </span>
    </p>
   </div>
   <div class='ocr_carea' id='block_1_7' title="bbox 478 982 2063 1066">
    <p class='ocr_par' dir='ltr' id='par_1_7' title="bbox 478 982 2063 1066">
     <span class='ocr_line' id='line_1_7' title="bbox 478 982 2063 1066; baseline -0.009 -17"><span class='ocrx_word' id='word_1_46' title='bbox 478 988 572 1049; x_wconf 83' lang='lat' dir='ltr'><strong>Dei</strong></span> <span class='ocrx_word' id='word_1_47' title='bbox 604 1004 706 1050; x_wconf 83' lang='lat' dir='ltr'><strong>non</strong></span> <span class='ocrx_word' id='word_1_48' title='bbox 739 1003 860 1049; x_wconf 89' lang='lat' dir='ltr'><strong>sunt</strong></span> <span class='ocrx_word' id='word_1_49' title='bbox 887 992 1109 1063; x_wconf 84' lang='lat' dir='ltr'><strong>subjecti</strong></span> <span class='ocrx_word' id='word_1_50' title='bbox 1142 992 1316 1066; x_wconf 78' lang='lat' dir='ltr'><strong>(Rom.</strong></span> <span class='ocrx_word' id='word_1_51' title='bbox 1346 1006 1377 1046; x_wconf 74' lang='grc' dir='ltr'><strong>ιι</strong></span> <span class='ocrx_word' id='word_1_52' title='bbox 1400 1034 1413 1057; x_wconf 88' lang='grc'><em>,</em></span> <span class='ocrx_word' id='word_1_53' title='bbox 1443 991 1478 1044; x_wconf 80' lang='lat'><strong>‘2</strong></span> <span class='ocrx_word' id='word_1_54' title='bbox 1498 998 1544 1045; x_wconf 83' lang='lat' dir='ltr'><strong>et</strong></span> <span class='ocrx_word' id='word_1_55' title='bbox 1568 989 1656 1061; x_wconf 77' lang='grc'><strong>⁵5).</strong></span> <span class='ocrx_word' id='word_1_56' title='bbox 1686 986 1789 1043; x_wconf 89' lang='lat' dir='ltr'><strong>lste</strong></span> <span class='ocrx_word' id='word_1_57' title='bbox 1820 999 1946 1039; x_wconf 83' lang='lat' dir='ltr'><strong>vero</strong></span> <span class='ocrx_word' id='word_1_58' title='bbox 1972 982 2063 1053; x_wconf 89' lang='lat' dir='ltr'><strong>qui</strong></span> 
     </span>
    </p>
   </div>
   <div class='ocr_carea' id='block_1_8' title="bbox 472 1078 2060 1157">
    <p class='ocr_par' dir='ltr' id='par_1_8' title="bbox 472 1078 2060 1157">
     <span class='ocr_line' id='line_1_8' title="bbox 472 1078 2060 1157; baseline -0.007 -16"><span class='ocrx_word' id='word_1_59' title='bbox 472 1084 633 1157; x_wconf 83' lang='lat' dir='ltr'><strong>super</strong></span> <span class='ocrx_word' id='word_1_60' title='bbox 665 1088 791 1141; x_wconf 88' lang='lat' dir='ltr'><strong>istos</strong></span> <span class='ocrx_word' id='word_1_61' title='bbox 817 1083 1060 1142; x_wconf 87' lang='lat' dir='ltr'><strong>inimicos</strong></span> <span class='ocrx_word' id='word_1_62' title='bbox 1086 1099 1210 1141; x_wconf 90' lang='lat' dir='ltr'><strong>suos</strong></span> <span class='ocrx_word' id='word_1_63' title='bbox 1253 1084 1387 1155; x_wconf 85' lang='lat' dir='ltr'><strong>sapit</strong></span> <span class='ocrx_word' id='word_1_64' title='bbox 1416 1082 1718 1137; x_wconf 86' lang='lat' dir='ltr'><strong>mandatum</strong></span> <span class='ocrx_word' id='word_1_65' title='bbox 1748 1078 1875 1143; x_wconf 92' lang='lat' dir='ltr'><strong>Dei,</strong></span> <span class='ocrx_word' id='word_1_66' title='bbox 1910 1078 2060 1132; x_wconf 86' lang='lat' dir='ltr'><strong>inve-</strong></span> 
     </span>
    </p>
   </div>
   <div class='ocr_carea' id='block_1_9' title="bbox 472 1169 2057 1250">
    <p class='ocr_par' dir='ltr' id='par_1_9' title="bbox 472 1169 2057 1250">
     <span class='ocr_line' id='line_1_9' title="bbox 472 1169 2057 1250; baseline -0.009 -15"><span class='ocrx_word' id='word_1_67' title='bbox 472 1176 569 1235; x_wconf 72' lang='lat' dir='ltr'><strong>niri</strong></span> <span class='ocrx_word' id='word_1_68' title='bbox 602 1178 713 1235; x_wconf 81' lang='lat' dir='ltr'><strong>vtilt</strong></span> <span class='ocrx_word' id='word_1_69' title='bbox 753 1188 872 1235; x_wconf 87' lang='lat' dir='ltr'><strong>cum</strong></span> <span class='ocrx_word' id='word_1_70' title='bbox 922 1172 1178 1250; x_wconf 75' lang='lat' dir='ltr'><strong>Apostolo</strong></span> <span class='ocrx_word' id='word_1_71' title='bbox 1218 1190 1321 1232; x_wconf 89' lang='lat' dir='ltr'><strong>non</strong></span> <span class='ocrx_word' id='word_1_72' title='bbox 1349 1176 1551 1231; x_wconf 81' lang='lat' dir='ltr'><strong>habens</strong></span> <span class='ocrx_word' id='word_1_73' title='bbox 1574 1169 1828 1245; x_wconf 79' lang='lat' dir='ltr'><strong>justitiam</strong></span> <span class='ocrx_word' id='word_1_74' title='bbox 1872 1178 2019 1225; x_wconf 79' lang='lat' dir='ltr'><strong>Suam</strong></span> <span class='ocrx_word' id='word_1_75' title='bbox 2042 1210 2057 1234; x_wconf 92' lang='lat'><strong>,</strong></span> 
     </span>
    </p>
   </div>
   <div class='ocr_carea' id='block_1_10' title="bbox 471 1254 2059 1343">
    <p class='ocr_par' dir='ltr' id='par_1_10' title="bbox 471 1254 2059 1343">
     <span class='ocr_line' id='line_1_10' title="bbox 471 1254 2059 1343; baseline -0.009 -15"><span class='ocrx_word' id='word_1_76' title='bbox 471 1272 589 1343; x_wconf 67' lang='lat' dir='ltr'><strong>quas</strong></span> <span class='ocrx_word' id='word_1_77' title='bbox 617 1262 679 1328; x_wconf 73' lang='lat' dir='ltr'><strong>ex</strong></span> <span class='ocrx_word' id='word_1_78' title='bbox 710 1274 825 1343; x_wconf 82' lang='lat' dir='ltr'><strong>lege</strong></span> <span class='ocrx_word' id='word_1_79' title='bbox 851 1278 951 1338; x_wconf 85' lang='lat' dir='ltr'><strong>es’t,</strong></span> <span class='ocrx_word' id='word_1_80' title='bbox 983 1254 1077 1329; x_wconf 73' lang='lat' dir='ltr'><strong>sed</strong></span> <span class='ocrx_word' id='word_1_81' title='bbox 1097 1268 1353 1341; x_wconf 81' lang='lat' dir='ltr'><strong>ju’sutiam</strong></span> <span class='ocrx_word' id='word_1_82' title='bbox 1386 1272 1477 1339; x_wconf 82' lang='lat' dir='ltr'><strong>per</strong></span> <span class='ocrx_word' id='word_1_83' title='bbox 1504 1267 1659 1322; x_wconf 83' lang='lat' dir='ltr'><strong>ﬁdem</strong></span> <span class='ocrx_word' id='word_1_84' title='bbox 1691 1263 1910 1327; x_wconf 77' lang='lat' dir='ltr'><strong>Chrisn,</strong></span> <span class='ocrx_word' id='word_1_85' title='bbox 1941 1276 2059 1332; x_wconf 59' lang='lat' dir='ltr'><strong>quas</strong></span> 
     </span>
    </p>
   </div>
   <div class='ocr_carea' id='block_1_11' title="bbox 471 1352 2059 1439">
    <p class='ocr_par' dir='ltr' id='par_1_11' title="bbox 471 1352 2059 1439">
     <span class='ocr_line' id='line_1_11' title="bbox 471 1352 2059 1439; baseline -0.01 -16"><span class='ocrx_word' id='word_1_86' title='bbox 471 1362 550 1423; x_wconf 78' lang='lat' dir='ltr'><strong>esi</strong></span> <span class='ocrx_word' id='word_1_87' title='bbox 580 1360 645 1423; x_wconf 71' lang='lat' dir='ltr'><strong>ex</strong></span> <span class='ocrx_word' id='word_1_88' title='bbox 676 1352 785 1422; x_wconf 74' lang='lat' dir='ltr'><strong>Deo</strong></span> <span class='ocrx_word' id='word_1_89' title='bbox 815 1366 832 1439; x_wconf 97' lang='lat'><strong>(</strong></span> <span class='ocrx_word' id='word_1_90' title='bbox 864 1352 1097 1438; x_wconf 68' lang='lat' dir='ltr'><strong>Philipp.</strong></span> <span class='ocrx_word' id='word_1_91' title='bbox 1130 1372 1208 1433; x_wconf 81' lang='grc' dir='ltr'>ιιι,</span> <span class='ocrx_word' id='word_1_92' title='bbox 1240 1354 1315 1437; x_wconf 82' lang='grc'><strong>9)</strong></span> <span class='ocrx_word' id='word_1_93' title='bbox 1345 1382 1355 1417; x_wconf 93' lang='lat'><strong>:</strong></span> <span class='ocrx_word' id='word_1_94' title='bbox 1398 1370 1504 1417; x_wconf 87' lang='lat' dir='ltr'><strong>non</strong></span> <span class='ocrx_word' id='word_1_95' title='bbox 1535 1362 1654 1432; x_wconf 88' lang='lat' dir='ltr'><strong>quia</strong></span> <span class='ocrx_word' id='word_1_96' title='bbox 1685 1360 1767 1413; x_wconf 82' lang='lat' dir='ltr'><strong>lex</strong></span> <span class='ocrx_word' id='word_1_97' title='bbox 1796 1370 1951 1427; x_wconf 89' lang='lat' dir='ltr'><strong>quam</strong></span> <span class='ocrx_word' id='word_1_98' title='bbox 1983 1355 2059 1409; x_wconf 78' lang='lat' dir='ltr'><strong>le-</strong></span> 
     </span>
    </p>
   </div>
   <div class='ocr_carea' id='block_1_12' title="bbox 469 1446 2057 1534">
    <p class='ocr_par' dir='ltr' id='par_1_12' title="bbox 469 1446 2057 1534">
     <span class='ocr_line' id='line_1_12' title="bbox 469 1446 2057 1534; baseline -0.009 -17"><span class='ocrx_word' id='word_1_99' title='bbox 469 1472 599 1534; x_wconf 86' lang='lat' dir='ltr'><strong>gunt</strong></span> <span class='ocrx_word' id='word_1_100' title='bbox 628 1463 826 1517; x_wconf 86' lang='lat' dir='ltr'><strong>inimici</strong></span> <span class='ocrx_word' id='word_1_101' title='bbox 853 1463 988 1533; x_wconf 83' lang='lat' dir='ltr'><strong>ejus,</strong></span> <span class='ocrx_word' id='word_1_102' title='bbox 1023 1477 1125 1515; x_wconf 93' lang='lat' dir='ltr'><strong>non</strong></span> <span class='ocrx_word' id='word_1_103' title='bbox 1155 1470 1237 1515; x_wconf 90' lang='lat' dir='ltr'><strong>est</strong></span> <span class='ocrx_word' id='word_1_104' title='bbox 1260 1476 1325 1514; x_wconf 86' lang='lat' dir='ltr'><strong>ex</strong></span> <span class='ocrx_word' id='word_1_105' title='bbox 1356 1458 1496 1522; x_wconf 88' lang='lat' dir='ltr'><strong>Deo;</strong></span> <span class='ocrx_word' id='word_1_106' title='bbox 1538 1452 1630 1509; x_wconf 80' lang='lat' dir='ltr'><strong>Sed</strong></span> <span class='ocrx_word' id='word_1_107' title='bbox 1661 1453 1780 1523; x_wconf 87' lang='lat' dir='ltr'><strong>quia</strong></span> <span class='ocrx_word' id='word_1_108' title='bbox 1813 1446 1930 1507; x_wconf 80' lang='lat' dir='ltr'><strong>eam</strong></span> <span class='ocrx_word' id='word_1_109' title='bbox 1954 1454 2057 1503; x_wconf 88' lang='lat' dir='ltr'><strong>non</strong></span> 
     </span>
    </p>
   </div>
   <div class='ocr_carea' id='block_1_13' title="bbox 468 1544 2056 1626">
    <p class='ocr_par' dir='ltr' id='par_1_13' title="bbox 468 1544 2056 1626">
     <span class='ocr_line' id='line_1_13' title="bbox 468 1544 2056 1626; baseline -0.01 -15"><span class='ocrx_word' id='word_1_110' title='bbox 468 1557 700 1626; x_wconf 89' lang='lat' dir='ltr'><strong>sapiunt,</strong></span> <span class='ocrx_word' id='word_1_111' title='bbox 736 1557 871 1611; x_wconf 84' lang='lat' dir='ltr'><strong>sicut</strong></span> <span class='ocrx_word' id='word_1_112' title='bbox 896 1555 995 1610; x_wconf 90' lang='lat' dir='ltr'><strong>iste</strong></span> <span class='ocrx_word' id='word_1_113' title='bbox 1023 1555 1113 1625; x_wconf 89' lang='lat' dir='ltr'><strong>qui</strong></span> <span class='ocrx_word' id='word_1_114' title='bbox 1144 1568 1308 1623; x_wconf 87' lang='lat' dir='ltr'><strong>super</strong></span> <span class='ocrx_word' id='word_1_115' title='bbox 1338 1549 1579 1605; x_wconf 88' lang='lat' dir='ltr'><strong>inimicos</strong></span> <span class='ocrx_word' id='word_1_116' title='bbox 1605 1562 1730 1601; x_wconf 89' lang='lat' dir='ltr'><strong>suos</strong></span> <span class='ocrx_word' id='word_1_117' title='bbox 1752 1561 1868 1599; x_wconf 83' lang='lat' dir='ltr'><strong>eam</strong></span> <span class='ocrx_word' id='word_1_118' title='bbox 1897 1544 2056 1612; x_wconf 89' lang='lat' dir='ltr'><strong>sapit,</strong></span> 
     </span>
    </p>
   </div>
   <div class='ocr_carea' id='block_1_14' title="bbox 470 1638 2056 1718">
    <p class='ocr_par' dir='ltr' id='par_1_14' title="bbox 470 1638 2056 1718">
     <span class='ocr_line' id='line_1_14' title="bbox 470 1638 2056 1718; baseline -0.008 -15"><span class='ocrx_word' id='word_1_119' title='bbox 470 1650 792 1705; x_wconf 72' lang='lat' dir='ltr'><strong>coluerendo</strong></span> <span class='ocrx_word' id='word_1_120' title='bbox 816 1648 973 1717; x_wconf 92' lang='lat' dir='ltr'><strong>lapidi</strong></span> <span class='ocrx_word' id='word_1_121' title='bbox 998 1650 1047 1702; x_wconf 93' lang='lat' dir='ltr'><strong>in</strong></span> <span class='ocrx_word' id='word_1_122' title='bbox 1079 1663 1235 1718; x_wconf 91' lang='lat' dir='ltr'><strong>quem</strong></span> <span class='ocrx_word' id='word_1_123' title='bbox 1269 1646 1337 1699; x_wconf 89' lang='lat' dir='ltr'><strong>illi</strong></span> <span class='ocrx_word' id='word_1_124' title='bbox 1362 1643 1715 1699; x_wconf 77' lang='lat' dir='ltr'><strong>offenderunt.</strong></span> <span class='ocrx_word' id='word_1_125' title='bbox 1744 1639 1889 1694; x_wconf 89' lang='lat' dir='ltr'><strong>Finis</strong></span> <span class='ocrx_word' id='word_1_126' title='bbox 1914 1638 2056 1692; x_wconf 84' lang='lat' dir='ltr'><strong>cuitu</strong></span> 
     </span>
    </p>
   </div>
   <div class='ocr_carea' id='block_1_15' title="bbox 468 1722 2051 1813">
    <p class='ocr_par' dir='ltr' id='par_1_15' title="bbox 468 1722 2051 1813">
     <span class='ocr_line' id='line_1_15' title="bbox 468 1722 2051 1813; baseline -0.009 -15"><span class='ocrx_word' id='word_1_127' title='bbox 468 1742 599 1813; x_wconf 85' lang='lat' dir='ltr'><strong>legis</strong></span> <span class='ocrx_word' id='word_1_128' title='bbox 616 1722 877 1806; x_wconf 76' lang='lat' dir='ltr'><strong>Christus,</strong></span> <span class='ocrx_word' id='word_1_129' title='bbox 903 1728 966 1795; x_wconf 85' lang='lat' dir='ltr'><strong>ad</strong></span> <span class='ocrx_word' id='word_1_130' title='bbox 986 1740 1241 1811; x_wconf 80' lang='lat' dir='ltr'><strong>justitiam</strong></span> <span class='ocrx_word' id='word_1_131' title='bbox 1268 1740 1410 1793; x_wconf 91' lang='lat' dir='ltr'><strong>omni</strong></span> <span class='ocrx_word' id='word_1_132' title='bbox 1438 1734 1673 1791; x_wconf 84' lang='lat' dir='ltr'><strong>credenti</strong></span> <span class='ocrx_word' id='word_1_133' title='bbox 1696 1732 1869 1804; x_wconf 86' lang='lat' dir='ltr'><strong>(Rom.</strong></span> <span class='ocrx_word' id='word_1_134' title='bbox 1895 1747 1948 1795; x_wconf 80' lang='grc' dir='ltr'>ιι,</span> <span class='ocrx_word' id='word_1_135' title='bbox 1976 1729 2051 1796; x_wconf 63' lang='grc'><strong>4),</strong></span> 
     </span>
    </p>
   </div>
   <div class='ocr_carea' id='block_1_16' title="bbox 470 1822 2054 1904">
    <p class='ocr_par' dir='ltr' id='par_1_16' title="bbox 470 1822 2054 1904">
     <span class='ocr_line' id='line_1_16' title="bbox 470 1822 2054 1904; baseline -0.009 -15"><span class='ocrx_word' id='word_1_136' title='bbox 470 1832 526 1889; x_wconf 82' lang='lat' dir='ltr'><strong>ui</strong></span> <span class='ocrx_word' id='word_1_137' title='bbox 553 1834 912 1904; x_wconf 76' lang='lat' dir='ltr'><strong>justiliuentur</strong></span> <span class='ocrx_word' id='word_1_138' title='bbox 940 1830 1103 1904; x_wconf 86' lang='lat' dir='ltr'><strong>gratis</strong></span> <span class='ocrx_word' id='word_1_139' title='bbox 1131 1848 1224 1903; x_wconf 90' lang='lat' dir='ltr'><strong>per</strong></span> <span class='ocrx_word' id='word_1_140' title='bbox 1249 1831 1471 1901; x_wconf 80' lang='lat' dir='ltr'><strong>gratiam</strong></span> <span class='ocrx_word' id='word_1_141' title='bbox 1503 1828 1665 1897; x_wconf 85' lang='lat' dir='ltr'><strong>ipsius</strong></span> <span class='ocrx_word' id='word_1_142' title='bbox 1689 1824 1796 1898; x_wconf 83' lang='lat' dir='ltr'><strong>(Id.</strong></span> <span class='ocrx_word' id='word_1_143' title='bbox 1825 1832 1899 1888; x_wconf 90' lang='lat' dir='ltr'><strong>in,</strong></span> <span class='ocrx_word' id='word_1_144' title='bbox 1925 1822 2014 1891; x_wconf 66' lang='lat' dir='ltr'><strong>2ft)</strong></span> <span class='ocrx_word' id='word_1_145' title='bbox 2041 1837 2054 1873; x_wconf 91' lang='lat'><strong>:</strong></span> 
     </span>
    </p>
   </div>
   <div class='ocr_carea' id='block_1_17' title="bbox 467 1914 2058 1995">
    <p class='ocr_par' dir='ltr' id='par_1_17' title="bbox 467 1914 2058 1995">
     <span class='ocr_line' id='line_1_17' title="bbox 467 1914 2058 1995; baseline -0.009 -15"><span class='ocrx_word' id='word_1_146' title='bbox 467 1941 571 1980; x_wconf 86' lang='lat' dir='ltr'><strong>non</strong></span> <span class='ocrx_word' id='word_1_147' title='bbox 601 1926 733 1980; x_wconf 87' lang='lat' dir='ltr'><strong>sicut</strong></span> <span class='ocrx_word' id='word_1_148' title='bbox 766 1923 840 1979; x_wconf 89' lang='lat' dir='ltr'><strong>illi</strong></span> <span class='ocrx_word' id='word_1_149' title='bbox 866 1924 953 1995; x_wconf 93' lang='lat' dir='ltr'><strong>qui</strong></span> <span class='ocrx_word' id='word_1_150' title='bbox 985 1922 1184 1979; x_wconf 77' lang='lat' dir='ltr'><strong>viribds</strong></span> <span class='ocrx_word' id='word_1_151' title='bbox 1223 1922 1334 1976; x_wconf 84' lang='lat' dir='ltr'><strong>suis</strong></span> <span class='ocrx_word' id='word_1_152' title='bbox 1379 1936 1436 1975; x_wconf 86' lang='lat' dir='ltr'><strong>se</strong></span> <span class='ocrx_word' id='word_1_153' title='bbox 1472 1921 1641 1989; x_wconf 84' lang='lat' dir='ltr'><strong>legem</strong></span> <span class='ocrx_word' id='word_1_154' title='bbox 1672 1916 1843 1970; x_wconf 82' lang='lat' dir='ltr'><strong>facere</strong></span> <span class='ocrx_word' id='word_1_155' title='bbox 1873 1914 2058 1969; x_wconf 87' lang='lat' dir='ltr'><strong>existi-</strong></span> 
     </span>
    </p>
   </div>
   <div class='ocr_carea' id='block_1_18' title="bbox 468 1998 2057 2091">
    <p class='ocr_par' dir='ltr' id='par_1_18' title="bbox 468 1998 2057 2091">
     <span class='ocr_line' id='line_1_18' title="bbox 468 1998 2057 2091; baseline -0.008 -14"><span class='ocrx_word' id='word_1_156' title='bbox 468 2031 617 2077; x_wconf 80' lang='lat' dir='ltr'><strong>mant</strong></span> <span class='ocrx_word' id='word_1_157' title='bbox 641 2065 653 2088; x_wconf 96' lang='lat'><strong>,</strong></span> <span class='ocrx_word' id='word_1_158' title='bbox 686 2031 739 2076; x_wconf 90' lang='lat' dir='ltr'><strong>et</strong></span> <span class='ocrx_word' id='word_1_159' title='bbox 767 2019 883 2077; x_wconf 86' lang='lat' dir='ltr'><strong>ideo</strong></span> <span class='ocrx_word' id='word_1_160' title='bbox 915 2022 929 2053; x_wconf 86' lang='grc'>¹</span> <span class='ocrx_word' id='word_1_161' title='bbox 964 2037 1025 2076; x_wconf 84' lang='lat' dir='ltr'><strong>ex</strong></span> <span class='ocrx_word' id='word_1_162' title='bbox 1059 2016 1174 2091; x_wconf 87' lang='lat' dir='ltr'><strong>lege</strong></span> <span class='ocrx_word' id='word_1_163' title='bbox 1204 2016 1418 2090; x_wconf 85' lang='lat' dir='ltr'><strong>quidem</strong></span> <span class='ocrx_word' id='word_1_164' title='bbox 1451 1998 1545 2071; x_wconf 86' lang='lat' dir='ltr'><strong>Dei</strong></span> <span class='ocrx_word' id='word_1_165' title='bbox 1572 2059 1584 2079; x_wconf 82' lang='lat'><strong>,</strong></span> <span class='ocrx_word' id='word_1_166' title='bbox 1609 2015 1699 2069; x_wconf 91' lang='lat' dir='ltr'><strong>sed</strong></span> <span class='ocrx_word' id='word_1_167' title='bbox 1733 2011 2057 2083; x_wconf 86' lang='lat' dir='ltr'><strong>suamjusti-</strong></span> 
     </span>
    </p>
   </div>
   <div class='ocr_carea' id='block_1_19' title="bbox 466 2108 2057 2185">
    <p class='ocr_par' dir='ltr' id='par_1_19' title="bbox 466 2108 2057 2185">
     <span class='ocr_line' id='line_1_19' title="bbox 466 2108 2057 2185; baseline -0.008 -15"><span class='ocrx_word' id='word_1_168' title='bbox 466 2115 593 2171; x_wconf 85' lang='lat' dir='ltr'><strong>tiam</strong></span> <span class='ocrx_word' id='word_1_169' title='bbox 639 2117 963 2170; x_wconf 89' lang='lat' dir='ltr'><strong>constituere</strong></span> <span class='ocrx_word' id='word_1_170' title='bbox 1003 2122 1284 2185; x_wconf 68' lang='lat' dir='ltr'><strong>qumrunt;</strong></span> <span class='ocrx_word' id='word_1_171' title='bbox 1332 2109 1425 2166; x_wconf 85' lang='lat' dir='ltr'><strong>sed</strong></span> <span class='ocrx_word' id='word_1_172' title='bbox 1456 2108 1721 2180; x_wconf 88' lang='lat' dir='ltr'><strong>quomodo</strong></span> <span class='ocrx_word' id='word_1_173' title='bbox 1763 2108 1900 2161; x_wconf 85' lang='lat' dir='ltr'><strong>ﬁlius</strong></span> <span class='ocrx_word' id='word_1_174' title='bbox 1933 2121 2057 2176; x_wconf 83' lang='lat' dir='ltr'><strong>pro-</strong></span> 
     </span>
    </p>
   </div>
   <div class='ocr_carea' id='block_1_20' title="bbox 466 2195 2055 2279">
    <p class='ocr_par' dir='ltr' id='par_1_20' title="bbox 466 2195 2055 2279">
     <span class='ocr_line' id='line_1_20' title="bbox 466 2195 2055 2279; baseline -0.008 -16"><span class='ocrx_word' id='word_1_175' title='bbox 466 2208 754 2275; x_wconf 84' lang='lat' dir='ltr'><strong>missionis,</strong></span> <span class='ocrx_word' id='word_1_176' title='bbox 785 2207 872 2279; x_wconf 88' lang='lat' dir='ltr'><strong>qui</strong></span> <span class='ocrx_word' id='word_1_177' title='bbox 902 2206 1143 2261; x_wconf 86' lang='lat' dir='ltr'><strong>esuriens</strong></span> <span class='ocrx_word' id='word_1_178' title='bbox 1169 2212 1223 2260; x_wconf 85' lang='lat' dir='ltr'><strong>ct</strong></span> <span class='ocrx_word' id='word_1_179' title='bbox 1254 2204 1438 2258; x_wconf 88' lang='lat' dir='ltr'><strong>sitiens</strong></span> <span class='ocrx_word' id='word_1_180' title='bbox 1468 2217 1586 2256; x_wconf 89' lang='lat' dir='ltr'><strong>eam</strong></span> <span class='ocrx_word' id='word_1_181' title='bbox 1620 2196 1841 2273; x_wconf 83' lang='lat' dir='ltr'><strong>(Matth.</strong></span> <span class='ocrx_word' id='word_1_182' title='bbox 1873 2214 1924 2263; x_wconf 92' lang='lat' dir='ltr'><strong>v,</strong></span> <span class='ocrx_word' id='word_1_183' title='bbox 1954 2196 1985 2251; x_wconf 87' lang='lat'><strong>6</strong></span> <span class='ocrx_word' id='word_1_184' title='bbox 2011 2195 2055 2267; x_wconf 95' lang='lat'><strong>),</strong></span> 
     </span>
    </p>
   </div>
   <div class='ocr_carea' id='block_1_21' title="bbox 467 2290 2057 2372">
    <p class='ocr_par' dir='ltr' id='par_1_21' title="bbox 467 2290 2057 2372">
     <span class='ocr_line' id='line_1_21' title="bbox 467 2290 2057 2372; baseline -0.008 -15"><span class='ocrx_word' id='word_1_185' title='bbox 467 2301 696 2372; x_wconf 88' lang='lat' dir='ltr'><strong>petendo</strong></span> <span class='ocrx_word' id='word_1_186' title='bbox 728 2342 743 2366; x_wconf 95' lang='lat'><strong>,</strong></span> <span class='ocrx_word' id='word_1_187' title='bbox 773 2298 1060 2370; x_wconf 76' lang='lat' dir='ltr'><strong>quzercndo</strong></span> <span class='ocrx_word' id='word_1_188' title='bbox 1085 2342 1099 2367; x_wconf 93' lang='lat'><strong>,</strong></span> <span class='ocrx_word' id='word_1_189' title='bbox 1133 2296 1390 2368; x_wconf 86' lang='lat' dir='ltr'><strong>pulsando</strong></span> <span class='ocrx_word' id='word_1_190' title='bbox 1420 2292 1814 2365; x_wconf 86' lang='lat' dir='ltr'><strong>quodammodo</strong></span> <span class='ocrx_word' id='word_1_191' title='bbox 1841 2308 1870 2346; x_wconf 90' lang='lat' dir='ltr'><strong>a</strong></span> <span class='ocrx_word' id='word_1_192' title='bbox 1899 2290 2057 2345; x_wconf 83' lang='lat' dir='ltr'><strong>Patre</strong></span> 
     </span>
    </p>
   </div>
   <div class='ocr_carea' id='block_1_22' title="bbox 466 2380 2057 2465">
    <p class='ocr_par' dir='ltr' id='par_1_22' title="bbox 466 2380 2057 2465">
     <span class='ocr_line' id='line_1_22' title="bbox 466 2380 2057 2465; baseline -0.008 -16"><span class='ocrx_word' id='word_1_193' title='bbox 466 2380 734 2449; x_wconf 84' lang='lat' dir='ltr'><strong>mendicat</strong></span> <span class='ocrx_word' id='word_1_194' title='bbox 765 2390 785 2465; x_wconf 94' lang='lat'><strong>(</strong></span> <span class='ocrx_word' id='word_1_195' title='bbox 814 2391 901 2446; x_wconf 88' lang='lat' dir='ltr'><strong>Id.</strong></span> <span class='ocrx_word' id='word_1_196' title='bbox 935 2408 1029 2458; x_wconf 87' lang='lat' dir='ltr'><strong>vn,</strong></span> <span class='ocrx_word' id='word_1_197' title='bbox 1060 2392 1089 2444; x_wconf 84' lang='lat'><strong>7</strong></span> <span class='ocrx_word' id='word_1_198' title='bbox 1116 2390 1160 2461; x_wconf 94' lang='lat'><strong>),</strong></span> <span class='ocrx_word' id='word_1_199' title='bbox 1197 2400 1252 2445; x_wconf 90' lang='lat' dir='ltr'><strong>ut</strong></span> <span class='ocrx_word' id='word_1_200' title='bbox 1287 2390 1567 2458; x_wconf 84' lang='lat' dir='ltr'><strong>adoptatus</strong></span> <span class='ocrx_word' id='word_1_201' title='bbox 1594 2403 1687 2457; x_wconf 89' lang='lat' dir='ltr'><strong>per</strong></span> <span class='ocrx_word' id='word_1_202' title='bbox 1717 2384 2057 2456; x_wconf 85' lang='lat' dir='ltr'><strong>Unigenittnn</strong></span> 
     </span>
    </p>
   </div>
   <div class='ocr_carea' id='block_1_23' title="bbox 465 2468 2053 2556">
    <p class='ocr_par' dir='ltr' id='par_1_23' title="bbox 465 2468 2053 2556">
     <span class='ocr_line' id='line_1_23' title="bbox 465 2468 2053 2556; baseline -0.009 -15"><span class='ocrx_word' id='word_1_203' title='bbox 465 2486 708 2556; x_wconf 86' lang='lat' dir='ltr'><strong>accipiat.</strong></span> <span class='ocrx_word' id='word_1_204' title='bbox 739 2468 825 2545; x_wconf 80' lang='lat' dir='ltr'><strong>Sic</strong></span> <span class='ocrx_word' id='word_1_205' title='bbox 855 2497 1027 2540; x_wconf 86' lang='lat' dir='ltr'><strong>autem</strong></span> <span class='ocrx_word' id='word_1_206' title='bbox 1058 2483 1363 2537; x_wconf 86' lang='lat' dir='ltr'><strong>mandatum</strong></span> <span class='ocrx_word' id='word_1_207' title='bbox 1406 2470 1497 2533; x_wconf 85' lang='lat' dir='ltr'><strong>Dei</strong></span> <span class='ocrx_word' id='word_1_208' title='bbox 1528 2476 1739 2549; x_wconf 88' lang='lat' dir='ltr'><strong>quando</strong></span> <span class='ocrx_word' id='word_1_209' title='bbox 1771 2476 2053 2545; x_wconf 87' lang='lat' dir='ltr'><strong>sapuisset,</strong></span> 
     </span>
    </p>
   </div>
   <div class='ocr_carea' id='block_1_24' title="bbox 464 2558 2058 2650">
    <p class='ocr_par' dir='ltr' id='par_1_24' title="bbox 464 2558 2058 2650">
     <span class='ocr_line' id='line_1_24' title="bbox 464 2558 2058 2650; baseline -0.009 -15"><span class='ocrx_word' id='word_1_210' title='bbox 464 2570 566 2635; x_wconf 89' lang='lat' dir='ltr'><strong>nisi</strong></span> <span class='ocrx_word' id='word_1_211' title='bbox 595 2596 714 2634; x_wconf 90' lang='lat' dir='ltr'><strong>eum</strong></span> <span class='ocrx_word' id='word_1_212' title='bbox 744 2580 854 2650; x_wconf 90' lang='lat' dir='ltr'><strong>ipse</strong></span> <span class='ocrx_word' id='word_1_213' title='bbox 875 2580 952 2634; x_wconf 91' lang='lat' dir='ltr'><strong>sic</strong></span> <span class='ocrx_word' id='word_1_214' title='bbox 981 2595 1167 2648; x_wconf 89' lang='lat' dir='ltr'><strong>sapere</strong></span> <span class='ocrx_word' id='word_1_215' title='bbox 1198 2578 1410 2632; x_wconf 82' lang='lat' dir='ltr'><strong>fecisset</strong></span> <span class='ocrx_word' id='word_1_216' title='bbox 1438 2574 1521 2629; x_wconf 90' lang='lat' dir='ltr'><strong>cui</strong></span> <span class='ocrx_word' id='word_1_217' title='bbox 1548 2574 1675 2628; x_wconf 91' lang='lat' dir='ltr'><strong>dicit</strong></span> <span class='ocrx_word' id='word_1_218' title='bbox 1718 2590 1729 2626; x_wconf 91' lang='lat'><strong>:</strong></span> <span class='ocrx_word' id='word_1_219' title='bbox 1762 2558 1930 2641; x_wconf 83' lang='lat' dir='ltr'><strong>Super</strong></span> <span class='ocrx_word' id='word_1_220' title='bbox 1959 2566 2058 2621; x_wconf 86' lang='lat' dir='ltr'><strong>ini-</strong></span> 
     </span>
    </p>
   </div>
   <div class='ocr_carea' id='block_1_25' title="bbox 466 2659 2057 2743">
    <p class='ocr_par' dir='ltr' id='par_1_25' title="bbox 466 2659 2057 2743">
     <span class='ocr_line' id='line_1_25' title="bbox 466 2659 2057 2743; baseline -0.007 -15"><span class='ocrx_word' id='word_1_221' title='bbox 466 2676 622 2729; x_wconf 84' lang='lat' dir='ltr'><strong>micos</strong></span> <span class='ocrx_word' id='word_1_222' title='bbox 650 2692 785 2729; x_wconf 84' lang='lat' dir='ltr'><strong>meos</strong></span> <span class='ocrx_word' id='word_1_223' title='bbox 806 2691 982 2743; x_wconf 78' lang='lat' dir='ltr'><strong>sapere</strong></span> <span class='ocrx_word' id='word_1_224' title='bbox 1012 2674 1173 2737; x_wconf 77' lang='lat' dir='ltr'><strong>fecisti</strong></span> <span class='ocrx_word' id='word_1_225' title='bbox 1197 2689 1275 2725; x_wconf 88' lang='lat' dir='ltr'><strong>me</strong></span> <span class='ocrx_word' id='word_1_226' title='bbox 1314 2670 1607 2724; x_wconf 83' lang='lat' dir='ltr'><strong>mandatum</strong></span> <span class='ocrx_word' id='word_1_227' title='bbox 1637 2677 1775 2720; x_wconf 84' lang='lat' dir='ltr'><strong>tuum</strong></span> <span class='ocrx_word' id='word_1_228' title='bbox 1800 2666 1823 2718; x_wconf 89' lang='lat'><strong><em>?</em></strong></span> <span class='ocrx_word' id='word_1_229' title='bbox 1852 2659 2057 2718; x_wconf 89' lang='lat' dir='ltr'><strong>Inimici</strong></span> 
     </span>
    </p>
   </div>
   <div class='ocr_carea' id='block_1_26' title="bbox 464 2761 2054 2839">
    <p class='ocr_par' dir='ltr' id='par_1_26' title="bbox 464 2761 2054 2839">
     <span class='ocr_line' id='line_1_26' title="bbox 464 2761 2054 2839; baseline -0.008 -18"><span class='ocrx_word' id='word_1_230' title='bbox 464 2767 661 2839; x_wconf 87' lang='lat' dir='ltr'><strong>quippe</strong></span> <span class='ocrx_word' id='word_1_231' title='bbox 690 2767 806 2837; x_wconf 89' lang='lat' dir='ltr'><strong>ejus</strong></span> <span class='ocrx_word' id='word_1_232' title='bbox 837 2767 951 2832; x_wconf 89' lang='lat' dir='ltr'><strong>illi,</strong></span> <span class='ocrx_word' id='word_1_233' title='bbox 984 2766 1126 2819; x_wconf 87' lang='lat' dir='ltr'><strong>velut</strong></span> <span class='ocrx_word' id='word_1_234' title='bbox 1169 2781 1235 2819; x_wconf 87' lang='lat' dir='ltr'><strong>ex</strong></span> <span class='ocrx_word' id='word_1_235' title='bbox 1265 2765 1424 2833; x_wconf 85' lang='lat' dir='ltr'><strong>Agar,</strong></span> <span class='ocrx_word' id='word_1_236' title='bbox 1474 2764 1523 2815; x_wconf 92' lang='lat' dir='ltr'><strong>in</strong></span> <span class='ocrx_word' id='word_1_237' title='bbox 1554 2761 1861 2815; x_wconf 83' lang='lat' dir='ltr'><strong>servitutem</strong></span> <span class='ocrx_word' id='word_1_238' title='bbox 1893 2771 2054 2826; x_wconf 86' lang='lat' dir='ltr'><strong>gene-</strong></span> 
     </span>
    </p>
   </div>
   <div class='ocr_carea' id='block_1_27' title="bbox 469 2847 2053 2931">
    <p class='ocr_par' dir='ltr' id='par_1_27' title="bbox 469 2847 2053 2931">
     <span class='ocr_line' id='line_1_27' title="bbox 469 2847 2053 2931; baseline -0.009 -17"><span class='ocrx_word' id='word_1_239' title='bbox 469 2859 571 2914; x_wconf 83' lang='lat' dir='ltr'><strong>rati</strong></span> <span class='ocrx_word' id='word_1_240' title='bbox 601 2857 812 2931; x_wconf 83' lang='lat' dir='ltr'><strong>(Galat.</strong></span> <span class='ocrx_word' id='word_1_241' title='bbox 857 2874 907 2912; x_wconf 86' lang='lat' dir='ltr'><strong>tv</strong></span> <span class='ocrx_word' id='word_1_242' title='bbox 928 2898 942 2923; x_wconf 93' lang='lat'><strong>,</strong></span> <span class='ocrx_word' id='word_1_243' title='bbox 966 2856 1036 2911; x_wconf 71' lang='grc'><strong>24</strong></span> <span class='ocrx_word' id='word_1_244' title='bbox 1066 2855 1084 2929; x_wconf 97' lang='grc'>)</span> <span class='ocrx_word' id='word_1_245' title='bbox 1112 2898 1125 2920; x_wconf 93' lang='grc'><strong><em>,</em></strong></span> <span class='ocrx_word' id='word_1_246' title='bbox 1158 2872 1222 2911; x_wconf 84' lang='lat' dir='ltr'><strong>ex</strong></span> <span class='ocrx_word' id='word_1_247' title='bbox 1249 2854 1436 2909; x_wconf 88' lang='lat' dir='ltr'><strong>eodem</strong></span> <span class='ocrx_word' id='word_1_248' title='bbox 1470 2851 1716 2905; x_wconf 88' lang='lat' dir='ltr'><strong>mandato</strong></span> <span class='ocrx_word' id='word_1_249' title='bbox 1742 2847 2053 2917; x_wconf 84' lang='lat' dir='ltr'><strong>temporalia</strong></span> 
     </span>
    </p>
   </div>
   <div class='ocr_carea' id='block_1_28' title="bbox 463 2944 2053 3023">
    <p class='ocr_par' dir='ltr' id='par_1_28' title="bbox 463 2944 2053 3023">
     <span class='ocr_line' id='line_1_28' title="bbox 463 2944 2053 3023; baseline -0.009 -18"><span class='ocrx_word' id='word_1_250' title='bbox 463 2951 681 3022; x_wconf 69' lang='lat' dir='ltr'><strong>praemia</strong></span> <span class='ocrx_word' id='word_1_251' title='bbox 714 2950 1070 3023; x_wconf 80' lang='lat' dir='ltr'><strong>quaesierunt;</strong></span> <span class='ocrx_word' id='word_1_252' title='bbox 1097 2959 1143 3001; x_wconf 88' lang='lat' dir='ltr'><strong>et</strong></span> <span class='ocrx_word' id='word_1_253' title='bbox 1174 2948 1294 3001; x_wconf 88' lang='lat' dir='ltr'><strong>ideo</strong></span> <span class='ocrx_word' id='word_1_254' title='bbox 1318 2963 1421 3000; x_wconf 90' lang='lat' dir='ltr'><strong>non</strong></span> <span class='ocrx_word' id='word_1_255' title='bbox 1446 2945 1539 2998; x_wconf 84' lang='lat' dir='ltr'><strong>fuit</strong></span> <span class='ocrx_word' id='word_1_256' title='bbox 1562 2944 1664 2997; x_wconf 89' lang='lat' dir='ltr'><strong>illis</strong></span> <span class='ocrx_word' id='word_1_257' title='bbox 1691 2944 1741 2996; x_wconf 92' lang='lat' dir='ltr'><strong>in</strong></span> <span class='ocrx_word' id='word_1_258' title='bbox 1772 2950 2053 3006; x_wconf 65' lang='lat' dir='ltr'><strong>internum,</strong></span> 
     </span>
    </p>
   </div>
   <div class='ocr_carea' id='block_1_29' title="bbox 464 3036 2058 3112">
    <p class='ocr_par' dir='ltr' id='par_1_29' title="bbox 464 3036 2058 3112">
     <span class='ocr_line' id='line_1_29' title="bbox 464 3036 2058 3112; baseline -0.009 -11"><span class='ocrx_word' id='word_1_259' title='bbox 464 3046 604 3101; x_wconf 86' lang='lat' dir='ltr'><strong>sicut</strong></span> <span class='ocrx_word' id='word_1_260' title='bbox 633 3054 716 3100; x_wconf 90' lang='lat' dir='ltr'><strong>est</strong></span> <span class='ocrx_word' id='word_1_261' title='bbox 745 3044 884 3100; x_wconf 87' lang='lat' dir='ltr'><strong>huic.</strong></span> <span class='ocrx_word' id='word_1_262' title='bbox 918 3043 1106 3097; x_wconf 84' lang='lat' dir='ltr'><strong>Melius</strong></span> <span class='ocrx_word' id='word_1_263' title='bbox 1135 3042 1329 3112; x_wconf 89' lang='lat' dir='ltr'><strong>quippe</strong></span> <span class='ocrx_word' id='word_1_264' title='bbox 1361 3040 1735 3095; x_wconf 84' lang='lat' dir='ltr'><strong>intellexerunt</strong></span> <span class='ocrx_word' id='word_1_265' title='bbox 1760 3036 1847 3106; x_wconf 90' lang='lat' dir='ltr'><strong>qui</strong></span> <span class='ocrx_word' id='word_1_266' title='bbox 1893 3036 2058 3089; x_wconf 88' lang='lat' dir='ltr'><strong>inter-</strong></span> 
     </span>
    </p>
   </div>
   <div class='ocr_carea' id='block_1_30' title="bbox 464 3130 2059 3208">
    <p class='ocr_par' dir='ltr' id='par_1_30' title="bbox 464 3130 2059 3208">
     <span class='ocr_line' id='line_1_30' title="bbox 464 3130 2059 3208; baseline -0.009 -14"><span class='ocrx_word' id='word_1_267' title='bbox 464 3139 655 3208; x_wconf 84' lang='lat' dir='ltr'><strong>pretati</strong></span> <span class='ocrx_word' id='word_1_268' title='bbox 687 3146 809 3191; x_wconf 90' lang='lat' dir='ltr'><strong>sunt</strong></span> <span class='ocrx_word' id='word_1_269' title='bbox 833 3137 886 3189; x_wconf 87' lang='lat' dir='ltr'><strong>in</strong></span> <span class='ocrx_word' id='word_1_270' title='bbox 915 3147 1158 3189; x_wconf 74' lang='lat' dir='ltr'><strong>(uernum</strong></span> <span class='ocrx_word' id='word_1_271' title='bbox 1184 3177 1198 3201; x_wconf 89' lang='lat'><strong>,</strong></span> <span class='ocrx_word' id='word_1_272' title='bbox 1237 3149 1392 3203; x_wconf 88' lang='lat' dir='ltr'><strong>quam</strong></span> <span class='ocrx_word' id='word_1_273' title='bbox 1421 3133 1507 3202; x_wconf 89' lang='lat' dir='ltr'><strong>qui</strong></span> <span class='ocrx_word' id='word_1_274' title='bbox 1553 3133 1606 3184; x_wconf 86' lang='lat' dir='ltr'><strong>in</strong></span> <span class='ocrx_word' id='word_1_275' title='bbox 1631 3130 1873 3184; x_wconf 70' lang='lat' dir='ltr'><strong>saxulum</strong></span> <span class='ocrx_word' id='word_1_276' title='bbox 1896 3168 1910 3193; x_wconf 93' lang='lat'><strong>,</strong></span> <span class='ocrx_word' id='word_1_277' title='bbox 1941 3136 2059 3180; x_wconf 82' lang='lat' dir='ltr'><strong>tan-</strong></span> 
     </span>
    </p>
   </div>
   <div class='ocr_carea' id='block_1_31' title="bbox 465 3224 2057 3301">
    <p class='ocr_par' dir='ltr' id='par_1_31' title="bbox 465 3224 2057 3301">
     <span class='ocr_line' id='line_1_31' title="bbox 465 3224 2057 3301; baseline -0.008 -15"><span class='ocrx_word' id='word_1_278' title='bbox 465 3246 627 3301; x_wconf 88' lang='lat' dir='ltr'><strong>quam</strong></span> <span class='ocrx_word' id='word_1_279' title='bbox 658 3232 804 3285; x_wconf 85' lang='lat' dir='ltr'><strong>tinito</strong></span> <span class='ocrx_word' id='word_1_280' title='bbox 830 3232 930 3285; x_wconf 85' lang='lat' dir='ltr'><strong>isto</strong></span> <span class='ocrx_word' id='word_1_281' title='bbox 962 3230 1156 3285; x_wconf 71' lang='lat' dir='ltr'><strong>saeculo</strong></span> <span class='ocrx_word' id='word_1_282' title='bbox 1185 3228 1388 3283; x_wconf 85' lang='lat' dir='ltr'><strong>nullum</strong></span> <span class='ocrx_word' id='word_1_283' title='bbox 1427 3226 1535 3295; x_wconf 87' lang='lat' dir='ltr'><strong>jam</strong></span> <span class='ocrx_word' id='word_1_284' title='bbox 1568 3224 1698 3294; x_wconf 82' lang='lat' dir='ltr'><strong>legis</strong></span> <span class='ocrx_word' id='word_1_285' title='bbox 1734 3231 1910 3293; x_wconf 84' lang='lat' dir='ltr'><strong>posset</strong></span> <span class='ocrx_word' id='word_1_286' title='bbox 1939 3235 2057 3275; x_wconf 90' lang='lat' dir='ltr'><strong>esse</strong></span> 
     </span>
    </p>
   </div>
   <div class='ocr_carea' id='block_1_32' title="bbox 466 3314 2058 3387">
    <p class='ocr_par' dir='ltr' id='par_1_32' title="bbox 466 3314 2058 3387">
     <span class='ocr_line' id='line_1_32' title="bbox 466 3314 2058 3387; baseline -0.008 -7"><span class='ocrx_word' id='word_1_287' title='bbox 466 3326 795 3381; x_wconf 74' lang='lat' dir='ltr'><strong>mandatum.</strong></span> <span class='ocrx_word' id='word_1_288' title='bbox 831 3325 900 3379; x_wconf 90' lang='lat' dir='ltr'><strong>Ita</strong></span> <span class='ocrx_word' id='word_1_289' title='bbox 932 3340 1056 3379; x_wconf 86' lang='lat' dir='ltr'><strong>vero</strong></span> <span class='ocrx_word' id='word_1_290' title='bbox 1096 3323 1299 3378; x_wconf 90' lang='lat' dir='ltr'><strong>nullum</strong></span> <span class='ocrx_word' id='word_1_291' title='bbox 1343 3321 1474 3387; x_wconf 86' lang='lat' dir='ltr'><strong>erit,</strong></span> <span class='ocrx_word' id='word_1_292' title='bbox 1500 3319 1594 3375; x_wconf 89' lang='lat' dir='ltr'><strong>sed</strong></span> <span class='ocrx_word' id='word_1_293' title='bbox 1620 3320 1670 3371; x_wconf 93' lang='lat' dir='ltr'><strong>in</strong></span> <span class='ocrx_word' id='word_1_294' title='bbox 1698 3316 1891 3373; x_wconf 90' lang='lat' dir='ltr'><strong>tabulis</strong></span> <span class='ocrx_word' id='word_1_295' title='bbox 1932 3314 2058 3368; x_wconf 87' lang='lat' dir='ltr'><strong>visi—</strong></span> 
     </span>
    </p>
   </div>
   <div class='ocr_carea' id='block_1_33' title="bbox 467 3406 2055 3486">
    <p class='ocr_par' dir='ltr' id='par_1_33' title="bbox 467 3406 2055 3486">
     <span class='ocr_line' id='line_1_33' title="bbox 467 3406 2055 3486; baseline -0.008 -15"><span class='ocrx_word' id='word_1_296' title='bbox 467 3416 662 3471; x_wconf 86' lang='lat' dir='ltr'><strong>bilibus</strong></span> <span class='ocrx_word' id='word_1_297' title='bbox 692 3418 944 3486; x_wconf 87' lang='lat' dir='ltr'><strong>librisque</strong></span> <span class='ocrx_word' id='word_1_298' title='bbox 971 3415 1330 3483; x_wconf 83' lang='lat' dir='ltr'><strong>conscriptum</strong></span> <span class='ocrx_word' id='word_1_299' title='bbox 1362 3429 1375 3465; x_wconf 87' lang='lat'><strong>:</strong></span> <span class='ocrx_word' id='word_1_300' title='bbox 1407 3412 1457 3465; x_wconf 90' lang='lat' dir='ltr'><strong>in</strong></span> <span class='ocrx_word' id='word_1_301' title='bbox 1491 3410 1682 3464; x_wconf 85' lang='lat' dir='ltr'><strong>tabulis</strong></span> <span class='ocrx_word' id='word_1_302' title='bbox 1708 3423 1835 3463; x_wconf 90' lang='lat' dir='ltr'><strong>vero</strong></span> <span class='ocrx_word' id='word_1_303' title='bbox 1858 3406 2055 3472; x_wconf 90' lang='lat' dir='ltr'><strong>cordis,</strong></span> 
     </span>
    </p>
   </div>
   <div class='ocr_carea' id='block_1_34' title="bbox 466 3501 2059 3578">
    <p class='ocr_par' dir='ltr' id='par_1_34' title="bbox 466 3501 2059 3578">
     <span class='ocr_line' id='line_1_34' title="bbox 466 3501 2059 3578; baseline -0.009 -12"><span class='ocrx_word' id='word_1_304' title='bbox 466 3511 683 3566; x_wconf 85' lang='lat' dir='ltr'><strong>dilectio</strong></span> <span class='ocrx_word' id='word_1_305' title='bbox 712 3511 805 3565; x_wconf 87' lang='lat' dir='ltr'><strong>Dei</strong></span> <span class='ocrx_word' id='word_1_306' title='bbox 850 3519 905 3564; x_wconf 90' lang='lat' dir='ltr'><strong>et</strong></span> <span class='ocrx_word' id='word_1_307' title='bbox 932 3508 1155 3578; x_wconf 77' lang='lat' dir='ltr'><strong>proximi</strong></span> <span class='ocrx_word' id='word_1_308' title='bbox 1186 3506 1422 3560; x_wconf 90' lang='lat' dir='ltr'><strong>manebit</strong></span> <span class='ocrx_word' id='word_1_309' title='bbox 1460 3505 1511 3558; x_wconf 92' lang='lat' dir='ltr'><strong>in</strong></span> <span class='ocrx_word' id='word_1_310' title='bbox 1538 3513 1794 3557; x_wconf 72' lang='lat' dir='ltr'><strong>aeternum</strong></span> <span class='ocrx_word' id='word_1_311' title='bbox 1827 3516 1842 3564; x_wconf 90' lang='lat'><strong>;</strong></span> <span class='ocrx_word' id='word_1_312' title='bbox 1874 3501 1923 3552; x_wconf 93' lang='lat' dir='ltr'><strong>in</strong></span> <span class='ocrx_word' id='word_1_313' title='bbox 1952 3513 2059 3568; x_wconf 93' lang='lat' dir='ltr'><strong>quo</strong></span> 
     </span>
    </p>
   </div>
   <div class='ocr_carea' id='block_1_35' title="bbox 466 3590 2059 3669">
    <p class='ocr_par' dir='ltr' id='par_1_35' title="bbox 466 3590 2059 3669">
     <span class='ocr_line' id='line_1_35' title="bbox 466 3590 2059 3669; baseline -0.008 -14"><span class='ocrx_word' id='word_1_314' title='bbox 466 3600 721 3655; x_wconf 83' lang='lat' dir='ltr'><strong>mandato</strong></span> <span class='ocrx_word' id='word_1_315' title='bbox 787 3600 1052 3669; x_wconf 80' lang='lat' dir='ltr'><strong>geminato</strong></span> <span class='ocrx_word' id='word_1_316' title='bbox 1101 3607 1207 3653; x_wconf 88' lang='lat' dir='ltr'><strong>tota</strong></span> <span class='ocrx_word' id='word_1_317' title='bbox 1267 3598 1376 3651; x_wconf 85' lang='lat' dir='ltr'><strong>Lex</strong></span> <span class='ocrx_word' id='word_1_318' title='bbox 1423 3594 1618 3666; x_wconf 86' lang='lat' dir='ltr'><strong>pendet</strong></span> <span class='ocrx_word' id='word_1_319' title='bbox 1668 3601 1721 3647; x_wconf 89' lang='lat' dir='ltr'><strong>et</strong></span> <span class='ocrx_word' id='word_1_320' title='bbox 1782 3590 2059 3661; x_wconf 70' lang='lat' dir='ltr'><strong>Propheta:</strong></span> 
     </span>
    </p>
   </div>
   <div class='ocr_carea' id='block_1_36' title="bbox 464 3684 2058 3769">
    <p class='ocr_par' dir='ltr' id='par_1_36' title="bbox 464 3684 2058 3769">
     <span class='ocr_line' id='line_1_36' title="bbox 464 3684 2058 3769; baseline -0.008 -20"><span class='ocrx_word' id='word_1_321' title='bbox 464 3694 696 3769; x_wconf 81' lang='lat' dir='ltr'><strong>(Matth.</strong></span> <span class='ocrx_word' id='word_1_322' title='bbox 746 3710 873 3759; x_wconf 78' lang='lat' dir='ltr'><strong>xx&quot;,</strong></span> <span class='ocrx_word' id='word_1_323' title='bbox 907 3691 1108 3764; x_wconf 71' lang='lat'><strong>57-40)</strong></span> <span class='ocrx_word' id='word_1_324' title='bbox 1161 3711 1174 3747; x_wconf 88' lang='lat'><strong>:</strong></span> <span class='ocrx_word' id='word_1_325' title='bbox 1224 3690 1430 3761; x_wconf 87' lang='lat' dir='ltr'><strong>eritque</strong></span> <span class='ocrx_word' id='word_1_326' title='bbox 1481 3687 1755 3758; x_wconf 68' lang='lat' dir='ltr'><strong>praemium</strong></span> <span class='ocrx_word' id='word_1_327' title='bbox 1810 3684 2058 3739; x_wconf 74' lang='lat' dir='ltr'><strong>custoditi</strong></span> 
     </span>
    </p>
   </div>
   <div class='ocr_carea' id='block_1_37' title="bbox 464 3775 2061 3855">
    <p class='ocr_par' dir='ltr' id='par_1_37' title="bbox 464 3775 2061 3855">
     <span class='ocr_line' id='line_1_37' title="bbox 464 3775 2061 3855; baseline -0.008 -14"><span class='ocrx_word' id='word_1_328' title='bbox 464 3785 705 3841; x_wconf 83' lang='lat' dir='ltr'><strong>mandati</strong></span> <span class='ocrx_word' id='word_1_329' title='bbox 736 3786 892 3855; x_wconf 88' lang='lat' dir='ltr'><strong>hujus</strong></span> <span class='ocrx_word' id='word_1_330' title='bbox 922 3786 1035 3855; x_wconf 88' lang='lat' dir='ltr'><strong>ipse</strong></span> <span class='ocrx_word' id='word_1_331' title='bbox 1061 3782 1358 3846; x_wconf 79' lang='lat' dir='ltr'><strong>mandatur,</strong></span> <span class='ocrx_word' id='word_1_332' title='bbox 1383 3789 1436 3835; x_wconf 89' lang='lat' dir='ltr'><strong>et</strong></span> <span class='ocrx_word' id='word_1_333' title='bbox 1462 3779 1737 3849; x_wconf 69' lang='lat' dir='ltr'><strong>prazmium</strong></span> <span class='ocrx_word' id='word_1_334' title='bbox 1759 3775 2061 3829; x_wconf 88' lang='lat' dir='ltr'><strong>dilectionis</strong></span> 
     </span>
    </p>
   </div>
   <div class='ocr_carea' id='block_1_38' title="bbox 462 3869 2059 3950">
    <p class='ocr_par' dir='ltr' id='par_1_38' title="bbox 462 3869 2059 3950">
     <span class='ocr_line' id='line_1_38' title="bbox 462 3869 2059 3950; baseline -0.006 -17"><span class='ocrx_word' id='word_1_335' title='bbox 462 3880 585 3950; x_wconf 77' lang='lat' dir='ltr'><strong>ipse</strong></span> <span class='ocrx_word' id='word_1_336' title='bbox 628 3879 886 3942; x_wconf 88' lang='lat' dir='ltr'><strong>dilectus,</strong></span> <span class='ocrx_word' id='word_1_337' title='bbox 936 3877 1147 3947; x_wconf 77' lang='lat' dir='ltr'><strong>quando</strong></span> <span class='ocrx_word' id='word_1_338' title='bbox 1191 3876 1291 3931; x_wconf 90' lang='lat' dir='ltr'><strong>erit</strong></span> <span class='ocrx_word' id='word_1_339' title='bbox 1334 3875 1477 3931; x_wconf 87' lang='lat' dir='ltr'><strong>Deus</strong></span> <span class='ocrx_word' id='word_1_340' title='bbox 1520 3874 1697 3929; x_wconf 83' lang='lat' dir='ltr'><strong>omnia</strong></span> <span class='ocrx_word' id='word_1_341' title='bbox 1730 3873 1781 3926; x_wconf 91' lang='lat' dir='ltr'><strong>in</strong></span> <span class='ocrx_word' id='word_1_342' title='bbox 1812 3869 2059 3925; x_wconf 90' lang='lat' dir='ltr'><strong>omnibus</strong></span> 
     </span>
    </p>
   </div>
   <div class='ocr_carea' id='block_1_39' title="bbox 468 3968 952 4040">
    <p class='ocr_par' dir='ltr' id='par_1_39' title="bbox 468 3968 952 4040">
     <span class='ocr_line' id='line_1_39' title="bbox 468 3968 952 4040; baseline -0.012 -13"><span class='ocrx_word' id='word_1_343' title='bbox 468 3971 677 4039; x_wconf 84' lang='lat' dir='ltr'><strong>(iCor.</strong></span> <span class='ocrx_word' id='word_1_344' title='bbox 707 3987 795 4038; x_wconf 83' lang='lat' dir='ltr'><strong>xv,</strong></span> <span class='ocrx_word' id='word_1_345' title='bbox 825 3970 894 4025; x_wconf 73' lang='lat' dir='ltr'><strong>ss</strong></span> <span class='ocrx_word' id='word_1_346' title='bbox 913 3968 952 4040; x_wconf 84' lang='lat'><strong>).</strong></span> 
     </span>
    </p>
   </div>
   <div class='ocr_carea' id='block_1_40' title="bbox 541 4057 2058 4137">
    <p class='ocr_par' dir='ltr' id='par_1_40' title="bbox 541 4057 2058 4137">
     <span class='ocr_line' id='line_1_40' title="bbox 541 4057 2058 4137; baseline -0.006 -17"><span class='ocrx_word' id='word_1_347' title='bbox 541 4066 593 4120; x_wconf 78' lang='grc' dir='ltr'><strong>ὅ.</strong></span> <span class='ocrx_word' id='word_1_348' title='bbox 636 4063 810 4137; x_wconf 72' lang='grc' dir='ltr'><strong>[νει-ε.</strong></span> <span class='ocrx_word' id='word_1_349' title='bbox 840 4064 926 4119; x_wconf 84' lang='lat'><strong>99.</strong></span> <span class='ocrx_word' id='word_1_350' title='bbox 954 4062 977 4137; x_wconf 85' lang='lat'><strong>]</strong></span> <span class='ocrx_word' id='word_1_351' title='bbox 1007 4062 1113 4119; x_wconf 90' lang='lat' dir='ltr'><strong>Sed</strong></span> <span class='ocrx_word' id='word_1_352' title='bbox 1163 4061 1291 4133; x_wconf 90' lang='lat' dir='ltr'><strong>quid</strong></span> <span class='ocrx_word' id='word_1_353' title='bbox 1340 4069 1422 4116; x_wconf 91' lang='lat' dir='ltr'><strong>est</strong></span> <span class='ocrx_word' id='word_1_354' title='bbox 1469 4060 1572 4114; x_wconf 88' lang='lat' dir='ltr'><strong>hoc</strong></span> <span class='ocrx_word' id='word_1_355' title='bbox 1614 4058 1754 4130; x_wconf 90' lang='lat' dir='ltr'><strong>quod</strong></span> <span class='ocrx_word' id='word_1_356' title='bbox 1799 4057 2058 4129; x_wconf 88' lang='lat' dir='ltr'><strong>sequitur,</strong></span> 
     </span>
    </p>
   </div>
   <div class='ocr_carea' id='block_1_41' title="bbox 473 4151 2061 4226">
    <p class='ocr_par' dir='ltr' id='par_1_41' title="bbox 473 4151 2061 4226">
     <span class='ocr_line' id='line_1_41' title="bbox 473 4151 2061 4226; baseline -0.006 -12"><span class='ocrx_word' id='word_1_357' title='bbox 473 4158 642 4226; x_wconf 80' lang='lat' dir='ltr'><strong>Super</strong></span> <span class='ocrx_word' id='word_1_358' title='bbox 684 4175 854 4212; x_wconf 85' lang='lat' dir='ltr'><strong>omnes</strong></span> <span class='ocrx_word' id='word_1_359' title='bbox 885 4157 1114 4211; x_wconf 84' lang='lat' dir='ltr'><strong>docentes</strong></span> <span class='ocrx_word' id='word_1_360' title='bbox 1157 4173 1235 4209; x_wconf 88' lang='lat' dir='ltr'><strong>me</strong></span> <span class='ocrx_word' id='word_1_361' title='bbox 1264 4155 1485 4209; x_wconf 71' lang='lat' dir='ltr'><strong>intellexi</strong></span> <span class='ocrx_word' id='word_1_362' title='bbox 1506 4155 1532 4208; x_wconf 86' lang='lat'><strong><em>?</em></strong></span> <span class='ocrx_word' id='word_1_363' title='bbox 1558 4153 1688 4220; x_wconf 83' lang='lat' dir='ltr'><strong>Quis</strong></span> <span class='ocrx_word' id='word_1_364' title='bbox 1717 4161 1799 4208; x_wconf 89' lang='lat' dir='ltr'><strong>est</strong></span> <span class='ocrx_word' id='word_1_365' title='bbox 1829 4152 1928 4207; x_wconf 86' lang='lat' dir='ltr'><strong>iste</strong></span> <span class='ocrx_word' id='word_1_366' title='bbox 1972 4151 2061 4221; x_wconf 91' lang='lat' dir='ltr'><strong>qui</strong></span> 
     </span>
    </p>
   </div>
   <div class='ocr_carea' id='block_1_42' title="bbox 472 4246 2058 4319">
    <p class='ocr_par' dir='ltr' id='par_1_42' title="bbox 472 4246 2058 4319">
     <span class='ocr_line' id='line_1_42' title="bbox 472 4246 2058 4319; baseline -0.004 -15"><span class='ocrx_word' id='word_1_367' title='bbox 472 4265 632 4319; x_wconf 80' lang='lat' dir='ltr'><strong>super</strong></span> <span class='ocrx_word' id='word_1_368' title='bbox 652 4264 838 4304; x_wconf 89' lang='lat' dir='ltr'><strong>omnes</strong></span> <span class='ocrx_word' id='word_1_369' title='bbox 862 4249 1113 4303; x_wconf 85' lang='lat' dir='ltr'><strong>docentes</strong></span> <span class='ocrx_word' id='word_1_370' title='bbox 1141 4265 1197 4302; x_wconf 89' lang='lat' dir='ltr'><strong>se</strong></span> <span class='ocrx_word' id='word_1_371' title='bbox 1228 4246 1531 4303; x_wconf 83' lang='lat' dir='ltr'><strong>intellexit?</strong></span> <span class='ocrx_word' id='word_1_372' title='bbox 1557 4247 1676 4317; x_wconf 91' lang='lat' dir='ltr'><strong>quis</strong></span> <span class='ocrx_word' id='word_1_373' title='bbox 1696 4255 1797 4311; x_wconf 90' lang='lat' dir='ltr'><strong>est,</strong></span> <span class='ocrx_word' id='word_1_374' title='bbox 1824 4246 2058 4315; x_wconf 88' lang='lat' dir='ltr'><strong>inquam,</strong></span> 
     </span>
    </p>
   </div>
   <div class='ocr_carea' id='block_1_43' title="bbox 472 4337 2063 4411">
    <p class='ocr_par' dir='ltr' id='par_1_43' title="bbox 472 4337 2063 4411">
     <span class='ocr_line' id='line_1_43' title="bbox 472 4337 2063 4411; baseline -0.003 -15"><span class='ocrx_word' id='word_1_375' title='bbox 472 4342 563 4411; x_wconf 80' lang='lat' dir='ltr'><strong>qui</strong></span> <span class='ocrx_word' id='word_1_376' title='bbox 589 4356 749 4410; x_wconf 84' lang='lat' dir='ltr'><strong>super</strong></span> <span class='ocrx_word' id='word_1_377' title='bbox 774 4352 961 4396; x_wconf 85' lang='lat' dir='ltr'><strong>omnes</strong></span> <span class='ocrx_word' id='word_1_378' title='bbox 1000 4340 1313 4410; x_wconf 83' lang='lat' dir='ltr'><strong>Prophetas,</strong></span> <span class='ocrx_word' id='word_1_379' title='bbox 1346 4340 1433 4410; x_wconf 91' lang='lat' dir='ltr'><strong>qui</strong></span> <span class='ocrx_word' id='word_1_380' title='bbox 1458 4356 1565 4394; x_wconf 92' lang='lat' dir='ltr'><strong>non</strong></span> <span class='ocrx_word' id='word_1_381' title='bbox 1593 4340 1765 4394; x_wconf 89' lang='lat' dir='ltr'><strong>solum</strong></span> <span class='ocrx_word' id='word_1_382' title='bbox 1797 4337 2063 4408; x_wconf 80' lang='lat' dir='ltr'><strong>loquendo</strong></span> 
     </span>
    </p>
   </div>
   <div class='ocr_carea' id='block_1_44' title="bbox 474 4429 2062 4503">
    <p class='ocr_par' dir='ltr' id='par_1_44' title="bbox 474 4429 2062 4503">
     <span class='ocr_line' id='line_1_44' title="bbox 474 4429 2062 4503; baseline -0.004 -15"><span class='ocrx_word' id='word_1_383' title='bbox 474 4440 569 4488; x_wconf 78' lang='lat' dir='ltr'><strong>etis</strong></span> <span class='ocrx_word' id='word_1_384' title='bbox 595 4434 684 4503; x_wconf 82' lang='lat' dir='ltr'><strong>qui</strong></span> <span class='ocrx_word' id='word_1_385' title='bbox 723 4448 905 4487; x_wconf 87' lang='lat' dir='ltr'><strong>secum</strong></span> <span class='ocrx_word' id='word_1_386' title='bbox 937 4433 1183 4487; x_wconf 81' lang='lat' dir='ltr'><strong>vixerunt</strong></span> <span class='ocrx_word' id='word_1_387' title='bbox 1208 4474 1222 4499; x_wconf 91' lang='lat'><strong>,</strong></span> <span class='ocrx_word' id='word_1_388' title='bbox 1256 4448 1440 4487; x_wconf 87' lang='lat' dir='ltr'><strong>verum</strong></span> <span class='ocrx_word' id='word_1_389' title='bbox 1466 4432 1626 4486; x_wconf 88' lang='lat' dir='ltr'><strong>etiam</strong></span> <span class='ocrx_word' id='word_1_390' title='bbox 1656 4429 1935 4485; x_wconf 88' lang='lat' dir='ltr'><strong>scribendo</strong></span> <span class='ocrx_word' id='word_1_391' title='bbox 1962 4444 2062 4499; x_wconf 85' lang='lat' dir='ltr'><strong>po-</strong></span> 
     </span>
    </p>
   </div>
   <div class='ocr_carea' id='block_1_45' title="bbox 474 4520 2064 4584">
    <p class='ocr_par' dir='ltr' id='par_1_45' title="bbox 474 4520 2064 4584">
     <span class='ocr_line' id='line_1_45' title="bbox 474 4520 2064 4584; baseline -0.004 -3"><span class='ocrx_word' id='word_1_392' title='bbox 474 4534 649 4581; x_wconf 83' lang='lat' dir='ltr'><strong>steros</strong></span> <span class='ocrx_word' id='word_1_393' title='bbox 680 4534 785 4578; x_wconf 83' lang='lat' dir='ltr'><strong>tam</strong></span> <span class='ocrx_word' id='word_1_394' title='bbox 816 4526 1093 4579; x_wconf 80' lang='lat' dir='ltr'><strong>excellenti</strong></span> <span class='ocrx_word' id='word_1_395' title='bbox 1116 4525 1433 4579; x_wconf 83' lang='lat' dir='ltr'><strong>auctoritate</strong></span> <span class='ocrx_word' id='word_1_396' title='bbox 1458 4524 1754 4577; x_wconf 79' lang='lat' dir='ltr'><strong>dueucrunt</strong></span> <span class='ocrx_word' id='word_1_397' title='bbox 1779 4561 1792 4584; x_wconf 93' lang='lat'><strong>,</strong></span> <span class='ocrx_word' id='word_1_398' title='bbox 1820 4520 1978 4575; x_wconf 84' lang='lat' dir='ltr'><strong>audet</strong></span> <span class='ocrx_word' id='word_1_399' title='bbox 2006 4535 2064 4575; x_wconf 88' lang='lat' dir='ltr'><strong>se</strong></span> 
     </span>
    </p>
   </div>
   <div class='ocr_carea' id='block_1_46' title="bbox 477 4615 2066 4688">
    <p class='ocr_par' dir='ltr' id='par_1_46' title="bbox 477 4615 2066 4688">
     <span class='ocr_line' id='line_1_46' title="bbox 477 4615 2066 4688; baseline -0.003 -17"><span class='ocrx_word' id='word_1_400' title='bbox 477 4618 823 4688; x_wconf 77' lang='lat' dir='ltr'><strong>intelligendo</strong></span> <span class='ocrx_word' id='word_1_401' title='bbox 851 4618 1198 4686; x_wconf 67' lang='lat' dir='ltr'><strong>prreponere?</strong></span> <span class='ocrx_word' id='word_1_402' title='bbox 1244 4616 1514 4671; x_wconf 87' lang='lat' dir='ltr'><strong>Salomoni</strong></span> <span class='ocrx_word' id='word_1_403' title='bbox 1544 4615 1756 4685; x_wconf 88' lang='lat' dir='ltr'><strong>quidem</strong></span> <span class='ocrx_word' id='word_1_404' title='bbox 1802 4622 1942 4668; x_wconf 88' lang='lat' dir='ltr'><strong>tanta</strong></span> <span class='ocrx_word' id='word_1_405' title='bbox 1983 4622 2066 4668; x_wconf 89' lang='lat' dir='ltr'><strong>cst</strong></span> 
     </span>
    </p>
   </div>
   <div class='ocr_carea' id='block_1_47' title="bbox 477 4704 2066 4777">
    <p class='ocr_par' dir='ltr' id='par_1_47' title="bbox 477 4704 2066 4777">
     <span class='ocr_line' id='line_1_47' title="bbox 477 4704 2066 4777; baseline -0.003 -12"><span class='ocrx_word' id='word_1_406' title='bbox 477 4710 669 4765; x_wconf 76' lang='lat' dir='ltr'><strong>donata</strong></span> <span class='ocrx_word' id='word_1_407' title='bbox 700 4710 957 4777; x_wconf 86' lang='lat' dir='ltr'><strong>sapientia</strong></span> <span class='ocrx_word' id='word_1_408' title='bbox 993 4751 1005 4773; x_wconf 91' lang='lat'><strong>,</strong></span> <span class='ocrx_word' id='word_1_409' title='bbox 1040 4718 1098 4763; x_wconf 92' lang='lat' dir='ltr'><strong>ut</strong></span> <span class='ocrx_word' id='word_1_410' title='bbox 1141 4711 1299 4763; x_wconf 87' lang='lat' dir='ltr'><strong>etiam</strong></span> <span class='ocrx_word' id='word_1_411' title='bbox 1329 4708 1412 4762; x_wconf 88' lang='lat' dir='ltr'><strong>his</strong></span> <span class='ocrx_word' id='word_1_412' title='bbox 1459 4707 1707 4762; x_wconf 83' lang='lat' dir='ltr'><strong>omnibus</strong></span> <span class='ocrx_word' id='word_1_413' title='bbox 1735 4706 1823 4776; x_wconf 89' lang='lat' dir='ltr'><strong>qui</strong></span> <span class='ocrx_word' id='word_1_414' title='bbox 1854 4704 2066 4760; x_wconf 83' lang='lat' dir='ltr'><strong>fuerunt</strong></span> 
     </span>
    </p>
   </div>
   <div class='ocr_carea' id='block_1_48' title="bbox 478 4797 2061 4872">
    <p class='ocr_par' dir='ltr' id='par_1_48' title="bbox 478 4797 2061 4872">
     <span class='ocr_line' id='line_1_48' title="bbox 478 4797 2061 4872; baseline -0.003 -16"><span class='ocrx_word' id='word_1_415' title='bbox 478 4812 601 4857; x_wconf 85' lang='lat' dir='ltr'><strong>ante</strong></span> <span class='ocrx_word' id='word_1_416' title='bbox 628 4802 797 4869; x_wconf 84' lang='lat' dir='ltr'><strong>illum,</strong></span> <span class='ocrx_word' id='word_1_417' title='bbox 831 4801 1074 4856; x_wconf 83' lang='lat' dir='ltr'><strong>videatur</strong></span> <span class='ocrx_word' id='word_1_418' title='bbox 1098 4816 1219 4856; x_wconf 84' lang='lat' dir='ltr'><strong>esse</strong></span> <span class='ocrx_word' id='word_1_419' title='bbox 1244 4802 1489 4870; x_wconf 61' lang='lat' dir='ltr'><strong>praelatus</strong></span> <span class='ocrx_word' id='word_1_420' title='bbox 1521 4798 1628 4872; x_wconf 89' lang='grc' dir='ltr'><strong>(ΙΙΙ</strong></span> <span class='ocrx_word' id='word_1_421' title='bbox 1660 4798 1784 4870; x_wconf 83' lang='lat' dir='ltr'><strong>Reg.</strong></span> <span class='ocrx_word' id='word_1_422' title='bbox 1820 4813 1896 4864; x_wconf 89' lang='grc' dir='ltr'>ιιι,</span> <span class='ocrx_word' id='word_1_423' title='bbox 1923 4797 1990 4852; x_wconf 72' lang='grc'><strong>12</strong></span> <span class='ocrx_word' id='word_1_424' title='bbox 2011 4799 2061 4868; x_wconf 81' lang='lat' dir='ltr'><strong>)z</strong></span> 
     </span>
    </p>
   </div>
   <div class='ocr_carea' id='block_1_49' title="bbox 477 4888 2067 4963">
    <p class='ocr_par' dir='ltr' id='par_1_49' title="bbox 477 4888 2067 4963">
     <span class='ocr_line' id='line_1_49' title="bbox 477 4888 2067 4963; baseline -0.004 -14"><span class='ocrx_word' id='word_1_425' title='bbox 477 4894 570 4949; x_wconf 81' lang='lat' dir='ltr'><strong>sed</strong></span> <span class='ocrx_word' id='word_1_426' title='bbox 596 4909 700 4949; x_wconf 80' lang='lat' dir='ltr'><strong>non</strong></span> <span class='ocrx_word' id='word_1_427' title='bbox 732 4902 814 4949; x_wconf 85' lang='lat' dir='ltr'><strong>est</strong></span> <span class='ocrx_word' id='word_1_428' title='bbox 836 4894 1157 4949; x_wconf 86' lang='lat' dir='ltr'><strong>credendum</strong></span> <span class='ocrx_word' id='word_1_429' title='bbox 1208 4895 1378 4963; x_wconf 89' lang='lat' dir='ltr'><strong>ipsum</strong></span> <span class='ocrx_word' id='word_1_430' title='bbox 1430 4894 1513 4947; x_wconf 90' lang='lat' dir='ltr'><strong>hic</strong></span> <span class='ocrx_word' id='word_1_431' title='bbox 1538 4908 1565 4945; x_wconf 90' lang='lat' dir='ltr'><strong>a</strong></span> <span class='ocrx_word' id='word_1_432' title='bbox 1593 4902 1745 4963; x_wconf 88' lang='lat' dir='ltr'><strong>patre</strong></span> <span class='ocrx_word' id='word_1_433' title='bbox 1775 4906 1875 4946; x_wconf 90' lang='lat' dir='ltr'><strong>suo</strong></span> <span class='ocrx_word' id='word_1_434' title='bbox 1904 4888 2067 4944; x_wconf 86' lang='lat' dir='ltr'><strong>David</strong></span> 
     </span>
    </p>
   </div>
   <div class='ocr_carea' id='block_1_50' title="bbox 478 4984 2067 5056">
    <p class='ocr_par' dir='ltr' id='par_1_50' title="bbox 478 4984 2067 5056">
     <span class='ocr_line' id='line_1_50' title="bbox 478 4984 2067 5056; baseline -0.001 -19"><span class='ocrx_word' id='word_1_435' title='bbox 478 4986 715 5054; x_wconf 83' lang='lat' dir='ltr'><strong>potuisse</strong></span> <span class='ocrx_word' id='word_1_436' title='bbox 742 4985 1084 5056; x_wconf 77' lang='lat' dir='ltr'><strong>prophetari;</strong></span> <span class='ocrx_word' id='word_1_437' title='bbox 1119 4985 1348 5039; x_wconf 80' lang='lat' dir='ltr'><strong>maxime</strong></span> <span class='ocrx_word' id='word_1_438' title='bbox 1376 4986 1498 5054; x_wconf 87' lang='lat' dir='ltr'><strong>quia</strong></span> <span class='ocrx_word' id='word_1_439' title='bbox 1524 4984 1628 5039; x_wconf 88' lang='lat' dir='ltr'><strong>dici</strong></span> <span class='ocrx_word' id='word_1_440' title='bbox 1660 4997 1761 5038; x_wconf 92' lang='lat' dir='ltr'><strong>non</strong></span> <span class='ocrx_word' id='word_1_441' title='bbox 1800 4991 1978 5052; x_wconf 86' lang='lat' dir='ltr'><strong>posset</strong></span> <span class='ocrx_word' id='word_1_442' title='bbox 2000 4994 2067 5036; x_wconf 77' lang='lat' dir='ltr'><strong>ex</strong></span> 
     </span>
    </p>
   </div>
   <div class='ocr_carea' id='block_1_51' title="bbox 479 5074 2067 5145">
    <p class='ocr_par' dir='ltr' id='par_1_51' title="bbox 479 5074 2067 5145">
     <span class='ocr_line' id='line_1_51' title="bbox 479 5074 2067 5145; baseline -0.004 -15"><span class='ocrx_word' id='word_1_443' title='bbox 479 5090 708 5145; x_wconf 81' lang='lat' dir='ltr'><strong>persona</strong></span> <span class='ocrx_word' id='word_1_444' title='bbox 736 5076 1039 5130; x_wconf 78' lang='lat' dir='ltr'><strong>Salomonis</strong></span> <span class='ocrx_word' id='word_1_445' title='bbox 1060 5077 1205 5145; x_wconf 82' lang='lat' dir='ltr'><strong>quod</strong></span> <span class='ocrx_word' id='word_1_446' title='bbox 1229 5076 1314 5131; x_wconf 90' lang='lat' dir='ltr'><strong>hic</strong></span> <span class='ocrx_word' id='word_1_447' title='bbox 1343 5076 1555 5141; x_wconf 87' lang='lat' dir='ltr'><strong>dicitur,</strong></span> <span class='ocrx_word' id='word_1_448' title='bbox 1587 5074 1659 5127; x_wconf 76' lang='lat' dir='ltr'><strong>Ab</strong></span> <span class='ocrx_word' id='word_1_449' title='bbox 1691 5075 1826 5128; x_wconf 80' lang='lat' dir='ltr'><strong>omni</strong></span> <span class='ocrx_word' id='word_1_450' title='bbox 1854 5074 1931 5126; x_wconf 81' lang='lat' dir='ltr'><strong>via</strong></span> <span class='ocrx_word' id='word_1_451' title='bbox 1962 5088 2067 5125; x_wconf 77' lang='lat' dir='ltr'><strong>uta-</strong></span> 
     </span>
    </p>
   </div>
   <div class='ocr_carea' id='block_1_52' title="bbox 478 5168 2069 5239">
    <p class='ocr_par' dir='ltr' id='par_1_52' title="bbox 478 5168 2069 5239">
     <span class='ocr_line' id='line_1_52' title="bbox 478 5168 2069 5239; baseline -0.001 -19"><span class='ocrx_word' id='word_1_452' title='bbox 478 5168 621 5237; x_wconf 81' lang='lat' dir='ltr'><strong>ligna</strong></span> <span class='ocrx_word' id='word_1_453' title='bbox 647 5169 881 5238; x_wconf 77' lang='lat' dir='ltr'><strong>prohibui</strong></span> <span class='ocrx_word' id='word_1_454' title='bbox 912 5170 1067 5238; x_wconf 75' lang='lat' dir='ltr'><strong>pede:</strong></span> <span class='ocrx_word' id='word_1_455' title='bbox 1087 5186 1241 5224; x_wconf 75' lang='lat' dir='ltr'><strong>meos.</strong></span> <span class='ocrx_word' id='word_1_456' title='bbox 1272 5171 1438 5223; x_wconf 80' lang='lat' dir='ltr'><strong>Porro</strong></span> <span class='ocrx_word' id='word_1_457' title='bbox 1468 5170 1532 5234; x_wconf 88' lang='lat' dir='ltr'><strong>si,</strong></span> <span class='ocrx_word' id='word_1_458' title='bbox 1566 5169 1706 5239; x_wconf 85' lang='lat' dir='ltr'><strong>quod</strong></span> <span class='ocrx_word' id='word_1_459' title='bbox 1728 5176 1809 5222; x_wconf 81' lang='lat' dir='ltr'><strong>est.</strong></span> <span class='ocrx_word' id='word_1_460' title='bbox 1834 5176 2069 5237; x_wconf 85' lang='lat' dir='ltr'><strong>accepta-</strong></span> 
     </span>
    </p>
   </div>
   <div class='ocr_carea' id='block_1_53' title="bbox 476 5258 2068 5331">
    <p class='ocr_par' dir='ltr' id='par_1_53' title="bbox 476 5258 2068 5331">
     <span class='ocr_line' id='line_1_53' title="bbox 476 5258 2068 5331; baseline -0.001 -17"><span class='ocrx_word' id='word_1_461' title='bbox 476 5258 663 5323; x_wconf 80' lang='lat' dir='ltr'><strong>bilius,</strong></span> <span class='ocrx_word' id='word_1_462' title='bbox 686 5260 961 5315; x_wconf 81' lang='lat' dir='ltr'><strong>Christum</strong></span> <span class='ocrx_word' id='word_1_463' title='bbox 986 5263 1306 5331; x_wconf 75' lang='lat' dir='ltr'><strong>przenuntiat</strong></span> <span class='ocrx_word' id='word_1_464' title='bbox 1332 5264 1431 5317; x_wconf 87' lang='lat' dir='ltr'><strong>iste</strong></span> <span class='ocrx_word' id='word_1_465' title='bbox 1460 5261 1737 5331; x_wconf 81' lang='lat' dir='ltr'><strong>propheta,</strong></span> <span class='ocrx_word' id='word_1_466' title='bbox 1770 5275 1909 5314; x_wconf 90' lang='lat' dir='ltr'><strong>nunc</strong></span> <span class='ocrx_word' id='word_1_467' title='bbox 1930 5276 1960 5313; x_wconf 69' lang='grc' dir='ltr'>τι</span> <span class='ocrx_word' id='word_1_468' title='bbox 1982 5277 2068 5313; x_wconf 85' lang='lat' dir='ltr'><strong>ca-</strong></span> 
     </span>
    </p>
   </div>
   <div class='ocr_carea' id='block_1_54' title="bbox 479 5352 2069 5427">
    <p class='ocr_par' dir='ltr' id='par_1_54' title="bbox 479 5352 2069 5427">
     <span class='ocr_line' id='line_1_54' title="bbox 479 5352 2069 5427; baseline -0.001 -18"><span class='ocrx_word' id='word_1_469' title='bbox 479 5354 586 5421; x_wconf 72' lang='lat' dir='ltr'><strong>pite</strong></span> <span class='ocrx_word' id='word_1_470' title='bbox 606 5355 746 5423; x_wconf 84' lang='lat' dir='ltr'><strong>quod</strong></span> <span class='ocrx_word' id='word_1_471' title='bbox 770 5364 853 5411; x_wconf 86' lang='lat' dir='ltr'><strong>est</strong></span> <span class='ocrx_word' id='word_1_472' title='bbox 874 5356 986 5427; x_wconf 71' lang='lat' dir='ltr'><strong>ipse</strong></span> <span class='ocrx_word' id='word_1_473' title='bbox 1010 5356 1269 5423; x_wconf 84' lang='lat' dir='ltr'><strong>Salvator,</strong></span> <span class='ocrx_word' id='word_1_474' title='bbox 1296 5373 1436 5411; x_wconf 92' lang='lat' dir='ltr'><strong>nunc</strong></span> <span class='ocrx_word' id='word_1_475' title='bbox 1456 5356 1524 5410; x_wconf 89' lang='lat' dir='ltr'><strong>ab</strong></span> <span class='ocrx_word' id='word_1_476' title='bbox 1543 5356 1659 5425; x_wconf 90' lang='lat' dir='ltr'><strong>ejus</strong></span> <span class='ocrx_word' id='word_1_477' title='bbox 1683 5362 1906 5423; x_wconf 82' lang='lat' dir='ltr'><strong>corpore</strong></span> <span class='ocrx_word' id='word_1_478' title='bbox 1926 5352 2069 5421; x_wconf 92' lang='lat' dir='ltr'><strong>quod</strong></span> 
     </span>
    </p>
   </div>
   <div class='ocr_carea' id='block_1_55' title="bbox 477 5443 2069 5519">
    <p class='ocr_par' dir='ltr' id='par_1_55' title="bbox 477 5443 2069 5519">
     <span class='ocr_line' id='line_1_55' title="bbox 477 5443 2069 5519; baseline 0 -20"><span class='ocrx_word' id='word_1_479' title='bbox 477 5453 559 5499; x_wconf 84' lang='lat' dir='ltr'><strong>est</strong></span> <span class='ocrx_word' id='word_1_480' title='bbox 590 5443 847 5512; x_wconf 74' lang='lat' dir='ltr'><strong>Ecclesia,</strong></span> <span class='ocrx_word' id='word_1_481' title='bbox 877 5450 1037 5503; x_wconf 76' lang='lat' dir='ltr'><strong>Verba</strong></span> <span class='ocrx_word' id='word_1_482' title='bbox 1084 5449 1390 5519; x_wconf 85' lang='lat' dir='ltr'><strong>prophetica</strong></span> <span class='ocrx_word' id='word_1_483' title='bbox 1418 5449 1664 5519; x_wconf 83' lang='lat' dir='ltr'><strong>digerens</strong></span> <span class='ocrx_word' id='word_1_484' title='bbox 1684 5487 1697 5511; x_wconf 93' lang='lat'><strong>,</strong></span> <span class='ocrx_word' id='word_1_485' title='bbox 1735 5455 1788 5501; x_wconf 87' lang='lat' dir='ltr'><strong>et</strong></span> <span class='ocrx_word' id='word_1_486' title='bbox 1820 5455 2069 5514; x_wconf 82' lang='lat' dir='ltr'><strong>tanquam</strong></span> 
     </span>
    </p>
   </div>
   <div class='ocr_carea' id='block_1_56' title="bbox 479 5536 2069 5611">
    <p class='ocr_par' dir='ltr' id='par_1_56' title="bbox 479 5536 2069 5611">
     <span class='ocr_line' id='line_1_56' title="bbox 479 5536 2069 5611; baseline -0.001 -21"><span class='ocrx_word' id='word_1_487' title='bbox 479 5548 646 5590; x_wconf 69' lang='lat' dir='ltr'><strong>[mnu</strong></span> <span class='ocrx_word' id='word_1_488' title='bbox 677 5537 991 5608; x_wconf 76' lang='lat' dir='ltr'><strong>loquentem</strong></span> <span class='ocrx_word' id='word_1_489' title='bbox 1015 5540 1214 5595; x_wconf 79' lang='lat' dir='ltr'><strong>faciens</strong></span> <span class='ocrx_word' id='word_1_490' title='bbox 1239 5583 1252 5605; x_wconf 91' lang='lat'><strong>,</strong></span> <span class='ocrx_word' id='word_1_491' title='bbox 1286 5550 1500 5611; x_wconf 84' lang='lat' dir='ltr'><strong>propter</strong></span> <span class='ocrx_word' id='word_1_492' title='bbox 1529 5553 1776 5610; x_wconf 86' lang='lat' dir='ltr'><strong>magnum</strong></span> <span class='ocrx_word' id='word_1_493' title='bbox 1822 5536 1951 5591; x_wconf 91' lang='lat' dir='ltr'><strong>illud</strong></span> <span class='ocrx_word' id='word_1_494' title='bbox 1982 5552 2069 5590; x_wconf 86' lang='lat' dir='ltr'><strong>sa-</strong></span> 
     </span>
    </p>
   </div>
   <div class='ocr_carea' id='block_1_57' title="bbox 481 5633 2072 5699">
    <p class='ocr_par' dir='ltr' id='par_1_57' title="bbox 481 5633 2072 5699">
     <span class='ocr_line' id='line_1_57' title="bbox 481 5633 2072 5699; baseline 0 -16"><span class='ocrx_word' id='word_1_495' title='bbox 481 5639 814 5685; x_wconf 88' lang='lat' dir='ltr'><strong>cramentum</strong></span> <span class='ocrx_word' id='word_1_496' title='bbox 838 5672 851 5694; x_wconf 91' lang='lat'><strong>,</strong></span> <span class='ocrx_word' id='word_1_497' title='bbox 898 5633 986 5686; x_wconf 85' lang='lat' dir='ltr'><strong>ubi</strong></span> <span class='ocrx_word' id='word_1_498' title='bbox 1016 5634 1216 5689; x_wconf 87' lang='lat' dir='ltr'><strong>dictum</strong></span> <span class='ocrx_word' id='word_1_499' title='bbox 1242 5644 1325 5689; x_wconf 87' lang='lat' dir='ltr'><strong>est</strong></span> <span class='ocrx_word' id='word_1_500' title='bbox 1349 5675 1363 5699; x_wconf 94' lang='lat'><strong>,</strong></span> <span class='ocrx_word' id='word_1_501' title='bbox 1392 5634 1559 5688; x_wconf 87' lang='lat' dir='ltr'><strong>Erunt</strong></span> <span class='ocrx_word' id='word_1_502' title='bbox 1598 5634 1700 5687; x_wconf 87' lang='lat' dir='ltr'><strong>duo</strong></span> <span class='ocrx_word' id='word_1_503' title='bbox 1728 5634 1780 5686; x_wconf 86' lang='lat' dir='ltr'><strong>in</strong></span> <span class='ocrx_word' id='word_1_504' title='bbox 1801 5648 1950 5685; x_wconf 80' lang='lat' dir='ltr'><strong>eunte</strong></span> <span class='ocrx_word' id='word_1_505' title='bbox 1970 5646 2072 5684; x_wconf 90' lang='lat' dir='ltr'><strong>una</strong></span> 
     </span>
    </p>
   </div>
   <div class='ocr_carea' id='block_1_58' title="bbox 481 5717 2093 5797">
    <p class='ocr_par' dir='ltr' id='par_1_58' title="bbox 481 5717 2093 5797">
     <span class='ocr_line' id='line_1_58' title="bbox 481 5717 2093 5797; baseline 0.001 -23"><span class='ocrx_word' id='word_1_506' title='bbox 481 5717 710 5791; x_wconf 73' lang='lat' dir='ltr'><strong>(Ephes.</strong></span> <span class='ocrx_word' id='word_1_507' title='bbox 744 5722 914 5790; x_wconf 77' lang='grc' dir='ltr'><strong>ν,5Ι,</strong></span> <span class='ocrx_word' id='word_1_508' title='bbox 958 5725 1105 5797; x_wconf 73' lang='grc'><strong>52);</strong></span> <span class='ocrx_word' id='word_1_509' title='bbox 1133 5740 1365 5797; x_wconf 87' lang='lat' dir='ltr'><strong>agnosco</strong></span> <span class='ocrx_word' id='word_1_510' title='bbox 1409 5741 1529 5781; x_wconf 91' lang='lat' dir='ltr'><strong>eum</strong></span> <span class='ocrx_word' id='word_1_511' title='bbox 1582 5726 1739 5796; x_wconf 89' lang='lat' dir='ltr'><strong>plane</strong></span> <span class='ocrx_word' id='word_1_512' title='bbox 1775 5724 1866 5794; x_wconf 90' lang='lat' dir='ltr'><strong>qui</strong></span> <span class='ocrx_word' id='word_1_513' title='bbox 1912 5736 2093 5792; x_wconf 39' lang='lat' dir='ltr'><strong>super.</strong></span> 
     </span>
    </p>
   </div>
   <div class='ocr_carea' id='block_1_59' title="bbox 540 5860 2060 5971">
    <p class='ocr_par' dir='ltr' id='par_1_59' title="bbox 540 5860 2060 5971">
     <span class='ocr_line' id='line_1_59' title="bbox 540 5860 2060 5971; baseline 0.002 -61"><span class='ocrx_word' id='word_1_514' title='bbox 540 5865 656 5971; x_wconf 49' lang='lat' dir='ltr'><strong>tr</strong></span> <span class='ocrx_word' id='word_1_515' title='bbox 693 5872 744 5911; x_wconf 87' lang='lat' dir='ltr'><strong>et</strong></span> <span class='ocrx_word' id='word_1_516' title='bbox 764 5865 896 5925; x_wconf 66' lang='grc' dir='ltr'>ιλιι,</span> <span class='ocrx_word' id='word_1_517' title='bbox 912 5860 1024 5914; x_wconf 84' lang='lat' dir='ltr'><strong>ideo</strong></span> <span class='ocrx_word' id='word_1_518' title='bbox 1044 5875 1138 5935; x_wconf 76' lang='lat' dir='ltr'><strong>non</strong></span> <span class='ocrx_word' id='word_1_519' title='bbox 1159 5874 1223 5914; x_wconf 81' lang='lat' dir='ltr'><strong>ea:</strong></span> <span class='ocrx_word' id='word_1_520' title='bbox 1248 5860 1369 5927; x_wconf 83' lang='lat' dir='ltr'><strong>lege,</strong></span> <span class='ocrx_word' id='word_1_521' title='bbox 1394 5872 1490 5915; x_wconf 84' lang='lat' dir='ltr'><strong>etc.</strong></span> <span class='ocrx_word' id='word_1_522' title='bbox 1513 5864 1675 5925; x_wconf 72' lang='lat' dir='ltr'><strong>Abest,</strong></span> <span class='ocrx_word' id='word_1_523' title='bbox 1697 5874 1811 5925; x_wconf 80' lang='lat' dir='ltr'><strong>non,</strong></span> <span class='ocrx_word' id='word_1_524' title='bbox 1831 5874 1861 5914; x_wconf 85' lang='lat' dir='ltr'><strong>a</strong></span> <span class='ocrx_word' id='word_1_525' title='bbox 1875 5861 2060 5913; x_wconf 67' lang='lat' dir='ltr'><strong>caeteris</strong></span> 
     </span>
    </p>
   </div>
   <div class='ocr_carea' id='block_1_60' title="bbox 2169 5860 3252 5971">
    <p class='ocr_par' dir='ltr' id='par_1_60' title="bbox 2248 5892 3252 5971">
     <span class='ocr_line' id='line_1_60' title="bbox 2248 5892 3252 5971; baseline -0.013 -5"><span class='ocrx_word' id='word_1_526' title='bbox 2248 5918 2267 5951; x_wconf 73' lang='grc' dir='ltr'><strong>ι</strong></span> <span class='ocrx_word' id='word_1_527' title='bbox 2292 5921 2393 5969; x_wconf 78' lang='lat' dir='ltr'><strong>Iun.</strong></span> <span class='ocrx_word' id='word_1_528' title='bbox 2416 5917 2471 5968; x_wconf 84' lang='lat' dir='ltr'><strong>et</strong></span> <span class='ocrx_word' id='word_1_529' title='bbox 2485 5918 2613 5971; x_wconf 65' lang='lat' dir='ltr'><strong>Mss...</strong></span> <span class='ocrx_word' id='word_1_530' title='bbox 2636 5899 3005 5971; x_wconf 64' lang='lat' dir='ltr'><strong>amantibus</strong></span> <span class='ocrx_word' id='word_1_531' title='bbox 3027 5896 3149 5961; x_wconf 58' lang='lat' dir='ltr'><strong>sutis.</strong></span> <span class='ocrx_word' id='word_1_532' title='bbox 3234 5892 3252 5957; x_wconf 69' lang='grc'><strong>,⁵</strong></span> 
     </span>
    </p>
   </div>
   <div class='ocr_carea' id='block_1_61' title="bbox 2379 5932 3273 5972">
    <p class='ocr_par' dir='ltr' id='par_1_61' title="bbox 2379 5932 3273 5972">
     <span class='ocr_line' id='line_1_61' title="bbox 2379 5932 3273 5972; baseline -0.015 -7"><span class='ocrx_word' id='word_1_533' title='bbox 2379 5948 2393 5965; x_wconf 75' lang='grc' dir='ltr'><strong>ο</strong></span> <span class='ocrx_word' id='word_1_534' title='bbox 2416 5932 2471 5968; x_wconf 67' lang='grc' dir='ltr'><strong>υι</strong></span> <span class='ocrx_word' id='word_1_535' title='bbox 2485 5932 2613 5972; x_wconf 69' lang='grc' dir='ltr'><strong>ωδ..</strong></span> <span class='ocrx_word' id='word_1_536' title='bbox 2636 5932 2666 5960; x_wconf 74' lang='grc' dir='ltr'><em>α</em></span> <span class='ocrx_word' id='word_1_537' title='bbox 2680 5932 2805 5971; x_wconf 68' lang='grc' dir='ltr'>ιιαωι</span> <span class='ocrx_word' id='word_1_538' title='bbox 2817 5932 3005 5958; x_wconf 67' lang='grc' dir='ltr'><strong>αικυυιν</strong></span> <span class='ocrx_word' id='word_1_539' title='bbox 3027 5932 3149 5961; x_wconf 57' lang='lat' dir='ltr'><strong>oms</strong></span> <span class='ocrx_word' id='word_1_540' title='bbox 3234 5952 3273 5971; x_wconf 31' lang='grc' dir='ltr'>,Α</span> 
     </span>
    </p>
   </div>
   <div class='ocr_carea' id='block_1_62' title="bbox 509 5925 626 5976">
    <p class='ocr_par' dir='ltr' id='par_1_62' title="bbox 509 5925 626 5976">
     <span class='ocr_line' id='line_1_62' title="bbox 509 5925 626 5976; baseline -0.034 0"><span class='ocrx_word' id='word_1_541' title='bbox 509 5925 626 5976; x_wconf 84' lang='lat' dir='ltr'><strong>bris.</strong></span> 
     </span>
    </p>
   </div>
   <div class='ocr_carea' id='block_1_63' title="bbox 1713 389 2515 454">
    <p class='ocr_par' dir='ltr' id='par_1_63' title="bbox 1713 389 2515 454">
     <span class='ocr_line' id='line_1_63' title="bbox 1713 389 2515 454; baseline -0.005 0"><span class='ocrx_word' id='word_1_542' title='bbox 1713 393 1770 454; x_wconf 85' lang='lat' dir='ltr'><strong>S.</strong></span> <span class='ocrx_word' id='word_1_543' title='bbox 1812 389 2177 451; x_wconf 74' lang='lat' dir='ltr'><strong>AUGUS&#39;HNI</strong></span> <span class='ocrx_word' id='word_1_544' title='bbox 2209 391 2515 450; x_wconf 79' lang='lat' dir='ltr'><strong>EPISCOPI</strong></span> 
     </span>
    </p>
   </div>
   <div class='ocr_carea' id='block_1_64' title="bbox 3619 394 3761 457">
    <p class='ocr_par' dir='ltr' id='par_1_64' title="bbox 3619 394 3761 457">
     <span class='ocr_line' id='line_1_64' title="bbox 3619 394 3761 457; baseline 0.014 -3"><span class='ocrx_word' id='word_1_545' title='bbox 3619 394 3761 457; x_wconf 74' lang='grc'><strong>1564</strong></span> 
     </span>
    </p>
   </div>
   <div class='ocr_carea' id='block_1_65' title="bbox 2178 511 3769 584">
    <p class='ocr_par' dir='ltr' id='par_1_65' title="bbox 2178 511 3769 584">
     <span class='ocr_line' id='line_1_65' title="bbox 2178 511 3769 584; baseline 0.004 -21"><span class='ocrx_word' id='word_1_546' title='bbox 2178 512 2362 567; x_wconf 85' lang='lat' dir='ltr'><strong>omnes</strong></span> <span class='ocrx_word' id='word_1_547' title='bbox 2389 512 2641 569; x_wconf 83' lang='lat' dir='ltr'><strong>docentes</strong></span> <span class='ocrx_word' id='word_1_548' title='bbox 2667 524 2724 567; x_wconf 85' lang='lat' dir='ltr'><strong>se</strong></span> <span class='ocrx_word' id='word_1_549' title='bbox 2769 512 3027 569; x_wconf 78' lang='lat' dir='ltr'><strong>intellexit</strong></span> <span class='ocrx_word' id='word_1_550' title='bbox 3054 532 3069 581; x_wconf 62' lang='grc' dir='ltr'><em>ς</em></span> <span class='ocrx_word' id='word_1_551' title='bbox 3101 511 3316 584; x_wconf 79' lang='lat' dir='ltr'><strong>quando</strong></span> <span class='ocrx_word' id='word_1_552' title='bbox 3344 526 3464 568; x_wconf 83' lang='lat' dir='ltr'><strong>cum</strong></span> <span class='ocrx_word' id='word_1_553' title='bbox 3499 522 3645 569; x_wconf 77' lang='lat' dir='ltr'><strong>esset</strong></span> <span class='ocrx_word' id='word_1_554' title='bbox 3667 526 3769 570; x_wconf 59' lang='lat' dir='ltr'><strong>an-i</strong></span> 
     </span>
    </p>
   </div>
   <div class='ocr_carea' id='block_1_66' title="bbox 2180 606 3757 673">
    <p class='ocr_par' dir='ltr' id='par_1_66' title="bbox 2180 606 3757 673">
     <span class='ocr_line' id='line_1_66' title="bbox 2180 606 3757 673; baseline 0.003 -14"><span class='ocrx_word' id='word_1_555' title='bbox 2180 622 2367 660; x_wconf 90' lang='lat' dir='ltr'><strong>norum</strong></span> <span class='ocrx_word' id='word_1_556' title='bbox 2398 606 2695 671; x_wconf 76' lang='lat' dir='ltr'><strong>duodecim,</strong></span> <span class='ocrx_word' id='word_1_557' title='bbox 2728 607 2986 662; x_wconf 89' lang='lat' dir='ltr'><strong>remansit</strong></span> <span class='ocrx_word' id='word_1_558' title='bbox 3017 622 3147 673; x_wconf 90' lang='lat' dir='ltr'><strong>puer</strong></span> <span class='ocrx_word' id='word_1_559' title='bbox 3175 606 3330 661; x_wconf 85' lang='lat' dir='ltr'><strong>Jesus</strong></span> <span class='ocrx_word' id='word_1_560' title='bbox 3351 606 3403 661; x_wconf 92' lang='lat' dir='ltr'><strong>in</strong></span> <span class='ocrx_word' id='word_1_561' title='bbox 3434 606 3757 673; x_wconf 68' lang='lat' dir='ltr'><strong>Jerusalem</strong></span> 
     </span>
    </p>
   </div>
   <div class='ocr_carea' id='block_1_67' title="bbox 2174 694 3759 768">
    <p class='ocr_par' dir='ltr' id='par_1_67' title="bbox 2174 694 3759 768">
     <span class='ocr_line' id='line_1_67' title="bbox 2174 694 3759 768; baseline 0 -15"><span class='ocrx_word' id='word_1_562' title='bbox 2174 708 2226 754; x_wconf 91' lang='lat' dir='ltr'><strong>et</strong></span> <span class='ocrx_word' id='word_1_563' title='bbox 2250 714 2277 751; x_wconf 90' lang='lat' dir='ltr'><strong>a</strong></span> <span class='ocrx_word' id='word_1_564' title='bbox 2308 700 2616 767; x_wconf 85' lang='lat' dir='ltr'><strong>parentibus</strong></span> <span class='ocrx_word' id='word_1_565' title='bbox 2665 694 2777 754; x_wconf 83' lang='lat' dir='ltr'><strong>suis</strong></span> <span class='ocrx_word' id='word_1_566' title='bbox 2808 700 2825 731; x_wconf 86' lang='grc'>¹</span> <span class='ocrx_word' id='word_1_567' title='bbox 2855 706 2977 768; x_wconf 82' lang='lat' dir='ltr'><strong>post</strong></span> <span class='ocrx_word' id='word_1_568' title='bbox 3006 699 3234 753; x_wconf 83' lang='lat' dir='ltr'><strong>triduum</strong></span> <span class='ocrx_word' id='word_1_569' title='bbox 3266 696 3517 754; x_wconf 77' lang='lat' dir='ltr'><strong>inventus</strong></span> <span class='ocrx_word' id='word_1_570' title='bbox 3541 706 3625 755; x_wconf 85' lang='lat' dir='ltr'><strong>est</strong></span> <span class='ocrx_word' id='word_1_571' title='bbox 3651 694 3759 753; x_wconf 72' lang='lat' dir='ltr'><strong>illic</strong></span> 
     </span>
    </p>
   </div>
   <div class='ocr_carea' id='block_1_68' title="bbox 2172 786 3761 861">
    <p class='ocr_par' dir='ltr' id='par_1_68' title="bbox 2172 786 3761 861">
     <span class='ocr_line' id='line_1_68' title="bbox 2172 786 3761 861; baseline -0.002 -16"><span class='ocrx_word' id='word_1_572' title='bbox 2172 792 2225 845; x_wconf 90' lang='lat' dir='ltr'><strong>in</strong></span> <span class='ocrx_word' id='word_1_573' title='bbox 2257 788 2453 861; x_wconf 87' lang='lat' dir='ltr'><strong>templo</strong></span> <span class='ocrx_word' id='word_1_574' title='bbox 2489 786 2683 847; x_wconf 81' lang='lat' dir='ltr'><strong>sedens</strong></span> <span class='ocrx_word' id='word_1_575' title='bbox 2712 791 2851 847; x_wconf 85' lang='lat' dir='ltr'><strong>inter</strong></span> <span class='ocrx_word' id='word_1_576' title='bbox 2878 791 3123 846; x_wconf 77' lang='lat' dir='ltr'><strong>doctores</strong></span> <span class='ocrx_word' id='word_1_577' title='bbox 3148 832 3161 855; x_wconf 94' lang='lat'><strong>,</strong></span> <span class='ocrx_word' id='word_1_578' title='bbox 3191 790 3413 846; x_wconf 84' lang='lat' dir='ltr'><strong>audiens</strong></span> <span class='ocrx_word' id='word_1_579' title='bbox 3439 792 3559 848; x_wconf 83' lang='lat' dir='ltr'><strong>illos</strong></span> <span class='ocrx_word' id='word_1_580' title='bbox 3584 792 3631 847; x_wconf 75' lang='lat' dir='ltr'><strong>et</strong></span> <span class='ocrx_word' id='word_1_581' title='bbox 3676 789 3761 843; x_wconf 81' lang='lat' dir='ltr'><strong>in-</strong></span> 
     </span>
    </p>
   </div>
   <div class='ocr_carea' id='block_1_69' title="bbox 2172 880 3759 955">
    <p class='ocr_par' dir='ltr' id='par_1_69' title="bbox 2172 880 3759 955">
     <span class='ocr_line' id='line_1_69' title="bbox 2172 880 3759 955; baseline -0.001 -18"><span class='ocrx_word' id='word_1_582' title='bbox 2172 892 2482 955; x_wconf 73' lang='lat' dir='ltr'><strong>terrogatus;</strong></span> <span class='ocrx_word' id='word_1_583' title='bbox 2514 885 2597 939; x_wconf 83' lang='lat' dir='ltr'><strong>ubi</strong></span> <span class='ocrx_word' id='word_1_584' title='bbox 2628 885 2909 954; x_wconf 85' lang='lat' dir='ltr'><strong>stupebant</strong></span> <span class='ocrx_word' id='word_1_585' title='bbox 2937 898 3122 939; x_wconf 89' lang='lat' dir='ltr'><strong>omnes</strong></span> <span class='ocrx_word' id='word_1_586' title='bbox 3160 884 3251 955; x_wconf 87' lang='lat' dir='ltr'><strong>qui</strong></span> <span class='ocrx_word' id='word_1_587' title='bbox 3281 886 3407 943; x_wconf 76' lang='lat' dir='ltr'><strong>eum</strong></span> <span class='ocrx_word' id='word_1_588' title='bbox 3429 880 3759 947; x_wconf 79' lang='lat' dir='ltr'><strong>audiebant,</strong></span> 
     </span>
    </p>
   </div>
   <div class='ocr_carea' id='block_1_70' title="bbox 2171 972 3764 1052">
    <p class='ocr_par' dir='ltr' id='par_1_70' title="bbox 2171 972 3764 1052">
     <span class='ocr_line' id='line_1_70' title="bbox 2171 972 3764 1052; baseline -0.002 -19"><span class='ocrx_word' id='word_1_589' title='bbox 2171 995 2331 1048; x_wconf 86' lang='lat' dir='ltr'><strong>super</strong></span> <span class='ocrx_word' id='word_1_590' title='bbox 2356 980 2631 1048; x_wconf 88' lang='lat' dir='ltr'><strong>prudentia</strong></span> <span class='ocrx_word' id='word_1_591' title='bbox 2657 989 2712 1035; x_wconf 89' lang='lat' dir='ltr'><strong>et</strong></span> <span class='ocrx_word' id='word_1_592' title='bbox 2733 979 3003 1050; x_wconf 78' lang='lat' dir='ltr'><strong>responsis</strong></span> <span class='ocrx_word' id='word_1_593' title='bbox 3019 978 3135 1049; x_wconf 80' lang='lat' dir='ltr'><strong>eius</strong></span> <span class='ocrx_word' id='word_1_594' title='bbox 3162 978 3310 1052; x_wconf 80' lang='lat' dir='ltr'><strong>(Luc.</strong></span> <span class='ocrx_word' id='word_1_595' title='bbox 3334 994 3387 1045; x_wconf 89' lang='grc' dir='ltr'>ιι,</span> <span class='ocrx_word' id='word_1_596' title='bbox 3409 972 3620 1052; x_wconf 58' lang='lat'><strong>424]).</strong></span> <span class='ocrx_word' id='word_1_597' title='bbox 3646 977 3764 1031; x_wconf 82' lang='lat' dir='ltr'><strong>Nec</strong></span> 
     </span>
    </p>
   </div>
   <div class='ocr_carea' id='block_1_71' title="bbox 2170 1036 3755 1141">
    <p class='ocr_par' dir='ltr' id='par_1_71' title="bbox 2170 1036 3755 1141">
     <span class='ocr_line' id='line_1_71' title="bbox 2170 1036 3755 1141; baseline -0.002 -18"><span class='ocrx_word' id='word_1_598' title='bbox 2170 1070 2453 1133; x_wconf 88' lang='lat' dir='ltr'><strong>immerito,</strong></span> <span class='ocrx_word' id='word_1_599' title='bbox 2475 1071 2562 1140; x_wconf 87' lang='lat' dir='ltr'><strong>qui</strong></span> <span class='ocrx_word' id='word_1_600' title='bbox 2588 1080 2680 1140; x_wconf 89' lang='lat' dir='ltr'><strong>per</strong></span> <span class='ocrx_word' id='word_1_601' title='bbox 2696 1071 2851 1125; x_wconf 87' lang='lat' dir='ltr'><strong>istam</strong></span> <span class='ocrx_word' id='word_1_602' title='bbox 2872 1036 3203 1141; x_wconf 77' lang='lat' dir='ltr'><strong>prephetiam</strong></span> <span class='ocrx_word' id='word_1_603' title='bbox 3228 1077 3373 1124; x_wconf 85' lang='lat' dir='ltr'><strong>tanto</strong></span> <span class='ocrx_word' id='word_1_604' title='bbox 3391 1036 3755 1133; x_wconf 57' lang='lat' dir='ltr'><strong>antedixerat,</strong></span> 
     </span>
    </p>
   </div>
   <div class='ocr_carea' id='block_1_72' title="bbox 2173 1162 3763 1235">
    <p class='ocr_par' dir='ltr' id='par_1_72' title="bbox 2173 1162 3763 1235">
     <span class='ocr_line' id='line_1_72' title="bbox 2173 1162 3763 1235; baseline -0.004 -15"><span class='ocrx_word' id='word_1_605' title='bbox 2173 1164 2339 1235; x_wconf 81' lang='lat' dir='ltr'><strong>Super</strong></span> <span class='ocrx_word' id='word_1_606' title='bbox 2361 1174 2531 1219; x_wconf 75' lang='lat' dir='ltr'><strong>omnes</strong></span> <span class='ocrx_word' id='word_1_607' title='bbox 2556 1164 2787 1219; x_wconf 84' lang='lat' dir='ltr'><strong>docentes</strong></span> <span class='ocrx_word' id='word_1_608' title='bbox 2815 1180 2893 1219; x_wconf 87' lang='lat' dir='ltr'><strong>me</strong></span> <span class='ocrx_word' id='word_1_609' title='bbox 2916 1163 3157 1219; x_wconf 64' lang='lat' dir='ltr'><strong>intellexi.</strong></span> <span class='ocrx_word' id='word_1_610' title='bbox 3191 1162 3389 1219; x_wconf 78' lang='lat' dir='ltr'><strong>Omnes</strong></span> <span class='ocrx_word' id='word_1_611' title='bbox 3409 1162 3551 1218; x_wconf 87' lang='lat' dir='ltr'><strong>enim</strong></span> <span class='ocrx_word' id='word_1_612' title='bbox 3572 1162 3763 1227; x_wconf 77' lang='lat' dir='ltr'><strong>utique</strong></span> 
     </span>
    </p>
   </div>
   <div class='ocr_carea' id='block_1_73' title="bbox 2174 1252 3764 1327">
    <p class='ocr_par' dir='ltr' id='par_1_73' title="bbox 2174 1252 3764 1327">
     <span class='ocr_line' id='line_1_73' title="bbox 2174 1252 3764 1327; baseline -0.003 -16"><span class='ocrx_word' id='word_1_613' title='bbox 2174 1256 2415 1312; x_wconf 78' lang='lat' dir='ltr'><strong>homines</strong></span> <span class='ocrx_word' id='word_1_614' title='bbox 2438 1258 2546 1311; x_wconf 87' lang='lat' dir='ltr'><strong>vult</strong></span> <span class='ocrx_word' id='word_1_615' title='bbox 2573 1258 2809 1327; x_wconf 87' lang='lat' dir='ltr'><strong>intelligi,</strong></span> <span class='ocrx_word' id='word_1_616' title='bbox 2834 1266 2936 1310; x_wconf 82' lang='lat' dir='ltr'><strong>nun</strong></span> <span class='ocrx_word' id='word_1_617' title='bbox 2959 1257 3123 1311; x_wconf 88' lang='lat' dir='ltr'><strong>Deum</strong></span> <span class='ocrx_word' id='word_1_618' title='bbox 3148 1256 3353 1310; x_wconf 88' lang='lat' dir='ltr'><strong>Patrem</strong></span> <span class='ocrx_word' id='word_1_619' title='bbox 3372 1272 3387 1321; x_wconf 88' lang='lat'><strong>;</strong></span> <span class='ocrx_word' id='word_1_620' title='bbox 3403 1254 3469 1308; x_wconf 89' lang='lat' dir='ltr'><strong>de</strong></span> <span class='ocrx_word' id='word_1_621' title='bbox 3489 1264 3597 1323; x_wconf 88' lang='lat' dir='ltr'><strong>quo</strong></span> <span class='ocrx_word' id='word_1_622' title='bbox 3623 1252 3764 1307; x_wconf 77' lang='lat' dir='ltr'><strong>dicit</strong></span> 
     </span>
    </p>
   </div>
   <div class='ocr_carea' id='block_1_74' title="bbox 2167 1344 3760 1419">
    <p class='ocr_par' dir='ltr' id='par_1_74' title="bbox 2167 1344 3760 1419">
     <span class='ocr_line' id='line_1_74' title="bbox 2167 1344 3760 1419; baseline -0.003 -15"><span class='ocrx_word' id='word_1_623' title='bbox 2167 1350 2280 1419; x_wconf 81' lang='lat' dir='ltr'><strong>ipse</strong></span> <span class='ocrx_word' id='word_1_624' title='bbox 2312 1350 2493 1413; x_wconf 82' lang='lat' dir='ltr'><strong>Filius,</strong></span> <span class='ocrx_word' id='word_1_625' title='bbox 2531 1349 2674 1405; x_wconf 83' lang='lat' dir='ltr'><strong>Sicut</strong></span> <span class='ocrx_word' id='word_1_626' title='bbox 2700 1349 2869 1402; x_wconf 79' lang='lat' dir='ltr'><strong>decuit</strong></span> <span class='ocrx_word' id='word_1_627' title='bbox 2898 1363 2976 1402; x_wconf 90' lang='lat' dir='ltr'><strong>me</strong></span> <span class='ocrx_word' id='word_1_628' title='bbox 3012 1346 3187 1410; x_wconf 83' lang='lat' dir='ltr'><strong>Pater,</strong></span> <span class='ocrx_word' id='word_1_629' title='bbox 3211 1348 3319 1400; x_wconf 73' lang='lat' dir='ltr'><strong>luce</strong></span> <span class='ocrx_word' id='word_1_630' title='bbox 3347 1348 3525 1417; x_wconf 71' lang='lat' dir='ltr'><strong>loquor</strong></span> <span class='ocrx_word' id='word_1_631' title='bbox 3554 1344 3760 1418; x_wconf 70' lang='lat' dir='ltr'><strong>(Iam:</strong></span> 
     </span>
    </p>
   </div>
   <div class='ocr_carea' id='block_1_75' title="bbox 2166 1435 3765 1510">
    <p class='ocr_par' dir='ltr' id='par_1_75' title="bbox 2166 1435 3765 1510">
     <span class='ocr_line' id='line_1_75' title="bbox 2166 1435 3765 1510; baseline -0.004 -13"><span class='ocrx_word' id='word_1_632' title='bbox 2166 1454 2277 1507; x_wconf 88' lang='lat' dir='ltr'><strong>vm,</strong></span> <span class='ocrx_word' id='word_1_633' title='bbox 2306 1442 2375 1495; x_wconf 73' lang='lat'><strong>28</strong></span> <span class='ocrx_word' id='word_1_634' title='bbox 2397 1443 2433 1510; x_wconf 88' lang='lat'><strong>).</strong></span> <span class='ocrx_word' id='word_1_635' title='bbox 2472 1435 2623 1509; x_wconf 85' lang='lat' dir='ltr'><strong>Quod</strong></span> <span class='ocrx_word' id='word_1_636' title='bbox 2648 1440 2961 1496; x_wconf 78' lang='lat' dir='ltr'><strong>difﬁcillime</strong></span> <span class='ocrx_word' id='word_1_637' title='bbox 2994 1456 3057 1499; x_wconf 75' lang='lat' dir='ltr'><strong>ex</strong></span> <span class='ocrx_word' id='word_1_638' title='bbox 3091 1444 3317 1509; x_wconf 76' lang='lat' dir='ltr'><strong>perSon‘a</strong></span> <span class='ocrx_word' id='word_1_639' title='bbox 3351 1438 3508 1493; x_wconf 83' lang='lat' dir='ltr'><strong>Verbi</strong></span> <span class='ocrx_word' id='word_1_640' title='bbox 3559 1437 3765 1491; x_wconf 80' lang='lat' dir='ltr'><strong>intelli-</strong></span> 
     </span>
    </p>
   </div>
   <div class='ocr_carea' id='block_1_76' title="bbox 2165 1529 3763 1604">
    <p class='ocr_par' dir='ltr' id='par_1_76' title="bbox 2165 1529 3763 1604">
     <span class='ocr_line' id='line_1_76' title="bbox 2165 1529 3763 1604; baseline -0.004 -16"><span class='ocrx_word' id='word_1_641' title='bbox 2165 1534 2337 1604; x_wconf 84' lang='lat' dir='ltr'><strong>gitur;</strong></span> <span class='ocrx_word' id='word_1_642' title='bbox 2394 1534 2492 1587; x_wconf 89' lang='lat' dir='ltr'><strong>nisi</strong></span> <span class='ocrx_word' id='word_1_643' title='bbox 2533 1534 2651 1602; x_wconf 87' lang='lat' dir='ltr'><strong>quis</strong></span> <span class='ocrx_word' id='word_1_644' title='bbox 2694 1539 2978 1602; x_wconf 89' lang='lat' dir='ltr'><strong>utcumque</strong></span> <span class='ocrx_word' id='word_1_645' title='bbox 3022 1546 3213 1601; x_wconf 86' lang='lat' dir='ltr'><strong>capere</strong></span> <span class='ocrx_word' id='word_1_646' title='bbox 3238 1532 3410 1586; x_wconf 85' lang='lat' dir='ltr'><strong>valeat</strong></span> <span class='ocrx_word' id='word_1_647' title='bbox 3437 1530 3491 1585; x_wconf 86' lang='lat' dir='ltr'><strong>id</strong></span> <span class='ocrx_word' id='word_1_648' title='bbox 3519 1542 3640 1584; x_wconf 87' lang='lat' dir='ltr'><strong>esse</strong></span> <span class='ocrx_word' id='word_1_649' title='bbox 3668 1529 3763 1583; x_wconf 81' lang='lat' dir='ltr'><strong>Fi-</strong></span> 
     </span>
    </p>
   </div>
   <div class='ocr_carea' id='block_1_77' title="bbox 2166 1620 3763 1693">
    <p class='ocr_par' dir='ltr' id='par_1_77' title="bbox 2166 1620 3763 1693">
     <span class='ocr_line' id='line_1_77' title="bbox 2166 1620 3763 1693; baseline -0.002 -15"><span class='ocrx_word' id='word_1_650' title='bbox 2166 1625 2292 1680; x_wconf 88' lang='lat' dir='ltr'><strong>lium</strong></span> <span class='ocrx_word' id='word_1_651' title='bbox 2314 1641 2342 1678; x_wconf 89' lang='lat' dir='ltr'><strong>a</strong></span> <span class='ocrx_word' id='word_1_652' title='bbox 2362 1625 2516 1679; x_wconf 90' lang='lat' dir='ltr'><strong>Patre</strong></span> <span class='ocrx_word' id='word_1_653' title='bbox 2536 1624 2772 1689; x_wconf 90' lang='lat' dir='ltr'><strong>doctum,</strong></span> <span class='ocrx_word' id='word_1_654' title='bbox 2792 1622 2932 1693; x_wconf 91' lang='lat' dir='ltr'><strong>quod</strong></span> <span class='ocrx_word' id='word_1_655' title='bbox 2960 1622 3216 1692; x_wconf 77' lang='lat' dir='ltr'><strong>genitum.</strong></span> <span class='ocrx_word' id='word_1_656' title='bbox 3241 1620 3334 1676; x_wconf 88' lang='lat' dir='ltr'><strong>Cui</strong></span> <span class='ocrx_word' id='word_1_657' title='bbox 3364 1622 3507 1677; x_wconf 91' lang='lat' dir='ltr'><strong>enim</strong></span> <span class='ocrx_word' id='word_1_658' title='bbox 3535 1636 3643 1675; x_wconf 89' lang='lat' dir='ltr'><strong>non</strong></span> <span class='ocrx_word' id='word_1_659' title='bbox 3673 1625 3763 1675; x_wconf 71' lang='lat' dir='ltr'><strong>est</strong></span> 
     </span>
    </p>
   </div>
   <div class='ocr_carea' id='block_1_78' title="bbox 2165 1714 3761 1785">
    <p class='ocr_par' dir='ltr' id='par_1_78' title="bbox 2165 1714 3761 1785">
     <span class='ocr_line' id='line_1_78' title="bbox 2165 1714 3761 1785; baseline -0.001 -16"><span class='ocrx_word' id='word_1_660' title='bbox 2165 1716 2305 1771; x_wconf 79' lang='lat' dir='ltr'><strong>aliud</strong></span> <span class='ocrx_word' id='word_1_661' title='bbox 2333 1730 2472 1780; x_wconf 86' lang='lat' dir='ltr'><strong>esse,</strong></span> <span class='ocrx_word' id='word_1_662' title='bbox 2503 1715 2646 1770; x_wconf 88' lang='lat' dir='ltr'><strong>aliud</strong></span> <span class='ocrx_word' id='word_1_663' title='bbox 2682 1715 2895 1769; x_wconf 90' lang='lat' dir='ltr'><strong>doctum</strong></span> <span class='ocrx_word' id='word_1_664' title='bbox 2922 1728 3061 1783; x_wconf 86' lang='lat' dir='ltr'><strong>esse,</strong></span> <span class='ocrx_word' id='word_1_665' title='bbox 3094 1714 3187 1769; x_wconf 88' lang='lat' dir='ltr'><strong>sed</strong></span> <span class='ocrx_word' id='word_1_666' title='bbox 3216 1714 3357 1785; x_wconf 89' lang='lat' dir='ltr'><strong>quod</strong></span> <span class='ocrx_word' id='word_1_667' title='bbox 3385 1714 3460 1769; x_wconf 90' lang='lat' dir='ltr'><strong>illi</strong></span> <span class='ocrx_word' id='word_1_668' title='bbox 3488 1721 3571 1769; x_wconf 86' lang='lat' dir='ltr'><strong>est</strong></span> <span class='ocrx_word' id='word_1_669' title='bbox 3598 1726 3721 1768; x_wconf 74' lang='lat' dir='ltr'><strong>esse</strong></span> <span class='ocrx_word' id='word_1_670' title='bbox 3740 1753 3761 1776; x_wconf 92' lang='lat'><strong>,</strong></span> 
     </span>
    </p>
   </div>
   <div class='ocr_carea' id='block_1_79' title="bbox 2165 1802 3769 1879">
    <p class='ocr_par' dir='ltr' id='par_1_79' title="bbox 2165 1802 3769 1879">
     <span class='ocr_line' id='line_1_79' title="bbox 2165 1802 3769 1879; baseline -0.001 -17"><span class='ocrx_word' id='word_1_671' title='bbox 2165 1808 2266 1864; x_wconf 94' lang='lat' dir='ltr'><strong>hoc</strong></span> <span class='ocrx_word' id='word_1_672' title='bbox 2294 1818 2376 1864; x_wconf 83' lang='lat' dir='ltr'><strong>est</strong></span> <span class='ocrx_word' id='word_1_673' title='bbox 2402 1810 2613 1863; x_wconf 88' lang='lat' dir='ltr'><strong>doctum</strong></span> <span class='ocrx_word' id='word_1_674' title='bbox 2658 1822 2811 1875; x_wconf 89' lang='lat' dir='ltr'><strong>esse;</strong></span> <span class='ocrx_word' id='word_1_675' title='bbox 2842 1808 3082 1877; x_wconf 76' lang='lat' dir='ltr'><strong>profecto</strong></span> <span class='ocrx_word' id='word_1_676' title='bbox 3110 1821 3137 1860; x_wconf 88' lang='lat' dir='ltr'><strong>a</strong></span> <span class='ocrx_word' id='word_1_677' title='bbox 3167 1820 3271 1879; x_wconf 90' lang='lat' dir='ltr'><strong>quo</strong></span> <span class='ocrx_word' id='word_1_678' title='bbox 3300 1802 3346 1862; x_wconf 85' lang='lat' dir='ltr'><strong>ei</strong></span> <span class='ocrx_word' id='word_1_679' title='bbox 3390 1816 3473 1863; x_wconf 88' lang='lat' dir='ltr'><strong>est</strong></span> <span class='ocrx_word' id='word_1_680' title='bbox 3499 1818 3618 1863; x_wconf 85' lang='lat' dir='ltr'><strong>esse</strong></span> <span class='ocrx_word' id='word_1_681' title='bbox 3642 1849 3659 1873; x_wconf 93' lang='lat'><strong>,</strong></span> <span class='ocrx_word' id='word_1_682' title='bbox 3689 1805 3769 1861; x_wconf 81' lang='lat' dir='ltr'><strong>ab</strong></span> 
     </span>
    </p>
   </div>
   <div class='ocr_carea' id='block_1_80' title="bbox 2166 1898 3765 1968">
    <p class='ocr_par' dir='ltr' id='par_1_80' title="bbox 2166 1898 3765 1968">
     <span class='ocr_line' id='line_1_80' title="bbox 2166 1898 3765 1968; baseline -0.002 -13"><span class='ocrx_word' id='word_1_683' title='bbox 2166 1901 2259 1956; x_wconf 84' lang='lat' dir='ltr'><strong>illo</strong></span> <span class='ocrx_word' id='word_1_684' title='bbox 2279 1902 2434 1955; x_wconf 86' lang='lat' dir='ltr'><strong>simul</strong></span> <span class='ocrx_word' id='word_1_685' title='bbox 2463 1901 2510 1955; x_wconf 88' lang='lat' dir='ltr'><strong>ei</strong></span> <span class='ocrx_word' id='word_1_686' title='bbox 2540 1910 2620 1956; x_wconf 69' lang='lat' dir='ltr'><strong>eet</strong></span> <span class='ocrx_word' id='word_1_687' title='bbox 2650 1901 2865 1955; x_wconf 87' lang='lat' dir='ltr'><strong>doctum</strong></span> <span class='ocrx_word' id='word_1_688' title='bbox 2895 1913 3030 1954; x_wconf 83' lang='lat' dir='ltr'><strong>esse.</strong></span> <span class='ocrx_word' id='word_1_689' title='bbox 3068 1899 3145 1954; x_wconf 69' lang='lat' dir='ltr'><strong>Ex</strong></span> <span class='ocrx_word' id='word_1_690' title='bbox 3177 1913 3401 1968; x_wconf 86' lang='lat' dir='ltr'><strong>persona</strong></span> <span class='ocrx_word' id='word_1_691' title='bbox 3425 1910 3554 1955; x_wconf 83' lang='lat' dir='ltr'><strong>vero</strong></span> <span class='ocrx_word' id='word_1_692' title='bbox 3582 1898 3765 1954; x_wconf 64' lang='lat' dir='ltr'><strong>homi-</strong></span> 
     </span>
    </p>
   </div>
   <div class='ocr_carea' id='block_1_81' title="bbox 2164 1988 3761 2062">
    <p class='ocr_par' dir='ltr' id='par_1_81' title="bbox 2164 1988 3761 2062">
     <span class='ocr_line' id='line_1_81' title="bbox 2164 1988 3761 2062; baseline -0.003 -15"><span class='ocrx_word' id='word_1_693' title='bbox 2164 1995 2267 2059; x_wconf 82' lang='lat' dir='ltr'><strong>nis,</strong></span> <span class='ocrx_word' id='word_1_694' title='bbox 2297 1993 2383 2047; x_wconf 87' lang='lat' dir='ltr'><strong>ubi</strong></span> <span class='ocrx_word' id='word_1_695' title='bbox 2416 1995 2638 2046; x_wconf 80' lang='lat' dir='ltr'><strong>formam</strong></span> <span class='ocrx_word' id='word_1_696' title='bbox 2680 1993 2817 2047; x_wconf 88' lang='lat' dir='ltr'><strong>servi</strong></span> <span class='ocrx_word' id='word_1_697' title='bbox 2862 1993 3069 2061; x_wconf 85' lang='lat' dir='ltr'><strong>accepit</strong></span> <span class='ocrx_word' id='word_1_698' title='bbox 3096 1988 3114 2061; x_wconf 95' lang='lat'><strong>(</strong></span> <span class='ocrx_word' id='word_1_699' title='bbox 3142 1990 3373 2062; x_wconf 77' lang='lat' dir='ltr'><strong>P/tilipp.</strong></span> <span class='ocrx_word' id='word_1_700' title='bbox 3406 2007 3463 2057; x_wconf 74' lang='lat' dir='ltr'><strong>n,</strong></span> <span class='ocrx_word' id='word_1_701' title='bbox 3488 1992 3519 2045; x_wconf 86' lang='lat'><strong>7</strong></span> <span class='ocrx_word' id='word_1_702' title='bbox 3547 1990 3588 2062; x_wconf 91' lang='lat'><strong>),</strong></span> <span class='ocrx_word' id='word_1_703' title='bbox 3623 1990 3761 2043; x_wconf 71' lang='lat' dir='ltr'><strong>faci-</strong></span> 
     </span>
    </p>
   </div>
   <div class='ocr_carea' id='block_1_82' title="bbox 2166 2080 3767 2153">
    <p class='ocr_par' dir='ltr' id='par_1_82' title="bbox 2166 2080 3767 2153">
     <span class='ocr_line' id='line_1_82' title="bbox 2166 2080 3767 2153; baseline -0.002 -14"><span class='ocrx_word' id='word_1_704' title='bbox 2166 2085 2268 2139; x_wconf 87' lang='lat' dir='ltr'><strong>lius</strong></span> <span class='ocrx_word' id='word_1_705' title='bbox 2299 2083 2610 2153; x_wconf 74' lang='lat' dir='ltr'><strong>intelligitur</strong></span> <span class='ocrx_word' id='word_1_706' title='bbox 2636 2097 2664 2137; x_wconf 85' lang='lat' dir='ltr'><strong>a</strong></span> <span class='ocrx_word' id='word_1_707' title='bbox 2710 2084 2863 2137; x_wconf 85' lang='lat' dir='ltr'><strong>Patre</strong></span> <span class='ocrx_word' id='word_1_708' title='bbox 2891 2082 3139 2136; x_wconf 78' lang='lat' dir='ltr'><strong>ditliciSse</strong></span> <span class='ocrx_word' id='word_1_709' title='bbox 3165 2096 3283 2152; x_wconf 69' lang='lat' dir='ltr'><strong>quas</strong></span> <span class='ocrx_word' id='word_1_710' title='bbox 3317 2081 3449 2135; x_wconf 83' lang='lat' dir='ltr'><strong>dixit</strong></span> <span class='ocrx_word' id='word_1_711' title='bbox 3497 2098 3510 2134; x_wconf 91' lang='lat'>:</span> <span class='ocrx_word' id='word_1_712' title='bbox 3552 2080 3605 2135; x_wconf 89' lang='lat' dir='ltr'><strong>in</strong></span> <span class='ocrx_word' id='word_1_713' title='bbox 3651 2095 3767 2150; x_wconf 66' lang='lat' dir='ltr'><strong>qua</strong></span> 
     </span>
    </p>
   </div>
   <div class='ocr_carea' id='block_1_83' title="bbox 2164 2174 3769 2243">
    <p class='ocr_par' dir='ltr' id='par_1_83' title="bbox 2164 2174 3769 2243">
     <span class='ocr_line' id='line_1_83' title="bbox 2164 2174 3769 2243; baseline -0.001 -13"><span class='ocrx_word' id='word_1_714' title='bbox 2164 2176 2337 2230; x_wconf 83' lang='lat' dir='ltr'><strong>{orm‘a</strong></span> <span class='ocrx_word' id='word_1_715' title='bbox 2363 2176 2505 2230; x_wconf 84' lang='lat' dir='ltr'><strong>servi</strong></span> <span class='ocrx_word' id='word_1_716' title='bbox 2531 2175 2899 2239; x_wconf 84' lang='lat' dir='ltr'><strong>constitutum,</strong></span> <span class='ocrx_word' id='word_1_717' title='bbox 2935 2174 3165 2228; x_wconf 79' lang='lat' dir='ltr'><strong>maxime</strong></span> <span class='ocrx_word' id='word_1_718' title='bbox 3186 2186 3431 2243; x_wconf 87' lang='lat' dir='ltr'><strong>puerum,</strong></span> <span class='ocrx_word' id='word_1_719' title='bbox 3466 2180 3769 2243; x_wconf 78' lang='lat' dir='ltr'><strong>potuerunt</strong></span> 
     </span>
    </p>
   </div>
   <div class='ocr_carea' id='block_1_84' title="bbox 2164 2261 3769 2335">
    <p class='ocr_par' dir='ltr' id='par_1_84' title="bbox 2164 2261 3769 2335">
     <span class='ocr_line' id='line_1_84' title="bbox 2164 2261 3769 2335; baseline -0.002 -12"><span class='ocrx_word' id='word_1_720' title='bbox 2164 2283 2285 2323; x_wconf 90' lang='lat' dir='ltr'><strong>eum</strong></span> <span class='ocrx_word' id='word_1_721' title='bbox 2328 2267 2573 2322; x_wconf 85' lang='lat' dir='ltr'><strong>homines</strong></span> <span class='ocrx_word' id='word_1_722' title='bbox 2617 2266 2837 2335; x_wconf 75' lang='lat' dir='ltr'><strong>majoris</strong></span> <span class='ocrx_word' id='word_1_723' title='bbox 2863 2265 3034 2320; x_wconf 57' lang='lat' dir='ltr'><strong>astatis</strong></span> <span class='ocrx_word' id='word_1_724' title='bbox 3075 2264 3373 2319; x_wconf 81' lang='lat' dir='ltr'><strong>ducendum</strong></span> <span class='ocrx_word' id='word_1_725' title='bbox 3406 2271 3625 2335; x_wconf 87' lang='lat' dir='ltr'><strong>putare,</strong></span> <span class='ocrx_word' id='word_1_726' title='bbox 3660 2261 3769 2319; x_wconf 78' lang='lat' dir='ltr'><strong>sed</strong></span> 
     </span>
    </p>
   </div>
   <div class='ocr_carea' id='block_1_85' title="bbox 2164 2355 3762 2429">
    <p class='ocr_par' dir='ltr' id='par_1_85' title="bbox 2164 2355 3762 2429">
     <span class='ocr_line' id='line_1_85' title="bbox 2164 2355 3762 2429; baseline -0.004 -15"><span class='ocrx_word' id='word_1_727' title='bbox 2164 2361 2250 2415; x_wconf 87' lang='lat' dir='ltr'><strong>ille</strong></span> <span class='ocrx_word' id='word_1_728' title='bbox 2278 2372 2436 2429; x_wconf 88' lang='lat' dir='ltr'><strong>quem</strong></span> <span class='ocrx_word' id='word_1_729' title='bbox 2465 2358 2621 2413; x_wconf 89' lang='lat' dir='ltr'><strong>Pater</strong></span> <span class='ocrx_word' id='word_1_730' title='bbox 2647 2358 2865 2423; x_wconf 90' lang='lat' dir='ltr'><strong>docuit,</strong></span> <span class='ocrx_word' id='word_1_731' title='bbox 2894 2366 3056 2426; x_wconf 74' lang='lat' dir='ltr'><strong>seper</strong></span> <span class='ocrx_word' id='word_1_732' title='bbox 3092 2368 3281 2411; x_wconf 84' lang='lat' dir='ltr'><strong>omnes</strong></span> <span class='ocrx_word' id='word_1_733' title='bbox 3305 2355 3561 2409; x_wconf 90' lang='lat' dir='ltr'><strong>docentes</strong></span> <span class='ocrx_word' id='word_1_734' title='bbox 3586 2368 3647 2409; x_wconf 89' lang='lat' dir='ltr'><strong>se</strong></span> <span class='ocrx_word' id='word_1_735' title='bbox 3668 2355 3762 2409; x_wconf 87' lang='lat' dir='ltr'><strong>in—</strong></span> 
     </span>
    </p>
   </div>
   <div class='ocr_carea' id='block_1_86' title="bbox 2164 2444 3758 2521">
    <p class='ocr_par' dir='ltr' id='par_1_86' title="bbox 2164 2444 3758 2521">
     <span class='ocr_line' id='line_1_86' title="bbox 2164 2444 3758 2521; baseline -0.005 -12"><span class='ocrx_word' id='word_1_736' title='bbox 2164 2455 2381 2509; x_wconf 82' lang='lat' dir='ltr'><strong>tellexit.</strong></span> <span class='ocrx_word' id='word_1_737' title='bbox 2416 2454 2549 2521; x_wconf 78' lang='lat' dir='ltr'><strong>Quia</strong></span> <span class='ocrx_word' id='word_1_738' title='bbox 2570 2452 2873 2518; x_wconf 76' lang='lat' dir='ltr'><strong>testimonia,</strong></span> <span class='ocrx_word' id='word_1_739' title='bbox 2904 2444 3093 2520; x_wconf 67' lang='lat' dir='ltr'><strong>inquit,</strong></span> <span class='ocrx_word' id='word_1_740' title='bbox 3123 2458 3210 2502; x_wconf 83' lang='lat' dir='ltr'><strong>tua</strong></span> <span class='ocrx_word' id='word_1_741' title='bbox 3239 2448 3498 2503; x_wconf 76' lang='lat' dir='ltr'><strong>meditatio</strong></span> <span class='ocrx_word' id='word_1_742' title='bbox 3524 2454 3641 2501; x_wconf 80' lang='lat' dir='ltr'><strong>mea</strong></span> <span class='ocrx_word' id='word_1_743' title='bbox 3659 2456 3758 2501; x_wconf 77' lang='lat' dir='ltr'><strong>est.</strong></span> 
     </span>
    </p>
   </div>
   <div class='ocr_carea' id='block_1_87' title="bbox 2163 2538 3761 2616">
    <p class='ocr_par' dir='ltr' id='par_1_87' title="bbox 2163 2538 3761 2616">
     <span class='ocr_line' id='line_1_87' title="bbox 2163 2538 3761 2616; baseline -0.008 -13"><span class='ocrx_word' id='word_1_744' title='bbox 2163 2548 2290 2603; x_wconf 90' lang='lat' dir='ltr'><strong>Ideo</strong></span> <span class='ocrx_word' id='word_1_745' title='bbox 2317 2554 2478 2616; x_wconf 85' lang='lat' dir='ltr'><strong>super</strong></span> <span class='ocrx_word' id='word_1_746' title='bbox 2504 2554 2690 2599; x_wconf 87' lang='lat' dir='ltr'><strong>omnes</strong></span> <span class='ocrx_word' id='word_1_747' title='bbox 2711 2544 2969 2598; x_wconf 75' lang='lat' dir='ltr'><strong>docentes</strong></span> <span class='ocrx_word' id='word_1_748' title='bbox 2990 2551 3053 2597; x_wconf 78' lang='lat' dir='ltr'><strong>se</strong></span> <span class='ocrx_word' id='word_1_749' title='bbox 3075 2540 3421 2611; x_wconf 60' lang='lat' dir='ltr'><strong>inteiiigebai,</strong></span> <span class='ocrx_word' id='word_1_750' title='bbox 3449 2538 3572 2609; x_wconf 88' lang='lat' dir='ltr'><strong>quia</strong></span> <span class='ocrx_word' id='word_1_751' title='bbox 3601 2538 3761 2593; x_wconf 85' lang='lat' dir='ltr'><strong>testi-</strong></span> 
     </span>
    </p>
   </div>
   <div class='ocr_carea' id='block_1_88' title="bbox 2161 2629 3763 2704">
    <p class='ocr_par' dir='ltr' id='par_1_88' title="bbox 2161 2629 3763 2704">
     <span class='ocr_line' id='line_1_88' title="bbox 2161 2629 3763 2704; baseline -0.007 -9"><span class='ocrx_word' id='word_1_752' title='bbox 2161 2641 2339 2696; x_wconf 90' lang='lat' dir='ltr'><strong>monia</strong></span> <span class='ocrx_word' id='word_1_753' title='bbox 2390 2639 2486 2694; x_wconf 90' lang='lat' dir='ltr'><strong>Dei</strong></span> <span class='ocrx_word' id='word_1_754' title='bbox 2536 2637 2893 2692; x_wconf 86' lang='lat' dir='ltr'><strong>meditabatur</strong></span> <span class='ocrx_word' id='word_1_755' title='bbox 2946 2654 2959 2690; x_wconf 94' lang='lat'><strong>:</strong></span> <span class='ocrx_word' id='word_1_756' title='bbox 3002 2650 3119 2704; x_wconf 86' lang='lat' dir='ltr'><strong>quae</strong></span> <span class='ocrx_word' id='word_1_757' title='bbox 3148 2633 3339 2687; x_wconf 91' lang='lat' dir='ltr'><strong>melius</strong></span> <span class='ocrx_word' id='word_1_758' title='bbox 3381 2646 3538 2701; x_wconf 87' lang='lat' dir='ltr'><strong>quam</strong></span> <span class='ocrx_word' id='word_1_759' title='bbox 3567 2630 3645 2684; x_wconf 90' lang='lat' dir='ltr'><strong>illi</strong></span> <span class='ocrx_word' id='word_1_760' title='bbox 3686 2629 3763 2685; x_wconf 82' lang='lat' dir='ltr'><strong>de</strong></span> 
     </span>
    </p>
   </div>
   <div class='ocr_carea' id='block_1_89' title="bbox 2163 2722 3760 2803">
    <p class='ocr_par' dir='ltr' id='par_1_89' title="bbox 2163 2722 3760 2803">
     <span class='ocr_line' id='line_1_89' title="bbox 2163 2722 3760 2803; baseline -0.009 -14"><span class='ocrx_word' id='word_1_761' title='bbox 2163 2734 2339 2803; x_wconf 85' lang='lat' dir='ltr'><strong>seipse</strong></span> <span class='ocrx_word' id='word_1_762' title='bbox 2358 2736 2595 2793; x_wconf 80' lang='lat' dir='ltr'><strong>noverat,</strong></span> <span class='ocrx_word' id='word_1_763' title='bbox 2621 2730 2711 2799; x_wconf 87' lang='lat' dir='ltr'><strong>qui</strong></span> <span class='ocrx_word' id='word_1_764' title='bbox 2730 2729 2957 2793; x_wconf 78' lang='lat' dir='ltr'><strong>dicebat,</strong></span> <span class='ocrx_word' id='word_1_765' title='bbox 2971 2746 2989 2780; x_wconf 75' lang='lat' dir='ltr'><strong>c</strong></span> <span class='ocrx_word' id='word_1_766' title='bbox 3013 2725 3127 2780; x_wconf 76' lang='lat' dir='ltr'><strong>Vos</strong></span> <span class='ocrx_word' id='word_1_767' title='bbox 3142 2722 3362 2779; x_wconf 69' lang='lat' dir='ltr'><strong>misistis</strong></span> <span class='ocrx_word' id='word_1_768' title='bbox 3387 2723 3451 2777; x_wconf 71' lang='lat' dir='ltr'><strong>ad</strong></span> <span class='ocrx_word' id='word_1_769' title='bbox 3468 2722 3760 2789; x_wconf 78' lang='lat' dir='ltr'><strong>Joannem,</strong></span> 
     </span>
    </p>
   </div>
   <div class='ocr_carea' id='block_1_90' title="bbox 2162 2818 3764 2892">
    <p class='ocr_par' dir='ltr' id='par_1_90' title="bbox 2162 2818 3764 2892">
     <span class='ocr_line' id='line_1_90' title="bbox 2162 2818 3764 2892; baseline -0.01 -10"><span class='ocrx_word' id='word_1_770' title='bbox 2162 2830 2216 2882; x_wconf 82' lang='lat' dir='ltr'><strong>et</strong></span> <span class='ocrx_word' id='word_1_771' title='bbox 2258 2824 2619 2881; x_wconf 80' lang='lat' dir='ltr'><strong>teStimouium</strong></span> <span class='ocrx_word' id='word_1_772' title='bbox 2667 2821 2934 2892; x_wconf 84' lang='lat' dir='ltr'><strong>perhibuit</strong></span> <span class='ocrx_word' id='word_1_773' title='bbox 2978 2818 3187 2873; x_wconf 80' lang='lat' dir='ltr'><strong>veritati</strong></span> <span class='ocrx_word' id='word_1_774' title='bbox 3228 2834 3244 2871; x_wconf 88' lang='lat'><strong>:</strong></span> <span class='ocrx_word' id='word_1_775' title='bbox 3286 2827 3387 2886; x_wconf 85' lang='lat' dir='ltr'><strong>ego</strong></span> <span class='ocrx_word' id='word_1_776' title='bbox 3428 2824 3606 2869; x_wconf 83' lang='lat' dir='ltr'><strong>autem</strong></span> <span class='ocrx_word' id='word_1_777' title='bbox 3645 2826 3764 2867; x_wconf 80' lang='lat' dir='ltr'><strong>non</strong></span> 
     </span>
    </p>
   </div>
   <div class='ocr_carea' id='block_1_91' title="bbox 2162 2908 3767 2982">
    <p class='ocr_par' dir='ltr' id='par_1_91' title="bbox 2162 2908 3767 2982">
     <span class='ocr_line' id='line_1_91' title="bbox 2162 2908 3767 2982; baseline -0.007 -8"><span class='ocrx_word' id='word_1_778' title='bbox 2162 2919 2231 2975; x_wconf 85' lang='lat' dir='ltr'><strong>ab</strong></span> <span class='ocrx_word' id='word_1_779' title='bbox 2251 2918 2466 2973; x_wconf 88' lang='lat' dir='ltr'><strong>homine</strong></span> <span class='ocrx_word' id='word_1_780' title='bbox 2497 2916 2855 2971; x_wconf 75' lang='lat' dir='ltr'><strong>testimonium</strong></span> <span class='ocrx_word' id='word_1_781' title='bbox 2884 2913 3093 2982; x_wconf 84' lang='lat' dir='ltr'><strong>aceipio‘</strong></span> <span class='ocrx_word' id='word_1_782' title='bbox 3110 2934 3129 2977; x_wconf 91' lang='grc'>,·</span> <span class='ocrx_word' id='word_1_783' title='bbox 3156 2910 3253 2966; x_wconf 83' lang='lat' dir='ltr'><strong>sed</strong></span> <span class='ocrx_word' id='word_1_784' title='bbox 3278 2909 3396 2964; x_wconf 75' lang='lat' dir='ltr'><strong>htee</strong></span> <span class='ocrx_word' id='word_1_785' title='bbox 3421 2908 3543 2962; x_wconf 88' lang='lat' dir='ltr'><strong>dico</strong></span> <span class='ocrx_word' id='word_1_786' title='bbox 3564 2914 3622 2961; x_wconf 89' lang='lat' dir='ltr'><strong>ut</strong></span> <span class='ocrx_word' id='word_1_787' title='bbox 3658 2920 3767 2962; x_wconf 72' lang='lat' dir='ltr'><strong>vos</strong></span> 
     </span>
    </p>
   </div>
   <div class='ocr_carea' id='block_1_92' title="bbox 2162 3001 3767 3065">
    <p class='ocr_par' dir='ltr' id='par_1_92' title="bbox 2162 3001 3767 3065">
     <span class='ocr_line' id='line_1_92' title="bbox 2162 3001 3767 3065; baseline -0.009 0"><span class='ocrx_word' id='word_1_788' title='bbox 2162 3010 2292 3065; x_wconf 70' lang='lat' dir='ltr'><strong>salVl</strong></span> <span class='ocrx_word' id='word_1_789' title='bbox 2332 3010 2466 3065; x_wconf 66' lang='lat' dir='ltr'><strong>Sitis.</strong></span> <span class='ocrx_word' id='word_1_790' title='bbox 2499 3008 2592 3061; x_wconf 85' lang='lat' dir='ltr'><strong>ille</strong></span> <span class='ocrx_word' id='word_1_791' title='bbox 2614 3013 2726 3062; x_wconf 87' lang='lat' dir='ltr'><strong>erat</strong></span> <span class='ocrx_word' id='word_1_792' title='bbox 2754 3006 2966 3060; x_wconf 78' lang='lat' dir='ltr'><strong>lucerna</strong></span> <span class='ocrx_word' id='word_1_793' title='bbox 2994 3004 3191 3058; x_wconf 78' lang='lat' dir='ltr'><strong>ardens</strong></span> <span class='ocrx_word' id='word_1_794' title='bbox 3208 3010 3265 3057; x_wconf 86' lang='lat' dir='ltr'><strong>et.</strong></span> <span class='ocrx_word' id='word_1_795' title='bbox 3292 3001 3507 3064; x_wconf 87' lang='lat' dir='ltr'><strong>lucens;</strong></span> <span class='ocrx_word' id='word_1_796' title='bbox 3534 3002 3631 3053; x_wconf 79' lang='lat' dir='ltr'><strong>vos</strong></span> <span class='ocrx_word' id='word_1_797' title='bbox 3654 3012 3767 3051; x_wconf 85' lang='lat' dir='ltr'><strong>au—</strong></span> 
     </span>
    </p>
   </div>
   <div class='ocr_carea' id='block_1_93' title="bbox 2164 3091 3769 3161">
    <p class='ocr_par' dir='ltr' id='par_1_93' title="bbox 2164 3091 3769 3161">
     <span class='ocr_line' id='line_1_93' title="bbox 2164 3091 3769 3161; baseline -0.011 0"><span class='ocrx_word' id='word_1_798' title='bbox 2164 3113 2269 3161; x_wconf 88' lang='lat' dir='ltr'><strong>tem</strong></span> <span class='ocrx_word' id='word_1_799' title='bbox 2299 3102 2539 3159; x_wconf 83' lang='lat' dir='ltr'><strong>voluistis</strong></span> <span class='ocrx_word' id='word_1_800' title='bbox 2555 3100 2822 3155; x_wconf 79' lang='lat' dir='ltr'><strong>exsultare</strong></span> <span class='ocrx_word' id='word_1_801' title='bbox 2845 3098 2910 3152; x_wconf 87' lang='lat' dir='ltr'><strong>ad</strong></span> <span class='ocrx_word' id='word_1_802' title='bbox 2930 3097 3113 3150; x_wconf 82' lang='lat' dir='ltr'><strong>horam</strong></span> <span class='ocrx_word' id='word_1_803' title='bbox 3141 3092 3190 3147; x_wconf 88' lang='lat' dir='ltr'><strong>in</strong></span> <span class='ocrx_word' id='word_1_804' title='bbox 3223 3094 3341 3148; x_wconf 77' lang='lat' dir='ltr'><strong>iu‘ce</strong></span> <span class='ocrx_word' id='word_1_805' title='bbox 3364 3091 3479 3161; x_wconf 77' lang='lat' dir='ltr'><strong>ejds</strong></span> <span class='ocrx_word' id='word_1_806' title='bbox 3504 3107 3518 3145; x_wconf 89' lang='lat'><strong>:</strong></span> <span class='ocrx_word' id='word_1_807' title='bbox 3540 3104 3641 3160; x_wconf 76' lang='lat' dir='ltr'><strong>ego</strong></span> <span class='ocrx_word' id='word_1_808' title='bbox 3658 3104 3769 3144; x_wconf 83' lang='lat' dir='ltr'><strong>au-</strong></span> 
     </span>
    </p>
   </div>
   <div class='ocr_carea' id='block_1_94' title="bbox 2164 3180 3756 3257">
    <p class='ocr_par' dir='ltr' id='par_1_94' title="bbox 2164 3180 3756 3257">
     <span class='ocr_line' id='line_1_94' title="bbox 2164 3180 3756 3257; baseline -0.013 -5"><span class='ocrx_word' id='word_1_809' title='bbox 2164 3206 2271 3252; x_wconf 89' lang='lat' dir='ltr'><strong>tem</strong></span> <span class='ocrx_word' id='word_1_810' title='bbox 2306 3195 2479 3249; x_wconf 85' lang='lat' dir='ltr'><strong>habeo</strong></span> <span class='ocrx_word' id='word_1_811' title='bbox 2523 3191 2883 3248; x_wconf 82' lang='lat' dir='ltr'><strong>testimonium</strong></span> <span class='ocrx_word' id='word_1_812' title='bbox 2939 3188 3113 3257; x_wconf 78' lang='lat' dir='ltr'><strong>majus</strong></span> <span class='ocrx_word' id='word_1_813' title='bbox 3142 3186 3348 3241; x_wconf 74' lang='lat' dir='ltr'><strong>Joanne</strong></span> <span class='ocrx_word' id='word_1_814' title='bbox 3403 3198 3425 3235; x_wconf 75' lang='grc' dir='ltr'><strong>ι</strong></span> <span class='ocrx_word' id='word_1_815' title='bbox 3458 3180 3476 3253; x_wconf 86' lang='grc'>(</span> <span class='ocrx_word' id='word_1_816' title='bbox 3513 3180 3672 3235; x_wconf 78' lang='lat' dir='ltr'><strong>Joan.</strong></span> <span class='ocrx_word' id='word_1_817' title='bbox 3695 3195 3756 3247; x_wconf 62' lang='grc' dir='ltr'><strong>ν,</strong></span> 
     </span>
    </p>
   </div>
   <div class='ocr_carea' id='block_1_95' title="bbox 2164 3273 3771 3359">
    <p class='ocr_par' dir='ltr' id='par_1_95' title="bbox 2164 3273 3771 3359">
     <span class='ocr_line' id='line_1_95' title="bbox 2164 3273 3771 3359; baseline -0.014 -12"><span class='ocrx_word' id='word_1_818' title='bbox 2164 3289 2335 3347; x_wconf 75' lang='lat'><strong>55-56</strong></span> <span class='ocrx_word' id='word_1_819' title='bbox 2358 3288 2397 3359; x_wconf 90' lang='lat'><strong>).</strong></span> <span class='ocrx_word' id='word_1_820' title='bbox 2433 3286 2580 3341; x_wconf 82' lang='lat' dir='ltr'><strong>Talia</strong></span> <span class='ocrx_word' id='word_1_821' title='bbox 2610 3282 2912 3339; x_wconf 85' lang='lat' dir='ltr'><strong>testimonia</strong></span> <span class='ocrx_word' id='word_1_822' title='bbox 2940 3279 3321 3343; x_wconf 75' lang='lat' dir='ltr'><strong>meditabatur,</strong></span> <span class='ocrx_word' id='word_1_823' title='bbox 3350 3273 3562 3346; x_wconf 86' lang='lat' dir='ltr'><strong>quando</strong></span> <span class='ocrx_word' id='word_1_824' title='bbox 3591 3280 3771 3344; x_wconf 72' lang='lat' dir='ltr'><strong>Super</strong></span> 
     </span>
    </p>
   </div>
   <div class='ocr_carea' id='block_1_96' title="bbox 2164 3372 3023 3436">
    <p class='ocr_par' dir='ltr' id='par_1_96' title="bbox 2164 3372 3023 3436">
     <span class='ocr_line' id='line_1_96' title="bbox 2164 3372 3023 3436; baseline -0.014 0"><span class='ocrx_word' id='word_1_825' title='bbox 2164 3394 2351 3436; x_wconf 91' lang='lat' dir='ltr'><strong>omnes</strong></span> <span class='ocrx_word' id='word_1_826' title='bbox 2376 3378 2629 3433; x_wconf 88' lang='lat' dir='ltr'><strong>docentes</strong></span> <span class='ocrx_word' id='word_1_827' title='bbox 2660 3390 2717 3429; x_wconf 90' lang='lat' dir='ltr'><strong>se</strong></span> <span class='ocrx_word' id='word_1_828' title='bbox 2747 3372 3023 3428; x_wconf 83' lang='lat' dir='ltr'><strong>intellexit.</strong></span> 
     </span>
    </p>
   </div>
   <div class='ocr_carea' id='block_1_97' title="bbox 2234 3454 3769 3544">
    <p class='ocr_par' dir='ltr' id='par_1_97' title="bbox 2234 3454 3769 3544">
     <span class='ocr_line' id='line_1_97' title="bbox 2234 3454 3769 3544; baseline -0.012 -17"><span class='ocrx_word' id='word_1_829' title='bbox 2234 3472 2285 3527; x_wconf 71' lang='grc'><strong>4.</strong></span> <span class='ocrx_word' id='word_1_830' title='bbox 2333 3471 2501 3544; x_wconf 76' lang='lat' dir='ltr'><strong>[rers‘.</strong></span> <span class='ocrx_word' id='word_1_831' title='bbox 2548 3467 2710 3540; x_wconf 69' lang='lat'><strong>100.]</strong></span> <span class='ocrx_word' id='word_1_832' title='bbox 2751 3466 2830 3521; x_wconf 86' lang='lat' dir='ltr'><strong>illi</strong></span> <span class='ocrx_word' id='word_1_833' title='bbox 2876 3470 3053 3519; x_wconf 88' lang='lat' dir='ltr'><strong>autem</strong></span> <span class='ocrx_word' id='word_1_834' title='bbox 3083 3454 3335 3517; x_wconf 76' lang='lat' dir='ltr'><strong>doctores</strong></span> <span class='ocrx_word' id='word_1_835' title='bbox 3374 3470 3484 3513; x_wconf 87' lang='lat' dir='ltr'><strong>non</strong></span> <span class='ocrx_word' id='word_1_836' title='bbox 3522 3455 3769 3511; x_wconf 72' lang='lat' dir='ltr'><strong>absurdo</strong></span> 
     </span>
    </p>
   </div>
   <div class='ocr_carea' id='block_1_98' title="bbox 2164 3549 3759 3634">
    <p class='ocr_par' dir='ltr' id='par_1_98' title="bbox 2164 3549 3759 3634">
     <span class='ocr_line' id='line_1_98' title="bbox 2164 3549 3759 3634; baseline -0.013 -13"><span class='ocrx_word' id='word_1_837' title='bbox 2164 3566 2528 3634; x_wconf 89' lang='lat' dir='ltr'><strong>intelliguntur</strong></span> <span class='ocrx_word' id='word_1_838' title='bbox 2552 3560 2715 3616; x_wconf 70' lang='lat' dir='ltr'><strong>etiam</strong></span> <span class='ocrx_word' id='word_1_839' title='bbox 2741 3558 2839 3628; x_wconf 84' lang='lat' dir='ltr'><strong>ipsi</strong></span> <span class='ocrx_word' id='word_1_840' title='bbox 2870 3566 2988 3611; x_wconf 84' lang='lat' dir='ltr'><strong>esse</strong></span> <span class='ocrx_word' id='word_1_841' title='bbox 3008 3554 3247 3609; x_wconf 80' lang='lat' dir='ltr'><strong>seniores</strong></span> <span class='ocrx_word' id='word_1_842' title='bbox 3267 3594 3281 3618; x_wconf 95' lang='lat'><strong>,</strong></span> <span class='ocrx_word' id='word_1_843' title='bbox 3313 3551 3380 3606; x_wconf 85' lang='lat' dir='ltr'><strong>de</strong></span> <span class='ocrx_word' id='word_1_844' title='bbox 3406 3549 3598 3620; x_wconf 83' lang='lat' dir='ltr'><strong>quibus</strong></span> <span class='ocrx_word' id='word_1_845' title='bbox 3616 3561 3759 3603; x_wconf 82' lang='lat' dir='ltr'><strong>con-</strong></span> 
     </span>
    </p>
   </div>
   <div class='ocr_carea' id='block_1_99' title="bbox 2166 3637 3761 3723">
    <p class='ocr_par' dir='ltr' id='par_1_99' title="bbox 2166 3637 3761 3723">
     <span class='ocr_line' id='line_1_99' title="bbox 2166 3637 3761 3723; baseline -0.014 -9"><span class='ocrx_word' id='word_1_846' title='bbox 2166 3660 2312 3714; x_wconf 89' lang='lat' dir='ltr'><strong>tinuo</strong></span> <span class='ocrx_word' id='word_1_847' title='bbox 2340 3657 2501 3721; x_wconf 71' lang='lat' dir='ltr'><strong>dicit,</strong></span> <span class='ocrx_word' id='word_1_848' title='bbox 2538 3652 2707 3723; x_wconf 79' lang='lat' dir='ltr'><strong>Sup‘er</strong></span> <span class='ocrx_word' id='word_1_849' title='bbox 2750 3650 2968 3705; x_wconf 78' lang='lat' dir='ltr'><strong>seniores</strong></span> <span class='ocrx_word' id='word_1_850' title='bbox 3011 3645 3256 3700; x_wconf 73' lang='lat' dir='ltr'><strong>intellexi.</strong></span> <span class='ocrx_word' id='word_1_851' title='bbox 3286 3639 3438 3710; x_wconf 82' lang='lat' dir='ltr'><strong>Quod</strong></span> <span class='ocrx_word' id='word_1_852' title='bbox 3469 3640 3593 3696; x_wconf 86' lang='lat' dir='ltr'><strong>ideo</strong></span> <span class='ocrx_word' id='word_1_853' title='bbox 3621 3637 3761 3693; x_wconf 74' lang='lat' dir='ltr'><strong>mihi</strong></span> 
     </span>
    </p>
   </div>
   <div class='ocr_carea' id='block_1_100' title="bbox 2164 3730 3765 3818">
    <p class='ocr_par' dir='ltr' id='par_1_100' title="bbox 2164 3730 3765 3818">
     <span class='ocr_line' id='line_1_100' title="bbox 2164 3730 3765 3818; baseline -0.015 -10"><span class='ocrx_word' id='word_1_854' title='bbox 2164 3768 2229 3808; x_wconf 90' lang='lat' dir='ltr'><strong>eo</strong></span> <span class='ocrx_word' id='word_1_855' title='bbox 2256 3750 2413 3806; x_wconf 86' lang='lat' dir='ltr'><strong>modo</strong></span> <span class='ocrx_word' id='word_1_856' title='bbox 2456 3747 2743 3818; x_wconf 78' lang='lat' dir='ltr'><strong>repetitam</strong></span> <span class='ocrx_word' id='word_1_857' title='bbox 2771 3744 2978 3798; x_wconf 89' lang='lat' dir='ltr'><strong>videtur</strong></span> <span class='ocrx_word' id='word_1_858' title='bbox 3002 3782 3016 3809; x_wconf 90' lang='lat'><strong>,</strong></span> <span class='ocrx_word' id='word_1_859' title='bbox 3044 3747 3102 3794; x_wconf 86' lang='lat' dir='ltr'><strong>ut</strong></span> <span class='ocrx_word' id='word_1_860' title='bbox 3131 3737 3285 3792; x_wconf 77' lang='lat' dir='ltr'><strong>nobis</strong></span> <span class='ocrx_word' id='word_1_861' title='bbox 3311 3735 3427 3789; x_wconf 63' lang='lat' dir='ltr'><strong>haec</strong></span> <span class='ocrx_word' id='word_1_862' title='bbox 3453 3730 3765 3804; x_wconf 78' lang='lat' dir='ltr'><strong>legentibus</strong></span> 
     </span>
    </p>
   </div>
   <div class='ocr_carea' id='block_1_101' title="bbox 2164 3826 3761 3913">
    <p class='ocr_par' dir='ltr' id='par_1_101' title="bbox 2164 3826 3761 3913">
     <span class='ocr_line' id='line_1_101' title="bbox 2164 3826 3761 3913; baseline -0.014 -11"><span class='ocrx_word' id='word_1_863' title='bbox 2164 3847 2252 3902; x_wconf 91' lang='lat' dir='ltr'><strong>illa</strong></span> <span class='ocrx_word' id='word_1_864' title='bbox 2283 3850 2413 3900; x_wconf 71' lang='lat' dir='ltr'><strong>retas</strong></span> <span class='ocrx_word' id='word_1_865' title='bbox 2453 3844 2569 3913; x_wconf 79' lang='lat' dir='ltr'><strong>ejus</strong></span> <span class='ocrx_word' id='word_1_866' title='bbox 2601 3839 2805 3896; x_wconf 81' lang='lat' dir='ltr'><strong>veniret</strong></span> <span class='ocrx_word' id='word_1_867' title='bbox 2833 3838 2884 3891; x_wconf 91' lang='lat' dir='ltr'><strong>in</strong></span> <span class='ocrx_word' id='word_1_868' title='bbox 2930 3838 3161 3889; x_wconf 89' lang='lat' dir='ltr'><strong>mentem</strong></span> <span class='ocrx_word' id='word_1_869' title='bbox 3192 3874 3208 3898; x_wconf 92' lang='lat'><strong>,</strong></span> <span class='ocrx_word' id='word_1_870' title='bbox 3238 3843 3355 3901; x_wconf 83' lang='lat' dir='ltr'><strong>quae</strong></span> <span class='ocrx_word' id='word_1_871' title='bbox 3384 3827 3538 3883; x_wconf 79' lang='lat' dir='ltr'><strong>nobis</strong></span> <span class='ocrx_word' id='word_1_872' title='bbox 3592 3826 3761 3881; x_wconf 86' lang='lat' dir='ltr'><strong>inno-</strong></span> 
     </span>
    </p>
   </div>
   <div class='ocr_carea' id='block_1_102' title="bbox 2165 3923 3773 4004">
    <p class='ocr_par' dir='ltr' id='par_1_102' title="bbox 2165 3923 3773 4004">
     <span class='ocr_line' id='line_1_102' title="bbox 2165 3923 3773 4004; baseline -0.015 -9"><span class='ocrx_word' id='word_1_873' title='bbox 2165 3938 2262 3995; x_wconf 82' lang='lat' dir='ltr'><strong>tuit</strong></span> <span class='ocrx_word' id='word_1_874' title='bbox 2308 3951 2372 3993; x_wconf 84' lang='lat' dir='ltr'><strong>ex</strong></span> <span class='ocrx_word' id='word_1_875' title='bbox 2414 3933 2701 4004; x_wconf 79' lang='lat' dir='ltr'><strong>Evangelio</strong></span> <span class='ocrx_word' id='word_1_876' title='bbox 2725 3973 2738 3995; x_wconf 94' lang='lat'><strong>,</strong></span> <span class='ocrx_word' id='word_1_877' title='bbox 2766 3944 2869 4001; x_wconf 90' lang='lat' dir='ltr'><strong>qua</strong></span> <span class='ocrx_word' id='word_1_878' title='bbox 2899 3932 3055 3983; x_wconf 80' lang='lat' dir='ltr'><strong>aetate</strong></span> <span class='ocrx_word' id='word_1_879' title='bbox 3079 3924 3267 3996; x_wconf 78' lang='lat' dir='ltr'><strong>puerili</strong></span> <span class='ocrx_word' id='word_1_880' title='bbox 3296 3923 3436 3977; x_wconf 87' lang='lat' dir='ltr'><strong>inter</strong></span> <span class='ocrx_word' id='word_1_881' title='bbox 3459 3926 3619 3975; x_wconf 84' lang='lat' dir='ltr'><strong>aetate</strong></span> <span class='ocrx_word' id='word_1_882' title='bbox 3639 3931 3773 3972; x_wconf 75' lang='lat' dir='ltr'><strong>ma-</strong></span> 
     </span>
    </p>
   </div>
   <div class='ocr_carea' id='block_1_103' title="bbox 2160 4016 3775 4103">
    <p class='ocr_par' dir='ltr' id='par_1_103' title="bbox 2160 4016 3775 4103">
     <span class='ocr_line' id='line_1_103' title="bbox 2160 4016 3775 4103; baseline -0.015 -15"><span class='ocrx_word' id='word_1_883' title='bbox 2160 4032 2326 4103; x_wconf 84' lang='lat' dir='ltr'><strong>jores,</strong></span> <span class='ocrx_word' id='word_1_884' title='bbox 2352 4030 2453 4084; x_wconf 87' lang='lat' dir='ltr'><strong>hoc</strong></span> <span class='ocrx_word' id='word_1_885' title='bbox 2479 4037 2588 4095; x_wconf 91' lang='lat' dir='ltr'><strong>est,</strong></span> <span class='ocrx_word' id='word_1_886' title='bbox 2618 4025 2794 4096; x_wconf 75' lang='lat' dir='ltr'><strong>junior</strong></span> <span class='ocrx_word' id='word_1_887' title='bbox 2816 4022 2954 4078; x_wconf 83' lang='lat' dir='ltr'><strong>inter</strong></span> <span class='ocrx_word' id='word_1_888' title='bbox 2977 4019 3215 4074; x_wconf 83' lang='lat' dir='ltr'><strong>seniores</strong></span> <span class='ocrx_word' id='word_1_889' title='bbox 3246 4016 3486 4079; x_wconf 81' lang='lat' dir='ltr'><strong>sedebat,</strong></span> <span class='ocrx_word' id='word_1_890' title='bbox 3506 4020 3563 4069; x_wconf 82' lang='lat' dir='ltr'><strong>et</strong></span> <span class='ocrx_word' id='word_1_891' title='bbox 3588 4024 3775 4082; x_wconf 77' lang='lat' dir='ltr'><strong>super</strong></span> 
     </span>
    </p>
   </div>
   <div class='ocr_carea' id='block_1_104' title="bbox 2166 4104 3775 4184">
    <p class='ocr_par' dir='ltr' id='par_1_104' title="bbox 2166 4104 3775 4184">
     <span class='ocr_line' id='line_1_104' title="bbox 2166 4104 3775 4184; baseline -0.014 -5"><span class='ocrx_word' id='word_1_892' title='bbox 2166 4136 2353 4179; x_wconf 89' lang='lat' dir='ltr'><strong>omnes</strong></span> <span class='ocrx_word' id='word_1_893' title='bbox 2380 4118 2634 4176; x_wconf 88' lang='lat' dir='ltr'><strong>docentes</strong></span> <span class='ocrx_word' id='word_1_894' title='bbox 2664 4113 2725 4172; x_wconf 80' lang='lat' dir='ltr'><strong>se</strong></span> <span class='ocrx_word' id='word_1_895' title='bbox 2748 4112 3096 4184; x_wconf 83' lang='lat' dir='ltr'><strong>intelligebat.</strong></span> <span class='ocrx_word' id='word_1_896' title='bbox 3122 4109 3313 4165; x_wconf 83' lang='lat' dir='ltr'><strong>Solent</strong></span> <span class='ocrx_word' id='word_1_897' title='bbox 3335 4108 3475 4162; x_wconf 84' lang='lat' dir='ltr'><strong>enim</strong></span> <span class='ocrx_word' id='word_1_898' title='bbox 3500 4104 3684 4175; x_wconf 69' lang='lat' dir='ltr'><strong>iunior</strong></span> <span class='ocrx_word' id='word_1_899' title='bbox 3700 4111 3775 4159; x_wconf 64' lang='lat' dir='ltr'><strong>et</strong></span> 
     </span>
    </p>
   </div>
   <div class='ocr_carea' id='block_1_105' title="bbox 2167 4197 3771 4273">
    <p class='ocr_par' dir='ltr' id='par_1_105' title="bbox 2167 4197 3771 4273">
     <span class='ocr_line' id='line_1_105' title="bbox 2167 4197 3771 4273; baseline -0.016 0"><span class='ocrx_word' id='word_1_900' title='bbox 2167 4217 2347 4273; x_wconf 86' lang='lat' dir='ltr'><strong>senior</strong></span> <span class='ocrx_word' id='word_1_901' title='bbox 2375 4214 2441 4269; x_wconf 88' lang='lat' dir='ltr'><strong>ad</strong></span> <span class='ocrx_word' id='word_1_902' title='bbox 2480 4212 2707 4267; x_wconf 83' lang='lat' dir='ltr'><strong>invicem</strong></span> <span class='ocrx_word' id='word_1_903' title='bbox 2748 4207 2851 4263; x_wconf 87' lang='lat' dir='ltr'><strong>dici</strong></span> <span class='ocrx_word' id='word_1_904' title='bbox 2902 4205 3077 4260; x_wconf 87' lang='lat' dir='ltr'><strong>minor</strong></span> <span class='ocrx_word' id='word_1_905' title='bbox 3108 4208 3161 4257; x_wconf 84' lang='lat' dir='ltr'><strong>et</strong></span> <span class='ocrx_word' id='word_1_906' title='bbox 3207 4200 3394 4269; x_wconf 88' lang='lat' dir='ltr'><strong>major,</strong></span> <span class='ocrx_word' id='word_1_907' title='bbox 3427 4197 3527 4252; x_wconf 88' lang='lat' dir='ltr'><strong>etsi</strong></span> <span class='ocrx_word' id='word_1_908' title='bbox 3568 4201 3771 4251; x_wconf 82' lang='lat' dir='ltr'><strong>neuter</strong></span> 
     </span>
    </p>
   </div>
   <div class='ocr_carea' id='block_1_106' title="bbox 2167 4288 3760 4366">
    <p class='ocr_par' dir='ltr' id='par_1_106' title="bbox 2167 4288 3760 4366">
     <span class='ocr_line' id='line_1_106' title="bbox 2167 4288 3760 4366; baseline -0.017 -1"><span class='ocrx_word' id='word_1_909' title='bbox 2167 4316 2351 4365; x_wconf 88' lang='lat' dir='ltr'><strong>eorum</strong></span> <span class='ocrx_word' id='word_1_910' title='bbox 2383 4302 2541 4361; x_wconf 78' lang='lat' dir='ltr'><strong>senili</strong></span> <span class='ocrx_word' id='word_1_911' title='bbox 2569 4300 2797 4357; x_wconf 72' lang='lat' dir='ltr'><strong>acoes‘sit</strong></span> <span class='ocrx_word' id='word_1_912' title='bbox 2826 4307 2917 4353; x_wconf 88' lang='lat' dir='ltr'><strong>aut</strong></span> <span class='ocrx_word' id='word_1_913' title='bbox 2960 4293 3335 4366; x_wconf 69' lang='lat' dir='ltr'><strong>propinquam</strong></span> <span class='ocrx_word' id='word_1_914' title='bbox 3374 4288 3516 4344; x_wconf 60' lang='lat' dir='ltr'><strong>artati</strong></span> <span class='ocrx_word' id='word_1_915' title='bbox 3543 4304 3559 4340; x_wconf 91' lang='lat'><strong>:</strong></span> <span class='ocrx_word' id='word_1_916' title='bbox 3582 4300 3760 4356; x_wconf 54' lang='lat' dir='ltr'><strong>quan.-</strong></span> 
     </span>
    </p>
   </div>
   <div class='ocr_carea' id='block_1_107' title="bbox 2167 4374 3765 4473">
    <p class='ocr_par' dir='ltr' id='par_1_107' title="bbox 2167 4374 3765 4473">
     <span class='ocr_line' id='line_1_107' title="bbox 2167 4374 3765 4473; baseline -0.018 -16"><span class='ocrx_word' id='word_1_917' title='bbox 2167 4416 2322 4473; x_wconf 88' lang='lat' dir='ltr'><strong>quam</strong></span> <span class='ocrx_word' id='word_1_918' title='bbox 2351 4399 2395 4455; x_wconf 86' lang='lat' dir='ltr'><strong>si</strong></span> <span class='ocrx_word' id='word_1_919' title='bbox 2421 4408 2475 4455; x_wconf 87' lang='lat' dir='ltr'><strong>et</strong></span> <span class='ocrx_word' id='word_1_920' title='bbox 2501 4392 2811 4467; x_wconf 84' lang='lat' dir='ltr'><strong>expressum</strong></span> <span class='ocrx_word' id='word_1_921' title='bbox 2854 4396 3047 4445; x_wconf 86' lang='lat' dir='ltr'><strong>nomen</strong></span> <span class='ocrx_word' id='word_1_922' title='bbox 3075 4387 3349 4441; x_wconf 87' lang='lat' dir='ltr'><strong>seniorum</strong></span> <span class='ocrx_word' id='word_1_923' title='bbox 3388 4382 3442 4437; x_wconf 90' lang='lat' dir='ltr'><strong>in</strong></span> <span class='ocrx_word' id='word_1_924' title='bbox 3466 4374 3765 4448; x_wconf 73' lang='lat' dir='ltr'><strong>Evangelio</strong></span> 
     </span>
    </p>
   </div>
   <div class='ocr_carea' id='block_1_108' title="bbox 2169 4471 3775 4560">
    <p class='ocr_par' dir='ltr' id='par_1_108' title="bbox 2169 4471 3775 4560">
     <span class='ocr_line' id='line_1_108' title="bbox 2169 4471 3775 4560; baseline -0.017 -9"><span class='ocrx_word' id='word_1_925' title='bbox 2169 4471 2391 4551; x_wconf 77' lang='lat' dir='ltr'><strong>velimus</strong></span> <span class='ocrx_word' id='word_1_926' title='bbox 2432 4487 2702 4560; x_wconf 85' lang='lat' dir='ltr'><strong>inquirere</strong></span> <span class='ocrx_word' id='word_1_927' title='bbox 2724 4528 2738 4555; x_wconf 91' lang='lat'><strong>,</strong></span> <span class='ocrx_word' id='word_1_928' title='bbox 2782 4484 2943 4552; x_wconf 73' lang='lat' dir='ltr'><strong>supra</strong></span> <span class='ocrx_word' id='word_1_929' title='bbox 2973 4494 3106 4551; x_wconf 87' lang='lat' dir='ltr'><strong>quos</strong></span> <span class='ocrx_word' id='word_1_930' title='bbox 3138 4475 3428 4539; x_wconf 78' lang='lat' dir='ltr'><strong>intellexit,</strong></span> <span class='ocrx_word' id='word_1_931' title='bbox 3458 4471 3775 4527; x_wconf 78' lang='lat' dir='ltr'><strong>invenimus</strong></span> 
     </span>
    </p>
   </div>
   <div class='ocr_carea' id='block_1_109' title="bbox 2168 4562 3780 4660">
    <p class='ocr_par' dir='ltr' id='par_1_109' title="bbox 2168 4562 3780 4660">
     <span class='ocr_line' id='line_1_109' title="bbox 2168 4562 3780 4660; baseline -0.019 -16"><span class='ocrx_word' id='word_1_932' title='bbox 2168 4587 2379 4660; x_wconf 77' lang='lat' dir='ltr'><strong>quando</strong></span> <span class='ocrx_word' id='word_1_933' title='bbox 2407 4586 2454 4641; x_wconf 84' lang='lat' dir='ltr'><strong>ei</strong></span> <span class='ocrx_word' id='word_1_934' title='bbox 2482 4580 2733 4638; x_wconf 81' lang='lat' dir='ltr'><strong>dixerunt</strong></span> <span class='ocrx_word' id='word_1_935' title='bbox 2769 4576 2971 4633; x_wconf 69' lang='lat' dir='ltr'><strong>Scriba:</strong></span> <span class='ocrx_word' id='word_1_936' title='bbox 2995 4576 3050 4627; x_wconf 91' lang='lat' dir='ltr'><strong>et</strong></span> <span class='ocrx_word' id='word_1_937' title='bbox 3080 4568 3368 4634; x_wconf 74' lang='lat' dir='ltr'><strong>Pharisaei,</strong></span> <span class='ocrx_word' id='word_1_938' title='bbox 3401 4565 3572 4630; x_wconf 76' lang='lat' dir='ltr'><strong>Quare</strong></span> <span class='ocrx_word' id='word_1_939' title='bbox 3606 4562 3780 4616; x_wconf 77' lang='lat' dir='ltr'><strong>disci—</strong></span> 
     </span>
    </p>
   </div>
   <div class='ocr_carea' id='block_1_110' title="bbox 2170 4652 3776 4754">
    <p class='ocr_par' dir='ltr' id='par_1_110' title="bbox 2170 4652 3776 4754">
     <span class='ocr_line' id='line_1_110' title="bbox 2170 4652 3776 4754; baseline -0.02 -17"><span class='ocrx_word' id='word_1_940' title='bbox 2170 4652 2279 4754; x_wconf 74' lang='lat' dir='ltr'><strong>puli</strong></span> <span class='ocrx_word' id='word_1_941' title='bbox 2323 4678 2395 4733; x_wconf 83' lang='lat' dir='ltr'><strong>tui</strong></span> <span class='ocrx_word' id='word_1_942' title='bbox 2440 4670 2877 4746; x_wconf 80' lang='lat' dir='ltr'><strong>transgrediuntur</strong></span> <span class='ocrx_word' id='word_1_943' title='bbox 2925 4664 3244 4719; x_wconf 81' lang='lat' dir='ltr'><strong>traditionem</strong></span> <span class='ocrx_word' id='word_1_944' title='bbox 3297 4656 3591 4714; x_wconf 67' lang='lat' dir='ltr'><strong>seniorum?</strong></span> <span class='ocrx_word' id='word_1_945' title='bbox 3639 4652 3776 4707; x_wconf 59' lang='lat' dir='ltr'><strong>Non</strong></span> 
     </span>
    </p>
   </div>
   <div class='ocr_carea' id='block_1_111' title="bbox 2170 4746 3779 4830">
    <p class='ocr_par' dir='ltr' id='par_1_111' title="bbox 2170 4746 3779 4830">
     <span class='ocr_line' id='line_1_111' title="bbox 2170 4746 3779 4830; baseline -0.021 -1"><span class='ocrx_word' id='word_1_946' title='bbox 2170 4770 2299 4830; x_wconf 72' lang='lat' dir='ltr'><strong>enim</strong></span> <span class='ocrx_word' id='word_1_947' title='bbox 2327 4764 2495 4827; x_wconf 52' lang='lat' dir='ltr'><strong>lu‘ra‘nt‘</strong></span> <span class='ocrx_word' id='word_1_948' title='bbox 2526 4762 2704 4821; x_wconf 65' lang='lat' dir='ltr'><strong>manus</strong></span> <span class='ocrx_word' id='word_1_949' title='bbox 2734 4766 2871 4827; x_wconf 76' lang='lat' dir='ltr'><strong>suas,</strong></span> <span class='ocrx_word' id='word_1_950' title='bbox 2904 4772 3019 4812; x_wconf 82' lang='lat' dir='ltr'><strong>cum</strong></span> <span class='ocrx_word' id='word_1_951' title='bbox 3046 4758 3228 4826; x_wconf 75' lang='lat' dir='ltr'><strong>panem</strong></span> <span class='ocrx_word' id='word_1_952' title='bbox 3266 4750 3597 4804; x_wconf 81' lang='lat' dir='ltr'><strong>mandacant.</strong></span> <span class='ocrx_word' id='word_1_953' title='bbox 3625 4746 3779 4799; x_wconf 70' lang='lat' dir='ltr'><strong>Ecce</strong></span> 
     </span>
    </p>
   </div>
   <div class='ocr_carea' id='block_1_112' title="bbox 2170 4837 3775 4935">
    <p class='ocr_par' dir='ltr' id='par_1_112' title="bbox 2170 4837 3775 4935">
     <span class='ocr_line' id='line_1_112' title="bbox 2170 4837 3775 4935; baseline -0.019 -13"><span class='ocrx_word' id='word_1_954' title='bbox 2170 4858 2376 4935; x_wconf 85' lang='lat' dir='ltr'><strong>objecta</strong></span> <span class='ocrx_word' id='word_1_955' title='bbox 2403 4874 2481 4918; x_wconf 83' lang='lat' dir='ltr'><strong>cSt</strong></span> <span class='ocrx_word' id='word_1_956' title='bbox 2508 4862 2557 4916; x_wconf 86' lang='lat' dir='ltr'><strong>ei</strong></span> <span class='ocrx_word' id='word_1_957' title='bbox 2586 4850 2943 4925; x_wconf 77' lang='lat' dir='ltr'><strong>transgressio</strong></span> <span class='ocrx_word' id='word_1_958' title='bbox 2986 4844 3284 4902; x_wconf 83' lang='lat' dir='ltr'><strong>traditionis</strong></span> <span class='ocrx_word' id='word_1_959' title='bbox 3326 4841 3620 4896; x_wconf 87' lang='lat' dir='ltr'><strong>seniorum.</strong></span> <span class='ocrx_word' id='word_1_960' title='bbox 3656 4837 3775 4891; x_wconf 82' lang='lat' dir='ltr'><strong>Sed</strong></span> 
     </span>
    </p>
   </div>
   <div class='ocr_carea' id='block_1_113' title="bbox 2170 4929 3769 5031">
    <p class='ocr_par' dir='ltr' id='par_1_113' title="bbox 2170 4929 3769 5031">
     <span class='ocr_line' id='line_1_113' title="bbox 2170 4929 3769 5031; baseline -0.023 -16"><span class='ocrx_word' id='word_1_961' title='bbox 2170 4929 2257 5031; x_wconf 80' lang='lat' dir='ltr'><strong>qui</strong></span> <span class='ocrx_word' id='word_1_962' title='bbox 2304 4962 2464 5029; x_wconf 79' lang='lat' dir='ltr'><strong>Super</strong></span> <span class='ocrx_word' id='word_1_963' title='bbox 2493 4946 2735 5009; x_wconf 75' lang='lat' dir='ltr'><strong>seniores</strong></span> <span class='ocrx_word' id='word_1_964' title='bbox 2776 4941 3069 5005; x_wconf 70' lang='lat' dir='ltr'><strong>intellexit,</strong></span> <span class='ocrx_word' id='word_1_965' title='bbox 3103 4936 3232 5008; x_wconf 74' lang='lat' dir='ltr'><strong>quid</strong></span> <span class='ocrx_word' id='word_1_966' title='bbox 3263 4935 3342 4989; x_wconf 77' lang='lat' dir='ltr'><strong>eis</strong></span> <span class='ocrx_word' id='word_1_967' title='bbox 3384 4929 3723 5001; x_wconf 74' lang='lat' dir='ltr'><strong>reSpondcrit</strong></span> <span class='ocrx_word' id='word_1_968' title='bbox 3749 4966 3769 4992; x_wconf 63' lang='grc' dir='ltr'><strong><em>ν</em></strong></span> 
     </span>
    </p>
   </div>
   <div class='ocr_carea' id='block_1_114' title="bbox 2172 5025 3771 5116">
    <p class='ocr_par' dir='ltr' id='par_1_114' title="bbox 2172 5025 3771 5116">
     <span class='ocr_line' id='line_1_114' title="bbox 2172 5025 3771 5116; baseline -0.022 -8"><span class='ocrx_word' id='word_1_969' title='bbox 2172 5025 2450 5107; x_wconf 75' lang='lat' dir='ltr'><strong>audiamus</strong></span> <span class='ocrx_word' id='word_1_970' title='bbox 2476 5067 2487 5103; x_wconf 93' lang='lat'>:</span> <span class='ocrx_word' id='word_1_971' title='bbox 2519 5040 2726 5116; x_wconf 79' lang='lat' dir='ltr'><strong>Quare,</strong></span> <span class='ocrx_word' id='word_1_972' title='bbox 2760 5038 2961 5110; x_wconf 88' lang='lat' dir='ltr'><strong>inquit,</strong></span> <span class='ocrx_word' id='word_1_973' title='bbox 2996 5043 3043 5089; x_wconf 80' lang='lat' dir='ltr'><strong>et</strong></span> <span class='ocrx_word' id='word_1_974' title='bbox 3067 5046 3149 5086; x_wconf 79' lang='lat' dir='ltr'><strong>ros</strong></span> <span class='ocrx_word' id='word_1_975' title='bbox 3181 5025 3590 5099; x_wconf 77' lang='lat' dir='ltr'><strong>transgredimini</strong></span> <span class='ocrx_word' id='word_1_976' title='bbox 3618 5038 3771 5075; x_wconf 76' lang='lat' dir='ltr'><strong>man-</strong></span> 
     </span>
    </p>
   </div>
   <div class='ocr_carea' id='block_1_115' title="bbox 2172 5116 3772 5212">
    <p class='ocr_par' dir='ltr' id='par_1_115' title="bbox 2172 5116 3772 5212">
     <span class='ocr_line' id='line_1_115' title="bbox 2172 5116 3772 5212; baseline -0.021 -11"><span class='ocrx_word' id='word_1_977' title='bbox 2172 5144 2346 5199; x_wconf 79' lang='lat' dir='ltr'><strong>datum</strong></span> <span class='ocrx_word' id='word_1_978' title='bbox 2373 5141 2469 5197; x_wconf 85' lang='lat' dir='ltr'><strong>Dei</strong></span> <span class='ocrx_word' id='word_1_979' title='bbox 2509 5152 2717 5212; x_wconf 85' lang='lat' dir='ltr'><strong>propter</strong></span> <span class='ocrx_word' id='word_1_980' title='bbox 2738 5130 3066 5190; x_wconf 74' lang='lat' dir='ltr'><strong>traditionem</strong></span> <span class='ocrx_word' id='word_1_981' title='bbox 3095 5134 3309 5179; x_wconf 81' lang='lat' dir='ltr'><strong>vestram</strong></span> <span class='ocrx_word' id='word_1_982' title='bbox 3328 5120 3354 5173; x_wconf 70' lang='lat'><strong>.9</strong></span> <span class='ocrx_word' id='word_1_983' title='bbox 3383 5116 3581 5172; x_wconf 82' lang='lat' dir='ltr'><strong>Deinde</strong></span> <span class='ocrx_word' id='word_1_984' title='bbox 3608 5116 3772 5187; x_wconf 67' lang='lat' dir='ltr'><strong>paulo</strong></span> 
     </span>
    </p>
   </div>
   <div class='ocr_carea' id='block_1_116' title="bbox 2175 5208 3776 5311">
    <p class='ocr_par' dir='ltr' id='par_1_116' title="bbox 2175 5208 3776 5311">
     <span class='ocr_line' id='line_1_116' title="bbox 2175 5208 3776 5311; baseline -0.022 -17"><span class='ocrx_word' id='word_1_985' title='bbox 2175 5248 2291 5311; x_wconf 86' lang='lat' dir='ltr'><strong>post</strong></span> <span class='ocrx_word' id='word_1_986' title='bbox 2312 5280 2327 5306; x_wconf 91' lang='lat'><strong>,</strong></span> <span class='ocrx_word' id='word_1_987' title='bbox 2358 5246 2414 5290; x_wconf 90' lang='lat' dir='ltr'><strong>ut</strong></span> <span class='ocrx_word' id='word_1_988' title='bbox 2452 5208 2557 5289; x_wconf 75' lang='lat' dir='ltr'><strong>non</strong></span> <span class='ocrx_word' id='word_1_989' title='bbox 2587 5208 2761 5287; x_wconf 87' lang='lat' dir='ltr'><strong>solum</strong></span> <span class='ocrx_word' id='word_1_990' title='bbox 2796 5225 2911 5293; x_wconf 85' lang='lat' dir='ltr'><strong>ipse</strong></span> <span class='ocrx_word' id='word_1_991' title='bbox 2941 5218 3029 5290; x_wconf 89' lang='lat' dir='ltr'><strong>qui</strong></span> <span class='ocrx_word' id='word_1_992' title='bbox 3061 5224 3142 5272; x_wconf 89' lang='lat' dir='ltr'><strong>est</strong></span> <span class='ocrx_word' id='word_1_993' title='bbox 3178 5222 3333 5284; x_wconf 87' lang='lat' dir='ltr'><strong>caput</strong></span> <span class='ocrx_word' id='word_1_994' title='bbox 3360 5208 3604 5279; x_wconf 88' lang='lat' dir='ltr'><strong>corporis</strong></span> <span class='ocrx_word' id='word_1_995' title='bbox 3625 5247 3640 5272; x_wconf 96' lang='lat'><strong>,</strong></span> <span class='ocrx_word' id='word_1_996' title='bbox 3680 5209 3776 5259; x_wconf 73' lang='lat' dir='ltr'><strong>ve—</strong></span> 
     </span>
    </p>
   </div>
   <div class='ocr_carea' id='block_1_117' title="bbox 2175 5304 3779 5393">
    <p class='ocr_par' dir='ltr' id='par_1_117' title="bbox 2175 5304 3779 5393">
     <span class='ocr_line' id='line_1_117' title="bbox 2175 5304 3779 5393; baseline -0.024 -7"><span class='ocrx_word' id='word_1_997' title='bbox 2175 5304 2291 5387; x_wconf 76' lang='lat' dir='ltr'><strong>rum</strong></span> <span class='ocrx_word' id='word_1_998' title='bbox 2314 5304 2497 5383; x_wconf 80' lang='lat' dir='ltr'><strong>etiam</strong></span> <span class='ocrx_word' id='word_1_999' title='bbox 2543 5330 2735 5393; x_wconf 88' lang='lat' dir='ltr'><strong>corpus</strong></span> <span class='ocrx_word' id='word_1_1000' title='bbox 2766 5321 2945 5389; x_wconf 65' lang='lat' dir='ltr'><strong>ipStun</strong></span> <span class='ocrx_word' id='word_1_1001' title='bbox 2993 5318 3047 5365; x_wconf 89' lang='lat' dir='ltr'><strong>et</strong></span> <span class='ocrx_word' id='word_1_1002' title='bbox 3074 5306 3312 5370; x_wconf 70' lang='lat' dir='ltr'><strong>membra</strong></span> <span class='ocrx_word' id='word_1_1003' title='bbox 3343 5304 3459 5372; x_wconf 87' lang='lat' dir='ltr'><strong>ejus</strong></span> <span class='ocrx_word' id='word_1_1004' title='bbox 3501 5310 3666 5369; x_wconf 89' lang='lat' dir='ltr'><strong>super</strong></span> <span class='ocrx_word' id='word_1_1005' title='bbox 3692 5313 3779 5349; x_wconf 85' lang='lat' dir='ltr'><strong>sc-</strong></span> 
     </span>
    </p>
   </div>
   <div class='ocr_carea' id='block_1_118' title="bbox 2175 5390 3779 5484">
    <p class='ocr_par' dir='ltr' id='par_1_118' title="bbox 2175 5390 3779 5484">
     <span class='ocr_line' id='line_1_118' title="bbox 2175 5390 3779 5484; baseline -0.024 -6"><span class='ocrx_word' id='word_1_1006' title='bbox 2175 5423 2353 5479; x_wconf 85' lang='lat' dir='ltr'><strong>niorcs</strong></span> <span class='ocrx_word' id='word_1_1007' title='bbox 2375 5421 2493 5475; x_wconf 83' lang='lat' dir='ltr'><strong>illos</strong></span> <span class='ocrx_word' id='word_1_1008' title='bbox 2520 5390 2899 5484; x_wconf 63' lang='lat' dir='ltr'><strong>intelligerent,</strong></span> <span class='ocrx_word' id='word_1_1009' title='bbox 2930 5400 3157 5474; x_wconf 70' lang='lat' dir='ltr'><strong>quorum</strong></span> <span class='ocrx_word' id='word_1_1010' title='bbox 3182 5396 3396 5454; x_wconf 85' lang='lat' dir='ltr'><strong>traditio</strong></span> <span class='ocrx_word' id='word_1_1011' title='bbox 3436 5394 3502 5449; x_wconf 88' lang='lat' dir='ltr'><strong>de</strong></span> <span class='ocrx_word' id='word_1_1012' title='bbox 3531 5390 3779 5445; x_wconf 86' lang='lat' dir='ltr'><strong>lavandis</strong></span> 
     </span>
    </p>
   </div>
   <div class='ocr_carea' id='block_1_119' title="bbox 2176 5486 3778 5573">
    <p class='ocr_par' dir='ltr' id='par_1_119' title="bbox 2176 5486 3778 5573">
     <span class='ocr_line' id='line_1_119' title="bbox 2176 5486 3778 5573; baseline -0.021 1"><span class='ocrx_word' id='word_1_1013' title='bbox 2176 5515 2424 5573; x_wconf 86' lang='lat' dir='ltr'><strong>manibus</strong></span> <span class='ocrx_word' id='word_1_1014' title='bbox 2449 5512 2747 5571; x_wconf 82' lang='lat' dir='ltr'><strong>ferebatur;</strong></span> <span class='ocrx_word' id='word_1_1015' title='bbox 2772 5496 3091 5561; x_wconf 71' lang='lat' dir='ltr'><strong>convocatis</strong></span> <span class='ocrx_word' id='word_1_1016' title='bbox 3117 5495 3181 5548; x_wconf 82' lang='lat' dir='ltr'><strong>ad</strong></span> <span class='ocrx_word' id='word_1_1017' title='bbox 3208 5500 3264 5548; x_wconf 80' lang='lat' dir='ltr'><strong>se</strong></span> <span class='ocrx_word' id='word_1_1018' title='bbox 3294 5490 3463 5545; x_wconf 81' lang='lat' dir='ltr'><strong>turbis</strong></span> <span class='ocrx_word' id='word_1_1019' title='bbox 3494 5486 3629 5541; x_wconf 77' lang='lat' dir='ltr'><strong>dixit</strong></span> <span class='ocrx_word' id='word_1_1020' title='bbox 3651 5486 3732 5539; x_wconf 76' lang='lat' dir='ltr'><strong>eis</strong></span> <span class='ocrx_word' id='word_1_1021' title='bbox 3761 5497 3778 5536; x_wconf 87' lang='lat'><strong>:</strong></span> 
     </span>
    </p>
   </div>
   <div class='ocr_carea' id='block_1_120' title="bbox 2178 5576 3783 5674">
    <p class='ocr_par' dir='ltr' id='par_1_120' title="bbox 2178 5576 3783 5674">
     <span class='ocr_line' id='line_1_120' title="bbox 2178 5576 3783 5674; baseline -0.024 -8"><span class='ocrx_word' id='word_1_1022' title='bbox 2178 5610 2379 5672; x_wconf 87' lang='lat' dir='ltr'><strong>Audite,</strong></span> <span class='ocrx_word' id='word_1_1023' title='bbox 2409 5616 2455 5659; x_wconf 85' lang='lat' dir='ltr'><strong>et</strong></span> <span class='ocrx_word' id='word_1_1024' title='bbox 2482 5602 2764 5674; x_wconf 76' lang='lat' dir='ltr'><strong>intelligite.</strong></span> <span class='ocrx_word' id='word_1_1025' title='bbox 2793 5597 3074 5668; x_wconf 80' lang='lat' dir='ltr'><strong>Tanquam</strong></span> <span class='ocrx_word' id='word_1_1026' title='bbox 3116 5580 3319 5642; x_wconf 79' lang='lat' dir='ltr'><strong>diceret</strong></span> <span class='ocrx_word' id='word_1_1027' title='bbox 3345 5599 3359 5636; x_wconf 90' lang='lat'><strong>:</strong></span> <span class='ocrx_word' id='word_1_1028' title='bbox 3391 5576 3783 5674; x_wconf 36' lang='lat' dir='ltr'><strong>Super-Senio-</strong></span> 
     </span>
    </p>
   </div>
   <div class='ocr_carea' id='block_1_121' title="bbox 2179 5669 3791 5761">
    <p class='ocr_par' dir='ltr' id='par_1_121' title="bbox 2179 5669 3791 5761">
     <span class='ocr_line' id='line_1_121' title="bbox 2179 5669 3791 5761; baseline -0.022 -2"><span class='ocrx_word' id='word_1_1029' title='bbox 2179 5718 2269 5761; x_wconf 89' lang='lat' dir='ltr'><strong>res</strong></span> <span class='ocrx_word' id='word_1_1030' title='bbox 2295 5669 2412 5755; x_wconf 90' lang='lat' dir='ltr'><strong>illos</strong></span> <span class='ocrx_word' id='word_1_1031' title='bbox 2438 5706 2493 5753; x_wconf 81' lang='lat' dir='ltr'><strong>et</strong></span> <span class='ocrx_word' id='word_1_1032' title='bbox 2520 5710 2613 5749; x_wconf 85' lang='lat' dir='ltr'><strong>vos</strong></span> <span class='ocrx_word' id='word_1_1033' title='bbox 2641 5669 3021 5761; x_wconf 77' lang='lat' dir='ltr'><strong>intelligite,‘ut</strong></span> <span class='ocrx_word' id='word_1_1034' title='bbox 3050 5685 3221 5743; x_wconf 70' lang='lat' dir='ltr'><strong>etiam</strong></span> <span class='ocrx_word' id='word_1_1035' title='bbox 3251 5673 3321 5730; x_wconf 82' lang='lat' dir='ltr'><strong>de</strong></span> <span class='ocrx_word' id='word_1_1036' title='bbox 3355 5670 3507 5728; x_wconf 75' lang='lat' dir='ltr'><strong>vobis</strong></span> <span class='ocrx_word' id='word_1_1037' title='bbox 3537 5669 3643 5761; x_wconf 9' lang='lat' dir='ltr'><strong>illa,</strong></span> <span class='ocrx_word' id='word_1_1038' title='bbox 3664 5683 3791 5739; x_wconf 85' lang='lat' dir='ltr'><strong>pro-</strong></span> 
     </span>
    </p>
   </div>
   <div class='ocr_carea' id='block_1_122' title="bbox 2180 5758 3790 5873">
    <p class='ocr_par' dir='ltr' id='par_1_122' title="bbox 2180 5758 3790 5873">
     <span class='ocr_line' id='line_1_122' title="bbox 2180 5758 3790 5873; baseline -0.025 -20"><span class='ocrx_word' id='word_1_1039' title='bbox 2180 5796 2360 5873; x_wconf 84' lang='lat' dir='ltr'><strong>phetia</strong></span> <span class='ocrx_word' id='word_1_1040' title='bbox 2384 5793 2582 5849; x_wconf 87' lang='lat' dir='ltr'><strong>clareat</strong></span> <span class='ocrx_word' id='word_1_1041' title='bbox 2608 5804 2727 5845; x_wconf 87' lang='lat' dir='ltr'><strong>esse</strong></span> <span class='ocrx_word' id='word_1_1042' title='bbox 2749 5758 3041 5858; x_wconf 60' lang='lat' dir='ltr'><strong>praemissa,</strong></span> <span class='ocrx_word' id='word_1_1043' title='bbox 3067 5781 3249 5851; x_wconf 60' lang='grc' dir='ltr'><strong>ευριπ</strong></span> <span class='ocrx_word' id='word_1_1044' title='bbox 3271 5768 3491 5826; x_wconf 70' lang='lat' dir='ltr'><strong>seniores</strong></span> <span class='ocrx_word' id='word_1_1045' title='bbox 3516 5758 3752 5820; x_wconf 71' lang='lat' dir='ltr'><strong>intellexi</strong></span> <span class='ocrx_word' id='word_1_1046' title='bbox 3787 5818 3790 5822; x_wconf 26' lang='grc' dir='ltr'>λ</span> 
     </span>
    </p>
   </div>
  </div>
