4090 6512
368 487 504 554 1565

360 624 460 667 nec
485 609 660 666 solum
704 607 884 678 capiti,
930 623 1116 664 verum
1160 611 1318 665 etiam
1345 613 1578 681 corpori,
1609 628 1672 668 ac
1697 613 1776 668 sic
1815 613 1937 668 uni-

359 716 512 759 verso
549 691 764 758 Christo
813 712 990 772 aptata
1036 705 1334 758 conveniat.
1367 704 1490 760 Non
1531 707 1666 776 quod
1695 710 1852 762 intrat
1888 709 1941 762 in

356 815 436 864 os,
469 799 758 868 coinquinat
783 797 1075 864 hominem;
1101 797 1188 852 sed
1215 798 1349 866 quod
1373 801 1596 870 procedit
1632 817 1693 855 ea:
1716 818 1820 868 ore,
1846 801 1938 856 hoc

353 892 642 963 coinquinat
659 892 930 946 hominem.
951 891 1063 947 Hoc
1079 893 1318 948 seniores
1337 893 1408 948 illi
1427 908 1533 948 non
1557 893 1936 964 intelligi-bant,

353 985 442 1054 qui
475 983 543 1040 de
589 984 824 1056 l_avandis
869 985 1112 1040 manibus
1149 1001 1244 1040 sua
1279 986 1423 1040 velut
1463 1002 1648 1056 magna
1685 987 1934 1043 mandata

351 1049 703 1130 tradiderint.
729 1063 844 1146 ipsa
868 1075 1078 1146 quoque
1107 1075 1347 1132 membra
1374 1049 1748 1148 capitisvhujus
1775 1093 1935 1148 super

344 1168 590 1223 seniores
620 1169 981 1240 intelligentis,
1013 1170 1248 1226 nondum
1280 1171 1418 1240 quod
1444 1171 1511 1225 ab
1535 1187 1600 1226 eo
1626 1172 1824 1227 dictum
1853 1181 1938 1228 est

345 1261 744 1318 intellexerant.
771 1264 1011 1336 Denique
1037 1276 1156 1338 post
1189 1283 1350 1336 pauca
1379 1270 1712 1340 respondens
1745 1270 1936 1326 Petrus

345 1353 484 1410 dixit
502 1356 551 1411 ei
570 1373 583 1409 :
603 1345 838 1414 Edissere
857 1358 998 1414 nobis
1015 1360 1306 1428 parabolam
1323 1362 1493 1416 istum.
1521 1362 1746 1416 Putabat
1761 1363 1824 1416 ad
1836 1365 1936 1416 huc

343 1460 467 1501 esse
513 1448 850 1516 parabolam,
891 1450 1030 1520 quod
1085 1451 1338 1506 Dominus
1377 1453 1492 1506 sine
1538 1455 1716 1522 ﬁguris
1765 1453 1936 1508 fuerat

347 1537 610 1594 elocutus.
654 1543 722 1595 At
771 1542 862 1596 ille
909 1542 1080 1597 dixit:
1127 1543 1308 1597 Adhuc
1346 1553 1392 1598 et
1423 1561 1508 1599 vos
1548 1545 1932 1600 sineintellectu

343 1629 492 1686 estis?
515 1629 636 1686 Non
681 1632 961 1704 intelligitis
999 1635 1116 1706 quia
1141 1651 1288 1690 omne
1322 1638 1456 1700 quod
1495 1638 1545 1691 in
1583 1654 1638 1690 os
1665 1638 1851 1704 intrat,
1879 1639 1934 1692 in

341 1723 562 1777 ventrem
588 1707 742 1792 vadit,
771 1735 818 1778 et
835 1709 888 1780 in
915 1743 1160 1780 secessum
1189 1729 1448 1794 emittitur;
1476 1745 1587 1798 qua:
1615 1739 1778 1782 autem
1807 1745 1929 1800 pro-

341 1813 527 1870 cedunt
553 1816 617 1869 de
640 1833 744 1882 ore,
772 1817 834 1872 de
859 1819 1010 1874 corde
1037 1831 1238 1886 exeunt,
1259 1833 1303 1873 et
1329 1838 1386 1874 ea
1413 1823 1740 1890 coinquinant
1767 1821 1931 1874 Itami-

345 1923 462 1962 uem
497 1907 726 1980 (Matth.
753 1925 842 1974 xv,
867 1911 1060 1981 l-lS)?
1096 1912 1282 1966 Adhuc
1306 1921 1358 1967 et
1389 1928 1482 1966 vos
1511 1912 1628 1967 sine
1657 1914 1932 1967 intellectu

339 1999 494 2066 estis,
515 2008 567 2054 et
584 2015 746 2071 super
765 2001 886 2057 illos
906 2003 1145 2058 seniores
1173 2018 1277 2058 non
1301 2002 1751 2076 intelligitis?Sed
1773 2004 1930 2074 plane

333 2090 448 2160 jam
473 2107 614 2147 nunc
655 2093 836 2148 audito
866 2095 954 2148 tali
1002 2098 1274 2166 magistro,
1307 2098 1478 2166 capite
1519 2107 1720 2164 nostro,
1757 2107 1930 2166 potest

340 2185 706 2254 unusquisque
733 2195 974 2240 nostrum
1004 2186 1204 2254 dicere,
1239 2187 1407 2258 Super
1432 2190 1652 2250 seniores
1678 2189 1924 2242 intellexi.

337 2273 472 2330 Nam
509 2275 665 2330 etiam
711 2278 920 2346 corpori
959 2279 1202 2348 congruit
1236 2279 1378 2348 quod
1421 2289 1636 2334 secutus
1662 2280 1926 2349 adjunxit,

337 2369 474 2434 Quia
503 2369 741 2422 mandata
771 2379 856 2424 tua
882 2371 1141 2440 exquisivi.
1177 2370 1428 2426 Mandata
1454 2382 1541 2425 tua
1561 2414 1574 2438 ,
1618 2389 1722 2426 non
1762 2388 1915 2426 man-

333 2461 462 2516 data
493 2462 774 2516 hominum
800 2481 813 2516 :
845 2464 1088 2516 mandata
1111 2485 1114 2488 ’
1135 2474 1223 2518 tua
1246 2505 1261 2532 ,
1301 2479 1407 2519 non
1453 2465 1704 2520 mandata
1747 2466 1926 2520 senio-

333 2570 480 2620 rum,
509 2555 602 2625 qui-
627 2557 866 2612 volentes
887 2572 1006 2612 esse
1037 2559 1171 2628 legis
1197 2559 1466 2624 doctores,
1488 2575 1596 2614 non
1623 2559 1926 2632 intelligunt

335 2661 511 2716 neque
526 2661 643 2718 qua:
661 2647 964 2717 loquuntur,
978 2666 1148 2720 neque
1163 2653 1228 2706 de
1245 2651 1434 2722 quibus
1446 2651 1712 2708 afﬁrmant
1725 2655 1767 2724 (Ι
1785 2653 1922 2709 Tim.

337 2738 396 2802 ‘l,
415 2739 492 2810 7).
526 2727 716 2793 Merito
746 2739 812 2794 de
838 2740 1100 2796 mandatis
1133 2742 1248 2806 Dei,
1275 2759 1392 2813 quae
1420 2752 1544 2798 sunt
1565 2745 1916 2814 exquirenda,

338 2839 395 2886 ut
439 2846 601 2900 super
645 2833 883 2888 seniores
925 2834 1046 2888 illos
1077 2835 1457 2906 intelligantur,
1487 2853 1802 2908 responsum
1843 2823 1958 2892 est.

334 2921 402 2977 iis
447 2923 534 2994 qui
566 2938 751 2978 eorum
780 2927 1152 2982 auctoritatem
1192 2929 1402 2983 veritati
1439 2929 1830 3000 praeferebant,
1869 2940 1950 3004 et_

337 3013 536 3069 dictum
571 3023 688 3083 est,
713 3014 814 3070 Cur
843 3025 888 3071 et
926 3034 1012 3072 vos
1042 3021 1449 3090 transgredimini
1477 3021 1772 3076 mandatum
1806 3021 1916 3088 Dei,

331 3107 706 3188 “traditiones
731 3117 916 3164 vestras
939 3111 1174 3166 statuatis
1189 3112 1215 3166 ?

404 3203 459 3256 5.
493 3199 640 3274 [vers.
661 3195 808 3277 10L]
828 3201 942 3257 Jam
973 3219 1099 3259 vero
1117 3203 1258 3274 quod
1283 3204 1606 3275 adiungitur,
1631 3221 1736 3260 non
1760 3207 1918 3276 capiti

333 3292 546 3346 videtur
571 3297 876 3361 convenire,
909 3295 1003 3350 sed
1030 3295 1242 3365 corpori
1267 3311 1279 3348 :
1308 3294 1383 3349 Ab
1411 3297 1547 3350 omni
1576 3297 1654 3350 via
1694 3299 1918 3370 nmligna

331 3384 568 3452 prohibui
607 3387 756 3456 pedes
802 3405 958 3454 meos,
983 3397 1036 3442 ut
1079 3387 1364 3442 custodiam
1411 3389 1556 3442 verba
1605 3397 1708 3442 tua.
1735 3388 1918 3456 Neque

333 3479 482 3532 enim
510 3489 670 3550 caput
699 3481 830 3536 illud
859 3490 1120 3544 nostrum,
1152 3480 1267 3550 ipse
1296 3479 1544 3536 Salvator
1569 3483 1831 3552 corporis,
1865 3483 1918 3536 in

328 3569 564 3642 aliquam
607 3571 890 3642 malignam
921 3573 1060 3626 viam
1105 3572 1304 3626 carnali
1334 3572 1621 3641 cupiditate
1663 3572 1914 3638 ferretur,

329 3676 390 3721 ut
419 3668 467 3720 ei
498 3683 722 3723 necesse
748 3677 892 3723 esset
919 3667 1080 3737 pedes
1107 3683 1234 3722 suos
1274 3667 1396 3722 inde
1425 3667 1708 3736 prohibere
1731 3709 1744 3733 ,
1763 3669 1912 3738 quasi

325 3759 456 3820 Illuc
482 3771 670 3817 euntes
699 3761 932 3817 motibus
957 3761 1068 3816 suis
1091 3779 1104 3815 :
1143 3761 1284 3832 quod
1315 3775 1411 3816 nos
1439 3759 1678 3824 facimus,
1705 3761 1914 3830 quando

329 3867 396 3907 ea
425 3869 546 3923 quae
592 3853 682 3908 ille
723 3867 828 3908 non
859 3851 1082 3918 habuit,
1123 3868 1188 3906 ne
1221 3852 1335 3906 vias
1365 3851 1624 3921 malignas
1659 3859 1910 3916 teneant,

331 3947 600 4002 desideria
647 3955 828 4002 nostra
884 3961 1044 4017 prava
1091 3945 1424 4002 cohibemus.
1454 3944 1542 4000 Sic
1581 3943 1724 3998 enim
1755 3945 1912 3998 verba

327 4039 424 4096 Dei
449 4055 734 4112 possumus
778 4040 1076 4106 custodire,
1110 4041 1154 4094 si
1185 4049 1304 4110 post
1333 4048 1544 4094 nostras
1589 4039 1754 4092 malas
1782 4053 1911 4092 con-

325 4136 682 4204 cupiscentias
705 4150 814 4191 non
841 4148 1028 4190 eamus
1053 4133 1072 4204 (
1101 4133 1260 4188 Eccli.
1291 4148 1436 4198 svnt,
1459 4133 1572 4203 30),
1601 4140 1658 4186 ut
1683 4131 1748 4186 ad
1775 4131 1913 4184 mala

323 4227 604 4296 concupita
633 4227 984 4297 perveniant;
1015 4226 1110 4282 sed
1140 4241 1230 4280 eas
1275 4224 1452 4294 potius
1490 4223 1751 4278 adversus
1797 4238 1914 4276 ear-

324 4335 450 4374 nem
498 4319 686 4388 Spiritu
729 4317 1142 4389 eoncupiscente
1169 4316 1438 4372 frenemus
1465 4315 1483 4386 (
1512 4313 1682 4368 Galat.
1709 4331 1762 4380 ν,
1791 4315 1909 4384 l7),

323 4429 394 4469 ne
423 4428 522 4468 nos
547 4423 728 4483 raptos
751 4421 912 4482 atque
939 4412 1228 4468 subversas
1252 4426 1347 4482 per
1375 4409 1632 4480 malignas
1661 4409 1770 4464 vias
1793 4422 1914 4477 pcr-

325 4507 556 4563 trahant.

397 4599 450 4654 6.
481 4597 630 4670 [vers.
664 4596 812 4671 102.]
835 4599 880 4652 Α
897 4596 1132 4668 judiciis,
1163 4595 1354 4665 inquit,
1389 4594 1486 4648 tuis
1516 4609 1616 4646 non
1642 4592 1910 4656 declinavi,

321 4691 564 4762 quoniam
594 4701 646 4744 tu
677 4691 840 4762 legem
879 4689 1090 4760 posuisti
1125 4687 1270 4742 milii.
1305 4686 1446 4742 Dixit
1475 4685 1603 4758 quid
1644 4685 1910 4748 timuerit,

323 4791 386 4837 ut
408 4783 476 4837 ab
501 4782 648 4838 omni
677 4783 760 4836 via
790 4782 1020 4852 maligna
1053 4779 1364 4850 prohiberet
1407 4777 1570 4846 pedes
1605 4791 1750 4830 suos.
1776 4773 1912 4842 Quid

323 4885 410 4932 est
437 4879 602 4942 enim,
633 4875 678 4928 Α
693 4875 907 4946 jndiciis
943 4874 1042 4928 tuis
1070 4888 1172 4926 non
1199 4869 1482 4936 declinavi;
1511 4868 1612 4922 nisi
1644 4867 1784 4938 quod
1807 4867 1912 4920 alio

325 4967 446 5024 loco
469 4969 600 5022 dicit
627 5010 640 5032 ,
681 4967 724 5022 Α
753 4965 956 5032 iudiciis
983 4973 1150 5018 autem
1176 4964 1272 5018 tuis
1299 4961 1483 5016 timui?
1505 4962 1912 5014 Perseveranter

326 5061 406 5116 eis
433 5059 671 5124 Credidi,
707 5060 824 5128 quia
853 5067 906 5110 tu
950 5057 1106 5128 legem
1147 5055 1359 5127 posuisti
1405 5053 1548 5106 mihi.
1578 5052 1654 5105 Tu
1691 5052 1912 5106 interior

325 5151 528 5206 intimis
559 5151 692 5206 meis
713 5191 730 5216 ,.
757 5161 811 5204 tu
844 5150 986 5202 intus
1025 5149 1076 5202 in
1105 5147 1268 5202 corde
1295 5147 1464 5216 legem
1509 5143 1730 5214 posuisti
1780 5141 1910 5197 mihi

323 5245 514 5314 Spiritu
563 5254 684 5306 tuo,
719 5253 968 5312 tanquam
1008 5241 1172 5312 digito
1221 5250 1342 5302 tuo;
1392 5246 1451 5294 ut
1495 5253 1612 5293 eam
1649 5253 1756 5292 non
1797 5245 1911 5292 tan-

325 5355 484 5410 quam
511 5353 700 5395 servus
725 5339 842 5393 sine
867 5351 1054 5392 amore
1080 5346 1396 5400 metuerem,
1427 5333 1520 5388 sed
1547 5341 1696 5387 casto
1721 5331 1912 5388 timore

331 5439 392 5484 ut
423 5432 564 5486 ﬁlfus
593 5431 610 5462 ί
644 5430 940 5500 diligerem,
973 5438 1026 5484 et
1055 5427 1340 5482 dilectione
1365 5435 1510 5481 easta
1539 5425 1802 5480 timerem.

397 5523 450 5576 7.
485 5520 808 5594 [vers.‘l05.]
833 5521 898 5576 Et
943 5519 1064 5574 ideo
1093 5517 1216 5573 vide
1257 5518 1384 5587 quid
1426 5518 1702 5588 sequitur;
1747 5516 1910 5582 Quam

331 5613 501 5668 dulcia
527 5613 758 5686 faucibus
783 5613 906 5666 meis
931 5610 1078 5664 verba
1105 5610 1227 5664 tua!
1246 5609 1351 5676 vel,
1382 5609 1524 5678 quod
1545 5609 1612 5662 de
1631 5624 1806 5680 graeco
1830 5615 1911 5662 est

327 5707 654 5775 expressius,
678 5704 875 5775 eloquia
912 5712 1000 5756 tua
1029 5718 1046 5756 :
1082 5718 1232 5772 super
1270 5700 1370 5755 mel
1393 5710 1441 5754 et
1471 5705 1644 5772 favum
1674 5701 1749 5755 ori
1773 5717 1902 5754 meo.

329 5795 456 5852 Haec
497 5805 581 5852 est
627 5797 714 5850 illa
762 5796 992 5852 suavitas
1037 5810 1194 5865 quam
1226 5795 1482 5848 Dominus
1523 5795 1646 5860 dat,
1679 5802 1737 5849 ut
1767 5805 1908 5850 terra

336 5899 520 5945 nostra
545 5888 636 5944 det
673 5888 904 5944 fructum
941 5903 1096 5944 suum
1124 5885 1296 5958 (Psal.
1329 5902 1548 5958 Lxxxtv,
1578 5887 1690 5962 15),
1723 5897 1780 5944 ιιι
1809 5887 1910 5945 bo-

393 6001 1269 6067 ‘ApudAm.etinIss.nonest,ut
1297 5997 1444 6064 ﬁlius.

1429 499 1827 556 ENARRATIO
1867 497 1933 556 IN
1969 495 2286 560 PSALMUM
2323 505 2553 565 CXVIII.

3484 519 3510 576 l
3521 515 3628 576 566

2054 633 2178 672 num
2217 635 2340 680 vere
2364 622 2520 690 bene,
2555 623 2607 678 id
2633 635 2734 692 est,
2767 641 2871 681 non
2899 617 3020 681 mali
3047 627 3276 686 carnalis
3299 627 3586 687 formidine
3607 671 3626 700 ,

2048 709 2141 762 sed
2165 710 2288 764 boni
2313 713 2600 782 spiritualis
2631 716 2983 774 delectatione
3011 705 3320 776 i'l'aciamus.
3375 721 3629 779 Nonnulli

2047 812 2176 855 sane
2196 801 2404 858 codices
2428 821 2529 858 non
2559 805 2784 876 habent;
2813 815 3004 881 favum,
3025 812 3118 867 sed
3149 813 3328 882 plures
3357 811 3623 869 habent’.

2044 891 2184 948 ΜεΙΙί
2217 903 2298 948 εει
2343 905 2516 950 autem
2569 899 2758 958 similis
2799 911 2979 972 aperta
3025 903 3265 960 doctrina
3309 907 3622 976 sapientize;

2044 984 2165 1041 favo
2188 1002 2330 1052 vero,
2364 1004 2482 1058 quae
2521 987 2587 1044 de
2632 991 3047 1051 abstrusioribus
3086 998 3432 1052 sacramentis
3457 1041 3470 1063 ,
3502 1005 3620 1050 tan-

2043 1093 2198 1146 quam
2230 1077 2297 1132 de
2325 1077 2472 1136 cellis
2501 1081 2689 1148 cereis,
2715 1101 2808 1140 ore
2829 1085 3159 1156 disserentis,
3193 1089 3333 1143 velut
3365 1089 3623 1143 iitanden-

2044 1169 2130 1236 tis,
2160 1171 2510 1240 exprimitur:
2554 1191 2736 1231 verum
2787 1178 2866 1232 ori
2911 1169 3122 1246 eordis,
3166 1183 3270 1236 non
3321 1177 3498 1236 carnis
3542 1185 3624 1234 est

2040 1261 2228 1316 dulcis.

2111 1355 2161 1410 8.
2195 1353 2344 1428 [vers.
2381 1351 2528 1430 104.]
2561 1357 2664 1414 Sed
2697 1361 2820 1429 quid
2856 1369 2937 1416 est
2962 1361 3102 1433 quod
3144 1364 3255 1432 ait,
3283 1361 3329 1418 Α
3370 1361 3622 1418 mandatis

2041 1447 2137 1500 tuis
2167 1447 2429 1502 intellexi?
2459 1439 2614 1504 Aliud
2645 1452 2785 1505 enim
2817 1463 2918 1518 est,
2951 1453 3196 1510 Mandata
3229 1466 3312 1510 tua
3345 1449 3618 1522 intellexi;
3651 1455 3654 1458 ’

2038 1539 2178 1592 aliud
2201 1551 2280 1594 est
2305 1581 2320 1608 ,
2351 1537 2387 1594 Α
2423 1541 2673 1598 mandatis
2704 1545 2802 1598 tuis
2833 1545 3074 1601 intellexi.
3116 1545 3307 1602 Nescio
3336 1547 3460 1618 quid
3491 1561 3619 1618 ergo

2037 1629 2178 1686 aliud
2222 1647 2280 1686 se
2323 1633 2586 1704 signiﬁcat
2627 1621 2946 1692 intellexisse
2985 1654 3014 1692 a
3059 1639 3320 1694 mandatis
3344 1629 3475 1693 Dei:
3520 1641 3620 1693 hoc

2036 1734 2140 1790 est,
2169 1735 2421 1794 quantum
2449 1721 2576 1782 mihi
2601 1729 2830 1798 videtur,
2851 1729 3095 1786 faciendo
3119 1731 3364 1787 mandata
3389 1727 3481 1788 Dei
3508 1746 3620 1802 per-

2037 1819 2244 1873 venisse
2274 1833 2333 1872 se
2368 1819 2497 1874 dicit
2523 1821 2588 1874 ad
2616 1837 2798 1876 earum
2827 1839 3004 1878 rerum
3035 1821 3460 1895 intelligentiam,
3485 1837 3618 1894 quas

2035 1911 2416 1978 cencupiverat
2448 1913 2603 1967 svire.
2639 1914 2861 1983 Propter
2900 1915 3040 1985 quod
3068 1915 3322 1986 scriptum
3350 1923 3454 1983 εει,
3484 1915 3617 1969 Con-

2036 2001 2218 2068 cupisti
2238 2003 2561 2072 sapientiam;
2589 2022 2730 2059 serva
2761 2009 3020 2075 mandata,
3045 2017 3090 2061 et
3114 2005 3361 2062 Dominus
3384 2007 3621 2078 praebebit

2033 2091 2175 2145 illam
2205 2094 2292 2146 tibi
2321 2095 2336 2162 (
2371 2093 2529 2148 Eccli.
2567 2085 2616 2164 l,
2639 2085 2774 2164 '55):
2812 2114 2876 2151 ne
2913 2099 3191 2168 quisquam
3237 2105 3614 2168 prmposterus,

2037 2191 2322 2252 antequam
2369 2184 2561 2240 habent
2605 2181 2955 2244 luuiiilitate‘m
3000 2189 3352 2256 obedientite,
3382 2189 3510 2244 velit
3553 2187 3620 2246 ad

2034 2272 2368 2329 altitudinem
2401 2278 2676 2348 sapientiae
2723 2281 2998 2348 pervenire
3023 2322 3037 2348 ,
3083 2296 3241 2351 quam
3289 2283 3482 2350 capere
3511 2295 3617 2336 non

2033 2373 2229 2434 potest,
2259 2366 2358 2421 nisi
2386 2368 2572 2422 ordine
2602 2371 2826 2424 venerit.
2852 2367 3044 2425 Audiat
3074 2387 3201 2441 ergo
3229 2390 3242 2426 :
3265 2369 3460 2424 Altiora
3483 2379 3529 2424 te
3554 2385 3616 2423 ne

2033 2458 2288 2526 quwsieris
2310 2499 2324 2522 ,
2355 2469 2400 2512 et
2431 2461 2644 2529 fortiora
2685 2471 2729 2516 te
2776 2479 2836 2516 ne
2865 2473 3118 2518 scrutatus
3159 2463 3349 2534 fueris;
3377 2461 3464 2518 sed
3503 2477 3614 2532 qua:

2033 2551 2272 2618 praecepit
2296 2549 2384 2602 tibi
2411 2549 2684 2619 Dominus,
2713 2553 2802 2607 illa
2839 2557 3006 2626 cogita
3033 2573 3228 2626 semper
3262 2551 3368 2626 (Id.
3399 2555 3615 2625 111,22).

2036 2638 2126 2694 Sic
2147 2639 2308 2695 homo
2334 2641 2400 2696 ad
2421 2641 2754 2700 occultorum
2779 2643 3092 2716 sapientiam
3115 2647 3354 2717 pervenit
3377 2655 3470 2715 per
3489 2645 3616 2703 obe-

2036 2731 2288 2788 dientiam
2315 2735 2703 2791 mandatorum.
2734 2737 2862 2793 Cum
2892 2745 3069 2793 autem
3097 2739 3339 2807 dixisset,
3372 2739 3499 2804 Qua:
3527 2739 3617 2793 tibi

2031 2825 2266 2895 prtecepit
2309 2825 2557 2882 Dominus
2582 2871 2595 2894 ,
2626 2829 2718 2882 illa
2755 2831 2958 2901 cogita;
2991 2831 3112 2891 ideo
3141 2831 3363 2898 addidit,
3391 2847 3615 2906 semper,

2027 2917 2151 2988 quia
2180 2929 2232 2972 et
2256 2919 2599 2976 costodienda
2630 2931 2712 2977 est
2738 2913 3035 2978 obedientia
3057 2965 3068 2988 ,
3092 2931 3147 2978 ut
3174 2926 3504 2996 percipiatur
3521 2939 3610 2980 sa-

2028 3009 2318 3079 picntia,et
2343 3023 2588 3082 percepta
2616 3013 2876 3084 sapientia
2904 3031 3010 3072 non
3049 3027 3132 3071 est
3159 3015 3453 3072 deserenda
3487 3017 3615 3071 obe-

2027 3099 2244 3156 dientia.
2278 3103 2643 3172 Spiritualium
2673 3105 2850 3176 itaque
2879 3107 3245 3162 membrorum
3275 3107 3472 3164 Christi
3509 3123 3612 3162 vox

2025 3193 2126 3250 ista
2151 3204 2250 3260 est,
2273 3195 2314 3247 Λ
2337 3195 2587 3252 nutndatis
2617 3201 2714 3252 tuis
2741 3197 2986 3256 intellexi.
3012 3199 3125 3255 Hoc
3148 3201 3289 3256 enim
3313 3211 3457 3256 recte
3483 3201 3613 3256 dicit

2025 3287 2222 3342 Christi
2274 3305 2466 3360 corpus
2499 3291 2549 3344 in
2598 3293 2713 3360 eis,
2743 3294 2934 3364 quibus
2981 3293 3228 3349 mandata
3273 3295 3610 3350 servantibus

2024 3389 2240 3450 propter
2264 3380 2433 3450 ipsam
2461 3384 2754 3438 custodiam
2789 3383 3160 3442 mandatorom
3191 3388 3454 3456 praebetur
3471 3371 3606 3443 ube;

2021 3472 2136 3528 rior
2160 3473 2400 3528 doctrina
2428 3477 2721 3544 sapientia),
2751 3477 3054 3548 Propterea,
3085 3477 3286 3549 inquit,
3320 3478 3436 3533 odio
3457 3477 3613 3532 habui

2022 3579 2220 3619 omnem
2267 3565 2400 3620 viam
2440 3567 2734 3638 iniquitatis.
2778 3567 3008 3624 Necesse
3039 3577 3121 3624 est
3151 3569 3292 3624 enim
3335 3577 3390 3623 ut
3433 3557 3609 3623 oderit

2023 3671 2237 3712 omnem
2284 3659 2616 3729 iniquitatem
2663 3677 2814 3716 amor
2859 3663 3114 3732 juStitizn:
3148 3663 3238 3733 qui
3269 3673 3413 3716 tanto
3440 3662 3610 3732 major

2021 3759 2122 3814 est,
2155 3761 2352 3820 quanto
2382 3768 2501 3806 eum
2544 3753 2711 3824 magis
2759 3753 3050 3810 inﬂammat
3078 3751 3354 3824 amplioris
3382 3755 3608 3811 dulcedo

2021 3843 2316 3911 sapientiae,
2347 3861 2464 3913 quae
2496 3845 2762 3914 prtebetur
2786 3833 2839 3930 ei
2864 3849 2956 3920 qui
2985 3847 3320 3922 obtemperat
3341 3847 3472 3918 Deo,
3501 3857 3607 3905 eta

2020 3937 2282 3992 mandatis
2312 3939 2426 4009 ejus
2465 3941 2728 4009 intelligit.

2621 4087 2796 4130 anno
2823 4089 2973 4129 XXIII.

2091 4187 2143 4250 1.
2172 4185 2506 4272 [vers.105.]
2533 4195 2863 4255 Scrutandos
2891 4205 3050 4272 atque
3083 4201 3387 4259 tractandas
3405 4217 3500 4274 pro
3520 4201 3604 4259 vl—

2019 4287 2166 4342 ribus
2202 4304 2334 4358 quas
2381 4290 2520 4344 Deus
2563 4291 2758 4357 donat,
2805 4308 2947 4347 nunc
3003 4294 3133 4349 istos
3177 4307 3362 4349 versus
3417 4293 3607 4364 psalmi

2019 4380 2179 4452 hujus
2226 4381 2584 4452 aggredimur,
2617 4383 2843 4453 quorum
2869 4385 3069 4455 primus
3098 4397 3178 4441 est
3205 4429 3218 4454 ,
3248 4385 3478 4441 Lucerna
3517 4401 3604 4457 pe-

2019 4475 2164 4529 dibus
2207 4476 2328 4529 meis
2357 4473 2557 4530 verbum
2589 4483 2730 4530 luum
2751 4519 2765 4544 ,
2793 4487 2840 4532 et
2868 4479 3036 4532 lumen
3074 4481 3260 4534 semitis
3287 4481 3427 4533 meis.
3454 4471 3607 4546 Quod

2018 4578 2120 4634 est,
2140 4569 2384 4634 lucerna;
2409 4570 2508 4622 hoc
2538 4571 2820 4640 repetitum
2849 4579 2949 4635 est,
2970 4571 3140 4626 lumen
3165 4587 3184 4628 :
3209 4573 3370 4642 quod,
3395 4569 3606 4643 pedibus

2017 4659 2173 4724 meis;
2199 4657 2328 4724 hoc,
2361 4660 2549 4713 semitis
2577 4662 2718 4714 meis.
2748 4661 2883 4729 Quid
2912 4671 2994 4717 est
3018 4675 3166 4733 ergo,
3199 4661 3403 4716 verbum
3425 4661 3606 4717 tuum?

2017 4749 2410 4822 Numquidnam
2445 4753 2572 4807 illud
2601 4754 2742 4823 quod
2777 4755 2827 4807 in
2859 4755 3120 4824 principio
3151 4763 3266 4810 erat
3296 4755 3435 4810 Deus
3465 4753 3605 4824 apud

2019 4843 2210 4910 Deum,
2237 4843 2468 4898 Verbum
2503 4845 2702 4899 scilicet
2743 4861 2837 4914 per
2868 4843 3012 4916 quod
3043 4847 3177 4902 facta
3219 4855 3343 4902 sunt
3381 4847 3558 4902 omnia
3579 4845 3606 4899 τ

2017 4935 2134 4991 Non
2164 4943 2247 4990 est
2278 4935 2369 4988 ita.
2389 4935 2518 4989 Nam
2544 4937 2672 4990 illud
2691 4937 2918 4992 Verbum
2943 4933 3125 4994 lumen
3143 4947 3241 5004 est,
3269 4935 3363 4992 sed
3385 4937 3600 4992 lucerna

2019 5043 2124 5082 non
2156 5035 2257 5081 est.
2284 5025 2524 5081 Lucerna
2566 5029 2762 5098 quippe
2805 5037 3046 5084 creatura
3076 5037 3191 5095 est,
3235 5043 3339 5082 non
3361 5027 3600 5093 Creator,

2017 5133 2138 5188 quze
2179 5117 2588 5188 participatione
2631 5117 3079 5174 incommutabilis
3110 5118 3243 5171 lucis
3268 5117 3597 5172 accenditur.

2018 5209 2130 5264 Hoc
2175 5217 2291 5263 erat
2333 5207 2587 5274 Joannes,
2633 5209 2699 5265 de
2735 5225 2841 5282 quo
2871 5211 3002 5264 dicit
3027 5207 3260 5265 Verbum
3293 5211 3467 5279 Deus,
3502 5211 3606 5268 Ille

2017 5311 2126 5356 erat
2153 5303 2359 5357 lucerna
2387 5303 2569 5357 ardens
2598 5313 2644 5357 et
2666 5299 3028 5374 lucens(.loan.
3063 5313 3114 5354 v.
3147 5301 3260 5372 55).
3292 5301 3396 5358 Sed
3421 5303 3604 5360 lumen

2017 5404 2176 5452 estet
2205 5395 2422 5450 lucerna
2451 5413 2464 5450 :
2509 5393 2562 5449 et
2593 5403 2769 5450 [arinen
2813 5395 2864 5449 in
2891 5393 3296 5463 comparatione”
3323 5393 3506 5464 Verbi,
3536 5395 3604 5451 de

2018 5503 2125 5558 quo
2153 5487 2352 5542 dictum
2383 5495 2486 5555 est,
2517 5485 2654 5542 Deus
2701 5495 2810 5541 erat
2843 5485 3081 5552 Verbum,
3121 5501 3226 5540 non
3261 5495 3377 5543 erat
3404 5487 3490 5543 ille
3527 5489 3606 5543 lu-

2021 5596 2143 5636 men
2169 5599 2182 5646 ;
2213 5579 2308 5635 sed
2341 5581 2534 5634 missus
2564 5588 2644 5634 est
2665 5620 2679 5644 ,
2715 5587 2771 5633 ut
2801 5577 3167 5635 testimonium
3202 5581 3507 5650 perhiberet
3535 5581 3604 5638 de

2019 5673 2239 5728 lumine.
2265 5675 2392 5728 Erat
2413 5674 2554 5728 enim
2587 5673 2762 5728 lumen
2791 5669 2994 5739 verum,
3024 5687 3129 5727 non
3165 5673 3307 5742 quod
3335 5674 3602 5729 illumina-

2019 5775 2124 5833 tnr,
2155 5775 2212 5820 ut
2255 5765 2436 5829 homo,
2467 5763 2561 5820 sed
2611 5763 2752 5835 quod
2781 5765 3043 5820 illuminat
3085 5779 3300 5821 omnem
3330 5765 3602 5822 hominem

2081 5882 2098 5912 ί
2133 5887 2273 5930 Forte
2284 5915 2298 5941 ,
2325 5880 2592 5932 dilectione.

2016 5945 2206 6068 [αὖῶξε
2228 5943 2412 6009 aliquot
2441 5943 2554 5998 libri
2575 5943 2778 6008 addunt,
2795 5942 2894 5998 mel
2917 5955 2941 5998 :
2959 5945 3102 6008 otius
3143 5943 3250 5998 loco
3275 5943 3606 6010 athletam,
