4090 6470
479 426 613 484 ΙὸὑἸ

482 543 660 614 (Joan.
679 556 718 605 ι,
753 540 1013 612 l-9).Nisi
1042 546 1217 594 autem
1246 546 1300 593 et
1328 537 1544 592 lucerna
1577 533 1755 588 lumen
1780 540 2061 592 esset,non

484 640 686 693 diceret.
716 634 1006 704 Apostolis,
1046 631 1144 686 Vos
1172 632 1288 686 estis
1318 632 1485 684 lumen
1513 626 1711 680 mundi.
1736 623 1852 691 Quo
1877 622 2057 676 audito

480 747 549 787 ne
568 731 618 784 id
646 744 705 783 se
735 736 979 797 putarent
1004 742 1146 791 esse,
1166 723 1304 795 quod
1329 723 1416 777 ille
1440 721 1528 791 qui
1553 719 1653 773 hoc
1673 719 1878 773 dixerat
1902 734 1915 783 ;
1942 730 2061 769 nam

481 835 537 879 et
581 824 648 878 de
699 823 874 891 scipso
929 819 1158 889 quodam
1210 818 1325 871 loco
1369 815 1540 879 dixit,
1586 812 1697 883 Ego
1737 828 1849 865 sum
1895 811 2063 863 lumen

482 915 660 969 mundi
690 914 708 983 (
741 912 823 966 Id.
870 928 980 975 vm,
1016 910 1082 964 12
1110 909 1170 980 ):
1214 910 1287 962 ait
1335 907 1440 962 illis
1466 905 1532 960 de
1574 904 1699 969 illis,
1731 902 1848 955 Non
1904 908 2064 971 potest

482 1008 655 1061 civitas
677 1005 915 1058 abscondi
943 1020 1095 1073 super
1129 1011 1343 1055 montem
1374 999 1677 1059 constituta;
1715 1010 1869 1063 neque
1890 1009 2063 1045 accen-

485 1098 610 1150 dunt
655 1097 912 1150 lucernam
948 1105 993 1148 et
1043 1102 1235 1163 ponunt
1275 1108 1384 1145 eam
1416 1090 1505 1143 sub
1548 1088 1716 1142 modio
1741 1129 1753 1152 ,
1798 1086 1884 1139 sed
1910 1100 2063 1153 super

480 1189 871 1256 candelabrum,
899 1199 951 1242 ut
982 1190 1145 1243 luceat
1170 1184 1397 1241 omnibus
1431 1184 1519 1253 qui
1555 1184 1607 1234 in
1635 1182 1784 1234 domo
1806 1190 1921 1233 sunt
1945 1195 1962 1232 :
1991 1179 2062 1231 sic

481 1280 647 1335 luceat
666 1281 831 1335 lumen
847 1290 1062 1333 vestrum
1084 1293 1254 1333 coram
1274 1276 1577 1339 hominibus(
1589 1274 1776 1328 Matth.
1793 1271 1971 1335 γ,14-1
1982 1270 2058 1339 6);

484 1382 543 1429 ut
586 1373 785 1429 scirent
832 1388 890 1429 se
920 1384 1171 1443 tanquam
1202 1374 1448 1427 lucernas
1485 1369 1553 1426 de
1579 1370 1669 1424 illo
1698 1369 1894 1421 lumine
1918 1364 2062 1435 quod

478 1464 883 1519 immutabiliter
927 1465 1105 1529 lueet,
1157 1477 1430 1517 accensas.
1462 1460 1617 1514 Nulla
1664 1458 1860 1528 quippe
1906 1471 2061 1509 crea-

478 1556 599 1603 tura
624 1589 639 1613 ,
669 1548 917 1617 quamvis
970 1547 1243 1601 rationalis
1273 1554 1326 1602 et
1367 1543 1770 1607 intellectualis,
1814 1556 1846 1595 a
1886 1540 2063 1610 seipsa

477 1641 833 1706 illuminatur,
864 1642 958 1696 sed
996 1640 1401 1710 participatione
1442 1637 1781 1707 sempiternae
1819 1633 2063 1687 veritatis

478 1733 792 1788 accenditur
821 1750 832 1784 :
866 1732 1081 1786 etiamsi
1110 1729 1400 1800 aliquando
1421 1728 1533 1782 dies
1557 1736 1797 1792 vocatur,
1819 1740 1921 1778 non
1947 1724 2062 1778 dies

479 1825 770 1890 Dominus,
809 1824 902 1878 sed
943 1839 1101 1893 quem
1148 1822 1269 1875 fecit
1302 1821 1594 1885 Dominus;
1621 1829 1675 1873 et
1700 1820 1819 1873 ideo
1841 1816 1990 1872 audit
2018 1819 2058 1881 ²,

478 1916 731 1970 Accedite
758 1915 823 1970 ad
847 1931 965 1970 eum
988 1957 1001 1980 ,
1040 1925 1089 1969 et
1141 1912 1514 1967 illuminamini
1542 1911 1561 1983 (
1586 1910 1733 1965 Psal.
1764 1924 1949 1975 χχχιιι,
1980 1908 2058 1977 ϐ).

478 2007 704 2077 Propter
730 2024 889 2077 quam
917 2007 1400 2077 participationem,
1430 2006 1485 2058 in
1507 2012 1759 2074 quantum
1792 2002 1954 2056 homo
1980 2008 2065 2057 est

478 2108 535 2156 et
579 2102 692 2169 ipse
718 2100 1001 2165 Mediator,
1040 2099 1244 2152 lucerna
1290 2099 1343 2151 in
1374 2097 1692 2168 Apocalypsi
1725 2102 2063 2163 nuncupatur

481 2192 663 2262 (Apoc.
688 2208 797 2257 χχι,
829 2190 944 2259 25).
974 2189 1078 2245 Sed
1108 2189 1393 2259 singularis
1416 2198 1498 2243 est
1528 2188 1630 2242 ista
1657 2187 1923 2256 susceptio
1948 2202 1961 2242 :
1994 2185 2061 2239 de

478 2283 626 2339 nullo
668 2283 810 2338 enim
840 2290 1148 2337 sanctorum
1178 2280 1281 2335 dici
1309 2280 1565 2335 divinitus
1592 2278 1801 2348 potuit,
1832 2286 1925 2331 aut
1949 2276 2060 2331 dici

474 2375 583 2429 ullo
613 2375 773 2429 modo
800 2377 881 2428 fas
912 2383 1025 2439 est;
1066 2373 1281 2427 Verbum
1305 2390 1422 2427 caro
1452 2377 1642 2443 factum
1674 2380 1746 2425 est
1793 2369 1989 2442 (Joan.
2018 2385 2058 2434 ι,

473 2466 588 2537 ﬂ),
604 2466 703 2520 nisi
721 2466 787 2519 de
804 2480 912 2520 uno
926 2466 1218 2521 Mediatore
1231 2465 1325 2520 Dei
1342 2474 1395 2521 et
1412 2464 1685 2519 hominum
1702 2462 1745 2534 (l
1759 2462 2026 2529 Tim.n,5)
2042 2500 2055 2514 .

472 2560 607 2615 Cum
632 2561 790 2630 igitur
807 2559 985 2614 lumen
1015 2560 1224 2614 dicatur
1239 2558 1571 2627 unigenitum
1590 2555 1828 2611 Verbum
1854 2553 2061 2624 aequale

473 2653 749 2723 gignenti,
785 2653 960 2706 lumen
989 2651 1200 2706 dicatur
1226 2660 1282 2705 et
1307 2651 1470 2705 homo
1500 2650 1567 2703 ab
1609 2650 1701 2703 illo
1734 2648 1908 2704 Verbo
1930 2647 2054 2701 illu-

472 2746 730 2811 minatus,
762 2748 850 2815 qui
883 2746 1078 2800 dicitur
1106 2754 1159 2800 et
1188 2746 1429 2812 lucerna,
1462 2745 1598 2798 sicut
1622 2742 1888 2807 Joannes,
1921 2742 2059 2795 sicut

470 2840 737 2912 Apostoli,
770 2854 869 2893 nec
893 2839 1032 2893 ullus
1057 2854 1241 2894 eorum
1274 2839 1434 2893 homo
1460 2838 1529 2891 sit
1562 2836 1816 2899 Verbum,
1847 2844 1903 2890 ct
1928 2835 2057 2889 illud

471 2930 708 2985 Verbum
736 2945 767 2985 a
806 2946 911 3000 quo
942 2929 1223 2984 illuminati
1256 2939 1380 2984 sunt
1408 2930 1625 2984 lucerna
1667 2944 1774 2983 non
1804 2929 1904 2993 sit;
1932 2925 2059 2996 quid

480 3030 563 3075 est
589 3020 691 3074 hoc
725 3020 945 3075 verbum
969 3061 985 3086 ,
1031 3021 1171 3090 quod
1204 3021 1277 3075 ita
1307 3021 1485 3075 lumen
1516 3020 1729 3083 dicitur,
1758 3028 1812 3072 ut
1841 3020 2057 3073 lucerna

473 3111 544 3166 sit
568 3111 586 3181 (
614 3112 690 3165 ait
735 3113 898 3175 enim,
931 3111 1163 3166 Lucerna
1188 3110 1393 3181 pedibus
1424 3112 1546 3165 meis
1568 3111 1771 3166 verbum
1806 3121 1948 3163 tuum
1972 3151 1983 3174 ,
2009 3120 2053 3163 et

475 3204 643 3258 lumen
692 3203 882 3257 semitis
921 3203 1089 3275 meis),
1120 3203 1220 3257 nisi
1272 3202 1492 3257 verbum
1528 3202 1885 3271 intelligamus
1916 3200 2057 3270 quod

473 3294 672 3348 factum
712 3302 793 3347 est
816 3294 883 3347 ad
911 3293 1209 3363 Prophetas
1229 3334 1243 3358 ,
1271 3294 1357 3348 vel
1405 3292 1547 3363 quod
1596 3292 1945 3363 prmdicatum
1977 3300 2059 3346 est

473 3398 573 3455 per
602 3382 921 3454 Apostolus?
950 3382 1065 3437 Non
1099 3383 1317 3438 verbum
1362 3382 1670 3449 Christum,
1714 3383 1807 3436 sed
1838 3382 2057 3436 verbum

473 3474 695 3543 Christi,
723 3475 792 3529 de
817 3490 923 3545 quo
949 3475 1201 3545 scriptum
1228 3484 1329 3541 est,
1352 3473 1510 3528 Fides
1531 3490 1595 3527 ea:
1617 3474 1819 3538 auditu,
1850 3473 2056 3526 auditus

470 3576 638 3621 autem
666 3583 753 3631 per
782 3567 985 3620 verbum
1010 3566 1195 3620 Christi
1228 3567 1245 3635 (
1272 3566 1421 3619 Rom.
1450 3582 1503 3631 χ,
1531 3566 1595 3619 17
1624 3566 1666 3635 ).
1695 3565 1827 3619 Nam
1860 3574 1913 3619 et
1938 3580 2058 3619 ver-

470 3658 598 3713 bum
630 3659 998 3728 prepheticum
1030 3659 1259 3714 lucernae
1286 3672 1606 3727 comparans
1646 3658 1923 3728 apostolus
1954 3659 2055 3716 Pe-

469 3763 622 3809 trus:
658 3754 945 3820 Habemus,
972 3756 1163 3825 inquit,
1195 3757 1454 3809 certiorem
1486 3757 1834 3827 propheticum
1860 3773 2050 3811 sermo~

468 3861 583 3899 nem
608 3887 622 3912 ,
665 3847 748 3899 cui
778 3846 1066 3919 benefacitis
1093 3848 1404 3901 intendentes
1424 3889 1438 3911 ,
1462 3848 1595 3901 velut
1618 3850 1842 3903 lucerna:
1868 3850 2053 3903 lucenti

468 3937 523 3992 in
548 3937 758 3992 obscuro
786 3940 897 3993 loco
921 3938 941 4009 (
981 3939 1026 3993 ll
1056 3938 1200 3993 Petr.
1230 3956 1279 4007 ι,
1302 3940 1410 4009 19).
1437 3940 1588 4008 Quod
1620 3943 1798 4011 itaque
1821 3942 1906 3995 hic
1932 3942 2007 3996 ait
2036 3984 2051 4004 ,

466 4028 703 4083 Lucerna
743 4030 949 4101 pedibus
994 4032 1117 4085 meis
1156 4032 1357 4085 verbum
1388 4041 1550 4099 tuum,
1580 4043 1624 4086 el
1671 4034 1837 4087 lunten
1862 4035 2053 4088 semitis

467 4124 611 4188 meis,
640 4122 863 4178 verbum
900 4132 984 4180 est
1013 4123 1154 4193 quod
1185 4124 1236 4178 in
1264 4123 1552 4194 Scripturis
1574 4126 1775 4180 sanctis
1803 4126 2051 4180 onmibus

467 4215 794 4271 continetur.

535 4305 754 4380 2.[vers.
781 4306 901 4372 106,
928 4304 1076 4379 107.]
1094 4305 1296 4374 Juravi,
1330 4308 1518 4378 inquit,
1547 4318 1592 4362 et
1626 4310 1776 4363 statui
1801 4308 2053 4362 custodire

458 4399 655 4474 judicia
671 4399 1034 4468 justitiaetuaz:
1062 4410 1309 4468 tanquam
1342 4398 1474 4454 bene
1496 4400 1777 4455 ambulans
1806 4401 1873 4455 ad
1903 4401 2049 4455 illam

464 4492 760 4557 lucernam,
791 4500 844 4546 et
882 4502 1056 4549 rectas
1081 4493 1299 4549 semitas
1328 4493 1549 4549 habens.
1580 4494 1835 4564 Sequenti
1867 4505 2047 4550 autem

462 4586 630 4640 verbo
682 4585 807 4641 illud
876 4587 1014 4655 quod
1066 4588 1334 4643 antecedit
1366 4589 1673 4667 expositum
1724 4596 1823 4641 est.
1885 4589 2050 4655 Quasi

463 4679 606 4734 enim
630 4694 992 4748 qumreremus
1016 4680 1141 4749 quid
1162 4688 1322 4744 esset,
1350 4679 1558 4743 Juravi;
1582 4682 1848 4749 adjuuxit,
1873 4691 1919 4735 et
1944 4693 2050 4737 sta-

463 4771 555 4826 tui.
574 4770 687 4827 Hoc
712 4771 855 4828 enim
881 4772 1170 4843 appellavit
1184 4773 1548 4842 juramentum
1570 4773 1711 4842 quod
1739 4774 1925 4829 statuit
1952 4790 2046 4844 per
2068 4769 2072 4777 ’

460 4874 857 4920 sacramentum
884 4881 899 4930 ;
932 4866 1060 4934 quia
1088 4865 1160 4918 ita
1186 4864 1345 4919 debet
1372 4879 1491 4918 esse
1520 4880 1671 4918 mens
1700 4864 1804 4919 ﬁxa
1836 4866 1888 4920 in
1919 4882 2045 4921 cus-

457 4954 726 5011 todiendis
750 4955 966 5024 judiciis
1000 4955 1211 5023 iustitia:
1242 4954 1366 5021 Dei,
1402 4963 1461 5007 ut
1483 4954 1553 5009 sit
1590 4956 1811 5011 omnino
1835 4972 1931 5027 pro
1953 4957 2045 5027 ju-

455 5045 665 5101 ratione
686 5046 828 5116 quod
864 5047 1071 5100 statuit.

525 5140 579 5195 5.
619 5139 749 5193 Fide
783 5146 959 5193 autem
1002 5136 1372 5193 custodiuntur
1406 5136 1604 5206 judicia
1640 5139 1862 5209 justitite
1906 5140 2041 5207 Dei;

454 5247 572 5287 cum
602 5230 701 5285 sub
738 5231 849 5285 Deo
873 5230 1018 5299 justo
1050 5229 1249 5298 judice,
1280 5246 1381 5285 nec
1429 5241 1573 5286 recte
1622 5231 1818 5286 factum
1873 5234 2041 5288 infru-

452 5331 718 5389 ctuosum,
750 5335 851 5376 nec
880 5330 1156 5391 peceatum
1173 5320 1408 5377 creditur
1433 5322 1746 5391 impunitum
1777 5343 1790 5379 :
1820 5325 1914 5379 sed
1945 5341 2042 5393 pro

451 5414 553 5470 hac
580 5415 683 5469 ﬁde
701 5415 823 5485 quia
845 5415 1009 5468 multa
1031 5425 1082 5469 et
1107 5415 1421 5485 gravissima
1447 5415 1583 5469 mala
1611 5432 1805 5486 corpus
1822 5419 2041 5487 pertulit

449 5508 669 5573 Christi,
721 5507 1036 5581 Humiliatus
1081 5523 1213 5571 sum,
1261 5508 1448 5577 inquit,
1491 5524 1647 5579 usque
1691 5510 1857 5564 valde.
1923 5510 2037 5565 Non

449 5601 592 5657 enim
623 5599 716 5668 ait,
749 5599 1031 5653 Humiliavi
1057 5614 1172 5663 me;
1202 5608 1259 5653 ut
1286 5598 1635 5655 humilitatem
1667 5617 1785 5671 quae
1813 5602 1865 5655 in
1898 5618 2037 5671 prte-

448 5702 604 5762 cepto
634 5700 736 5757 est,
786 5671 1007 5761 intelligi
1054 5691 1122 5745 sit
1162 5691 1537 5746 necessezsed
1572 5693 1666 5759 ait,
1724 5691 2036 5746 Ilumiliotus

446 5798 558 5839 sum
585 5797 740 5852 usque
765 5781 949 5845 valde;
996 5781 1281 5836 maximam
1309 5783 1509 5837 scilicet
1546 5799 1733 5854 passus
1779 5801 2037 5855 persecu-r

512 5916 531 5950 ι
556 5919 631 5963 Er.
652 5911 802 5974 Lugd.
828 5920 947 5965 ven.
974 5922 1027 5966 et
1048 5922 1178 5973 Lov.,
1204 5918 1258 5967 Et
1276 5913 1388 5967 ideo
1410 5916 1569 5968 adhuc
1591 5915 1821 5969 subdidit.
1878 5926 1933 5968 tu.

1704 415 1763 471 S.
1803 407 2167 470 AUGUSTINI
2204 412 2503 470 EPISCOPI

3614 432 3753 492 1568

2175 526 2394 593 tionem,
2429 543 2527 598 pro
2552 544 2617 585 eo
2646 531 2785 601 quod
2810 531 3007 603 juravit
3036 542 3091 591 et
3116 538 3297 593 statuit
3323 542 3590 601 custodire
3610 545 3753 615 judi-

2170 618 2249 671 cia
2277 619 2491 687 iustitiae
2520 622 2633 676 Dei.
2668 623 2733 677 Et
2760 640 2829 679 ne
2857 626 2906 679 in
2927 636 3068 682 tanta
3099 629 3466 691 humiliatione
3484 636 3617 694 ﬁdes
3640 641 3752 709 ipsa

2170 711 2446 780 deﬁceret,
2491 715 2712 781 addidit,
2744 717 2976 786 Domine,
3006 723 3202 793 vivi/ica
3228 742 3305 780 me
3333 730 3606 785 secundum
3638 750 3751 787 ver-

2168 806 2285 859 bum
2314 814 2451 859 tuum
2483 823 2503 861 :
2533 806 2632 863 hoc
2652 818 2733 865 est
2753 813 3044 869 secundum
3077 819 3395 884 promissum
3418 832 3587 876 tuum.
3618 823 3752 880 Nam

2167 906 2221 951 et
2249 896 2467 952 verbum
2506 902 2889 969 promissorum
2925 906 3014 961 Dei
3038 906 3255 963 lucerna
3297 922 3379 967 est
3422 914 3669 982 pedibus,
3701 927 3757 971 et

2165 988 2371 1044 semitis
2398 990 2593 1047 lumen.
2621 993 2708 1048 Sic
2739 1003 2794 1049 et
2822 999 3086 1067 superius,
3134 1010 3194 1055 ut
3220 1016 3342 1057 eum
3394 1004 3562 1073 Deus.
3583 1008 3755 1062 viviﬁ-

2165 1089 2329 1145 caret,
2360 1084 2530 1136 oravit
2560 1085 2611 1138 in
2650 1086 3014 1145 humiliatione
3056 1097 3462 1163 persecutionis,
3507 1099 3593 1154 ubi
3640 1101 3753 1156 ait:

2166 1172 2336 1228 Paulo
2363 1179 2527 1233 minus
2552 1193 3016 1238 consummaverunt
3047 1203 3127 1240 me
3167 1189 3221 1241 in
3266 1198 3436 1257 terra;
3470 1209 3559 1263 ego
3584 1204 3755 1247 autem

2165 1283 2266 1320 non
2305 1269 2547 1340 dereliqui
2591 1276 2832 1329 mandata
2889 1285 2975 1331 tua
3002 1281 3317 1335 :secundum
3357 1286 3760 1342 misericordiam

2165 1368 2302 1414 tuam
2328 1364 2524 1433 vivi/ica
2552 1384 2650 1433 me,
2681 1377 2727 1422 et
2754 1371 3032 1425 custodiam
3063 1374 3362 1443 testimonia,
3410 1378 3463 1433 id
3500 1389 3585 1435 est
3608 1397 3759 1436 mar-

2167 1452 2301 1521 tyria
2328 1455 2430 1507 oris
2457 1457 2548 1509 tui.
2575 1457 2672 1512 Ubi
2703 1460 3034 1531 intelligitur,
3058 1465 3101 1519 si
3132 1465 3246 1535 ipse
3275 1483 3376 1523 non
3404 1469 3632 1527 viviﬁcet
3658 1473 3759 1527 do-

2166 1543 2344 1597 nando
2392 1548 2719 1619 patientiam,
2749 1562 2969 1622 propter
3004 1556 3143 1625 quod
3187 1556 3389 1614 dictum
3425 1570 3525 1623 est.
3579 1562 3646 1617 In
3676 1580 3761 1619 ve-

2164 1642 2271 1687 stra
2298 1638 2538 1706 patientia
2555 1643 2869 1711 possidebitis
2893 1647 3088 1702 animas
3115 1660 3301 1707 vestras
3326 1651 3477 1721 (Luc.
3498 1671 3612 1721 ιιι,
3632 1657 3757 1725 19);

2165 1738 2219 1785 et
2246 1730 2313 1784 de
2351 1746 2456 1800 quo
2485 1734 2683 1789 dictum
2707 1747 2810 1803 est,
2869 1738 3120 1805 Quoniam
3149 1743 3211 1796 ab
3245 1746 3358 1815 ipso
3401 1758 3473 1802 est
3510 1750 3762 1820 patientia

2164 1840 2274 1878 mea
2305 1822 2475 1894 (Psal.
2500 1842 2607 1892 LXI,
2639 1828 2692 1901 6)
2724 1847 2736 1882 :
2767 1847 2871 1886 non
2894 1847 3089 1902 corpus
3115 1838 3165 1890 in
3207 1844 3578 1907 persecutione
3612 1861 3762 1900 mor-

2167 1914 2378 1977 tiﬁeari,
2425 1918 2518 1971 sed
2546 1919 2803 1987 animam,
2878 1938 2984 1978 non
3011 1927 3362 1985 custodiendo
3405 1936 3661 2003 martyria
3703 1947 3764 1991 et

2161 2003 2356 2076 judicia
2392 2007 2612 2077 justitia:
2636 2012 2745 2067 Dei.

2235 2096 2455 2169 4.[vers.
2492 2100 2637 2173 108.]
2692 2102 2987 2160 Voluntaria
3010 2109 3117 2164 oris
3161 2111 3260 2164 mei
3296 2110 3609 2185 beneplacita
3650 2117 3760 2186 fac,

2165 2188 2382 2244 Domine
2408 2208 2427 2245 :
2457 2192 2558 2247 hoc
2587 2203 2701 2261 est,
2731 2196 2976 2266 placeant
3006 2201 3129 2267 tibi;
3164 2204 3271 2259 noli
3305 2207 3612 2276 reprobare,
3661 2210 3764 2266 sed

2164 2284 2421 2352 approba.
2469 2286 2613 2343 Bene
2666 2299 2842 2345 autem
2880 2291 3247 2365 intelliguntur
3300 2301 3402 2354 oris
3439 2303 3760 2372 voluntaria,

2164 2376 2426 2430 sacriﬁcia
2475 2378 2669 2446 laudis,
2706 2382 3043 2441 confessione
3072 2388 3368 2459 eharitatis,
3413 2408 3517 2448 non
3564 2395 3765 2452 timore

2164 2470 2498 2524 neCessitatis
2545 2472 2720 2527 oblata
2751 2493 2764 2529 :
2791 2476 2933 2531 unde
2962 2477 3162 2534 dictum
3203 2491 3305 2551 est,
3346 2484 3636 2540 Voluntarie
3662 2504 3758 2540 sa-

2163 2558 2400 2628 criﬁcabo
2424 2562 2513 2615 tibi
2546 2561 2715 2634 (Psal.
2750 2582 2839 2631 LII,
2870 2568 2950 2638 8).
3002 2570 3107 2624 Sed
3139 2573 3262 2642 quid
3289 2584 3371 2629 est
3395 2576 3535 2645 quod
3560 2578 3759 2648 adjun-

2162 2652 2260 2723 git,
2292 2653 2356 2707 Et
2374 2656 2575 2726 judicia
2610 2669 2698 2712 tua
2719 2660 2842 2715 doce
2866 2664 2982 2717 me?
3026 2664 3211 2721 Nonne
3249 2668 3363 2738 ipse
3412 2670 3464 2725 in
3505 2673 3760 2730 versibus

2164 2746 2529 2814 superioribus
2571 2749 2798 2818 dixerat,
2850 2753 2895 2805 Α
2914 2756 3127 2824 judiciis
3180 2760 3278 2813 tuis
3322 2777 3424 2815 non
3459 2762 3762 2819 declinavi?

2164 2834 2443 2903 Quomodo
2471 2839 2632 2915 istud,
2666 2843 2709 2896 si
2742 2859 2847 2897 non
2866 2861 2927 2899 ea
2956 2849 3218 2903 noverat?
3239 2851 3406 2906 Porro
3431 2854 3477 2908 si
3503 2866 3757 2925 noverat,

2162 2928 2431 2995 quomodo
2466 2929 2553 2986 hic
2575 2931 2724 2998 dicit,
2753 2934 2821 2988 Et
2840 2937 3044 3006 judicia
3074 2948 3159 2993 tua
3189 2941 3311 2997 doce
3337 2961 3415 2999 me
3439 2945 3465 2998 .9
3504 2947 3585 3002 An
3611 2948 3761 3004 sicut

2163 3018 2291 3073 illud
2323 3029 2425 3088 est,
2456 3021 2769 3079 Suavitatem
2795 3027 2959 3096 fecisti
2985 3047 3099 3083 cum
3134 3048 3275 3087 servo
3314 3043 3445 3101 tuo;
3488 3044 3545 3092 et
3566 3048 3762 3108 postea

2163 3110 2311 3178 dicit,
2346 3112 2665 3170 Suavitatem
2695 3118 2819 3173 doce
2838 3122 2953 3175 me?
2993 3121 3146 3190 Quod
3183 3125 3253 3179 ita
3287 3128 3652 3197 exposuimus,
3694 3140 3765 3187 ut

2162 3204 2581 3276 intelligeremus
2610 3211 2770 3265 verba
2800 3212 3146 3283 proﬁcientis,
3194 3225 3249 3272 et
3277 3216 3401 3273 addi
3439 3219 3542 3275 sibi
3583 3220 3653 3277 ad
3698 3222 3760 3278 id

2161 3298 2302 3367 quod
2331 3310 2613 3369 acceperat
2634 3306 2974 3371 postulantis.

2233 3391 2287 3445 5.
2319 3390 2339 3463 [
2367 3408 2495 3447 vers.
2526 3395 2675 3468 109.]
2702 3397 2885 3451 Anima
2904 3416 3013 3455 mea
3043 3401 3097 3455 in
3136 3405 3365 3461 manibus
3392 3408 3490 3461 tuis
3530 3425 3755 3481 semper.

2158 3479 2409 3536 Nonnulli
2432 3484 2642 3539 codices
2670 3487 2890 3555 habent,
2919 3491 2971 3544 in
2989 3493 3224 3550 manibus
3243 3498 3368 3552 meis
3389 3514 3409 3552 :
3426 3498 3520 3555 sed
3546 3479 3753 3570 plures,

2159 3574 2213 3627 in
2239 3576 2371 3640 tuis;
2414 3587 2470 3631 et
2501 3578 2601 3633 hoc
2629 3581 2843 3650 quidem
2886 3586 3105 3653 planum
3154 3598 3254 3643 est.
3306 3590 3580 3648 Justorum
3605 3598 3754 3653 enim

2159 3669 2353 3723 animae
2380 3670 2432 3725 in
2448 3686 2606 3727 manu
2634 3674 2730 3730 Dei
2759 3686 2883 3732 sunt
2910 3677 3063 3750 (Sap.
3098 3698 3173 3747 Ill,
3202 3683 3257 3752 1)
3282 3700 3295 3749 ;
3327 3684 3380 3739 in
3410 3686 3561 3756 cujus
3586 3704 3754 3745 manu

2158 3770 2284 3814 sunt
2308 3770 2362 3816 et
2381 3778 2480 3818 nos
2500 3774 2553 3819 et
2584 3781 2862 3824 sermones
2896 3773 3062 3826 nostri
3092 3772 3201 3845 (Id.
3229 3791 3321 3840 vn,
3353 3776 3462 3850 16).
3502 3778 3566 3831 Et
3600 3779 3749 3850 legis,

2157 3852 2351 3923 inquit,
2397 3864 2498 3910 tua:
2524 3874 2624 3912 non
2665 3874 2778 3913 sum
2820 3861 3003 3917 oblitus
3029 3880 3047 3917 :
3072 3873 3326 3936 tanquam
3349 3868 3418 3923 ad
3459 3886 3565 3925 non
3608 3871 3751 3926 obli-

2157 3944 2463 4002 viscendam
2494 3949 2585 4004 Dei
2612 3950 2783 4021 legem
2812 3954 3058 4010 manibus
3100 3957 3267 4027 ipsius
3314 3962 3599 4032 adjuvetur
3627 3965 3752 4034 ejus

2157 4039 2436 4106 memoria,
2469 4040 2555 4095 ubi
2579 4042 2693 4111 ejus
2720 4052 2801 4098 est
2826 4046 3027 4101 anima.
3060 4049 3245 4103 Anima
3273 4067 3399 4107 vero
3425 4072 3535 4109 mea
3562 4058 3615 4110 in
3636 4075 3753 4111 nia.

2156 4128 2301 4182 nibus
2326 4131 2466 4197 meis,
2491 4134 2758 4201 quomodo
2779 4135 3124 4207 intelligatur,
3151 4140 3357 4211 ignoro.
3384 4144 3521 4199 Justi
3550 4148 3750 4218 quippe

2156 4218 2258 4275 ista
2288 4222 2450 4276 verba
2475 4233 2616 4291 sunt,
2642 4239 2745 4278 non
2778 4227 2957 4296 injusti
2989 4246 3002 4292 ;
3072 4231 3344 4288 redeuntis
3388 4235 3456 4290 ad
3503 4237 3744 4307 Patrem,

2156 4327 2262 4367 non
2285 4314 2654 4371 diseedentisa
2675 4318 2852 4373 Patre.
2885 4321 3019 4375 Nam
3044 4333 3221 4392 potest
3245 4325 3415 4381 videri
3437 4328 3621 4399 junior
3657 4332 3748 4386 illc

2155 4407 2295 4463 ﬁlius
2323 4410 2555 4465 animam
2577 4428 2727 4468 suam
2758 4415 2811 4469 in
2841 4417 3086 4473 manibus
3112 4420 3222 4473 suis
3249 4419 3450 4477 habere
3476 4423 3709 4478 voluisse
3727 4468 3741 4491 ,

2153 4502 2366 4571 quando
2410 4503 2545 4558 dixit
2567 4507 2722 4574 patri,
2773 4508 2853 4561 Da
2887 4510 3013 4563 mihi
3049 4510 3383 4568 substantiam
3426 4531 3587 4569 meam
3631 4532 3747 4587 quas

2153 4609 2233 4648 me
2271 4596 2514 4666 contingit
2546 4613 2564 4650 :
2586 4599 2681 4652 sed
2731 4599 2850 4655 ideo
2880 4611 3125 4656 mortuus
3160 4611 3296 4669 erat,
3346 4604 3466 4660 ideo
3509 4606 3745 4675 perierat

2153 4685 2305 4756 (Luc.
2342 4702 2428 4752 xv,
2465 4688 2551 4753 12,
2584 4688 2699 4761 24).
2752 4692 2833 4746 Αη
2877 4692 3015 4748 forte
3070 4696 3141 4749 ita
3190 4695 3391 4767 dictum
3429 4706 3534 4766 est,
3558 4699 3745 4753 Anima

2151 4792 2261 4830 mea
2281 4778 2333 4830 in
2364 4779 2592 4833 manibus
2619 4782 2763 4849 meis,-
2817 4791 3066 4854 tanquam
3109 4802 3227 4841 eam
3257 4788 3624 4845 viviﬁcandam
3653 4791 3743 4845 of-

2151 4864 2315 4921 ferret
2347 4867 2495 4922 Deo?
2525 4868 2677 4925 Unde
2698 4872 2824 4926 alibi
2856 4873 3051 4929 dicitur
3084 4893 3096 4928 :
3129 4876 3211 4930 Ad
3254 4887 3301 4931 te
3334 4880 3491 4933 levavi
3516 4883 3743 4937 animam

2150 4973 2313 5012 meam
2344 4958 2513 5029 (Psal.
2544 4978 2687 5027 xxw,
2721 4964 2797 5035 1).
2829 4964 3045 5022 Dixerat
3089 4969 3231 5023 enim
3262 4978 3318 5025 et
3363 4970 3451 5027 hic
3471 4975 3736 5044 superius,

2157 5048 2367 5120 Vini/ica
2392 5070 2487 5107 me.

2219 5143 2272 5199 6.
2327 5145 2475 5217 [vers.
2508 5146 2654 5219 110.]
2713 5147 3022 5216 Posuerunt,
3078 5152 3268 5224 inquit,
3317 5165 3601 5226 peccatores
3653 5160 3739 5212 la-

2146 5253 2325 5307 queum
2348 5240 2491 5306 mihi,
2516 5248 2560 5293 et
2580 5256 2611 5292 a
2639 5243 2892 5297 mandatis
2917 5245 3015 5297 tuis
3047 5262 3147 5298 non
3170 5248 3352 5301 erravi.
3412 5249 3566 5305 Unde
3610 5251 3736 5318 hoc,

2145 5332 2247 5385 nisi
2278 5333 2402 5399 quia
2431 5332 2546 5401 ejus
2575 5333 2755 5388 anima
2787 5337 2838 5388 in
2880 5336 3127 5393 manibus
3158 5339 3274 5405 Dei,
3306 5341 3389 5395 vel
3421 5342 3473 5396 in
3502 5344 3613 5397 suis
3644 5346 3721 5398 vi-

2144 5423 2404 5479 viﬁcanda
2432 5424 2652 5480 oﬁ‘ertur
2680 5426 2830 5481 Deo?

2215 5517 2266 5569 7.
2299 5515 2445 5588 [vers.
2490 5519 2639 5587 111.)
2685 5518 2997 5577 Ηωνεάὶιαιε
3039 5524 3282 5595 acquisiui
3321 5529 3607 5585 testimonia
3641 5539 3731 5586 tua

2140 5610 2194 5663 in
2219 5619 2482 5663 (etei-num.
2523 5610 2773 5666 Nonnulli
2796 5630 2903 5667 uno
2923 5617 3089 5670 verbo
3116 5617 3356 5673 volentes
3382 5620 3564 5678 dicere
3585 5623 3732 5693 quod

2140 5718 2247 5757 uno
2272 5703 2438 5755 verbo
2467 5703 2516 5755 in
2544 5719 2719 5773 gr:eco
2760 5707 2989 5774 positum
3040 5718 3142 5775 est,
3200 5710 3510 5766 ereditavi
3558 5715 3731 5769 inter-

2139 5796 2331 5865 pretati
2359 5804 2499 5849 sunt.
2525 5795 2676 5862 Quod
2717 5799 2817 5852 etsi
2870 5800 3091 5854 latinum
3135 5816 3254 5857 esse
3300 5815 3502 5873 posset,
3555 5808 3730 5878 magis

2143 5885 2467 5955 signiﬁcaret
2506 5904 2627 5945 eum
2662 5889 2752 5959 qui
2790 5889 2937 5946 dedit
2990 5893 3377 5964 haereditatem,
3411 5912 3573 5968 quam
3602 5914 3725 5955 eum
