4090 6494
311 407 451 467 1509

312 531 402 603 qui
433 525 647 598 accepit
667 538 684 592 ;
708 519 867 580 utsic
890 528 1034 581 esset
1069 519 1361 577 hereditarii
1383 563 1398 590 ,
1457 519 1744 592 quomodo,
1803 518 1897 574 Dio

311 621 439 677 tavi.
487 617 676 673 Melius
704 631 832 688 ergo
877 614 1090 671 duobus
1122 613 1302 669 verbis
1345 613 1647 668 insinuatur
1693 613 1900 681 integer

312 725 533 775 sensus;
563 708 676 764 sive
721 706 952 773 dicatur,
996 704 1303 762 Harreditate
1346 704 1568 775 possedi;
1609 704 1722 761 sive
1749 703 1900 758 dica-

314 812 468 858 catur
493 843 507 866 ,
539 799 859 854 ereditate
899 799 1139 870 acquisiui
1169 814 1188 852 :
1214 813 1318 852 non
1367 795 1755 860 haereditatem,
1804 794 1896 850 sed

315 896 626 949 luvreditale.
655 893 712 950 Si
737 902 916 951 autem
944 891 1220 963 quaeritur,
1245 891 1371 963 quid
1403 891 1710 961 acquisierit
1741 891 1901 943 Iacere-

312 986 510 1050 ditatc;
539 981 874 1048 Testimonia,
906 983 1095 1053 inquit,
1128 991 1232 1036 tua.
1270 981 1410 1050 Quid
1440 981 1624 1036 volens
1653 979 1897 1048 intelligi,

313 1078 436 1142 nisi,
484 1085 543 1133 ut
564 1077 718 1132 testis
747 1076 839 1132 Dei
870 1075 1043 1144 ﬁeret,
1096 1075 1319 1146 ejusque
1348 1073 1655 1134 testimonia
1680 1073 1901 1129 conﬁte-

312 1177 504 1234 retur;
553 1168 606 1223 id
632 1176 735 1236 est,
767 1178 826 1222 ut
851 1175 1056 1239 martyr
1075 1167 1171 1220 Dei
1198 1167 1365 1232 ﬁeret,
1415 1175 1574 1236 atque
1607 1164 1723 1235 ejus
1753 1179 1899 1218 mare

313 1259 455 1330 tyria
504 1259 730 1327 diceret,
782 1260 921 1315 sicut
949 1268 1217 1330 martyres
1258 1258 1461 1324 dicunt,
1504 1273 1536 1316 a
1574 1258 1733 1312 Patre
1775 1255 1898 1322 sibi,

316 1351 473 1420 cujus
515 1349 688 1406 haeres
724 1357 808 1405 est
836 1350 876 1414 ¹,
921 1365 1042 1405 esse
1067 1349 1362 1404 collatum?
1399 1348 1550 1403 Multi
1584 1349 1779 1418 quippe
1804 1360 1901 1401 vo-

315 1441 554 1510 luerunt,
601 1457 773 1512 neque
823 1450 1112 1512 potuerunt
1143 1459 1155 1496 :
1184 1441 1312 1496 nulli
1360 1449 1538 1494 tamen
1583 1447 1899 1508 potuerunt,

316 1533 418 1587 nisi
449 1533 539 1603 qui
567 1532 891 1599 voluerunt;
924 1533 1051 1603 quia
1080 1547 1186 1586 nou
1213 1531 1527 1601 potuissent,
1557 1530 1605 1586 si
1636 1530 1725 1584 Dei
1757 1530 1905 1585 testi.

317 1623 502 1679 monia
529 1623 550 1656 ⁹
579 1639 777 1694 negare
803 1623 1121 1679 voluissent.
1167 1622 1271 1679 Sed
1299 1623 1458 1678 etiam
1483 1623 1718 1692 ipsorum
1761 1637 1903 1693 prte-

319 1722 512 1784 parata
537 1721 622 1770 est
660 1713 909 1770 voluntas
933 1729 966 1770 a
991 1713 1237 1770 Domino.
1289 1713 1415 1768 Ideo
1453 1713 1566 1768 haec
1596 1713 1906 1769 haereditate

318 1808 698 1879 seacquisisse
748 1808 848 1863 iste
875 1817 1120 1874 testatur,
1167 1808 1346 1862 ethoc
1397 1808 1448 1860 in
1485 1816 1758 1872 aeternum;
1782 1807 1906 1877 quia

320 1917 428 1956 non
457 1909 541 1956 est
571 1901 625 1955 in
650 1901 729 1955 eis
757 1900 925 1970 gloria
946 1901 1252 1970 temporalis
1274 1899 1546 1954 hominum
1577 1912 1714 1953 vaua
1755 1913 1904 1969 qua:-

319 1993 580 2058 rentium,
604 1989 698 2046 sed
725 1999 926 2046 aitet-na
951 1990 1122 2060 gloria
1143 1998 1222 2044 est
1253 1988 1401 2044 brevi
1434 1999 1671 2059 tempore
1700 1989 1908 2058 patien-

321 2086 480 2148 tium,
523 2092 578 2139 et
600 2083 717 2138 sine
747 2082 852 2138 ﬁne
890 2083 1247 2154 regnantium.
1297 2081 1448 2138 Unde
1479 2083 1737 2152 sequitur,
1763 2081 1907 2147 Quo-

321 2177 463 2230 niam
487 2176 757 2231 exsultatio
774 2175 941 2229 cordis
966 2177 1065 2229 mei
1091 2183 1208 2230 sunt
1236 2190 1255 2229 :
1279 2174 1378 2232 etsi
1405 2173 1621 2230 afﬂictio
1644 2174 1906 2244 corporis,

325 2268 618 2325 exsultatio
641 2277 815 2323 tamen
848 2266 1042 2322 cordis.

398 2363 453 2418 8.
487 2359 642 2434 [vers.
673 2359 822 2434 112.]
852 2360 1054 2416 Deinde
1067 2359 1293 2430 subjecit
1319 2377 1332 2414 :
1361 2359 1617 2414 Inclinavi
1637 2375 1723 2413 cor
1741 2374 1910 2412 meum

327 2453 397 2507 ad
438 2452 703 2520 faciendas
739 2452 1135 2524 jnstiﬁcationes
1162 2461 1273 2505 tuas
1313 2452 1366 2504 in
1401 2459 1662 2516 azternum,
1706 2459 1910 2520 prapter

322 2543 720 2598 retributionem.
745 2541 845 2610 Qui
869 2542 1018 2606 dicit,
1047 2541 1301 2596 Inclinavi
1319 2557 1410 2596 cor
1431 2557 1630 2604 meum;
1658 2540 1770 2610 ipse
1796 2540 1908 2610 jam

323 2632 555 2701 dixerat,
585 2631 791 2688 Inclina
815 2649 902 2688 cor
917 2649 1081 2688 meum
1106 2634 1159 2687 in
1186 2632 1468 2688 testimonia
1498 2642 1624 2696 tua;
1651 2641 1708 2686 ut
1752 2631 1912 2686 iutel-

323 2725 552 2796 ligamus
579 2725 740 2781 simul
771 2727 872 2781 hoc
895 2740 1014 2780 esse
1036 2733 1090 2780 et
1112 2724 1277 2779 divini
1317 2725 1552 2779 muneris
1599 2732 1652 2778 et
1681 2723 1911 2794 propriae

323 2817 634 2874 voluntatis.
661 2817 766 2873 Sed
799 2816 1056 2887 numquid
1103 2817 1154 2871 in
1196 2824 1453 2871 aaternum
1487 2815 1674 2870 facturi
1726 2829 1911 2870 sumus

323 2908 732 2981 iustiﬁcationes
761 2908 895 2964 Dei?
921 2907 1099 2978 Opera
1131 2907 1223 2962 illa
1247 2907 1460 2978 quidem
1481 2922 1598 2976 quae
1625 2920 1913 2976 operamur

325 2999 472 3056 circa
514 3000 884 3071 proximorum
941 2999 1326 3064 necessitates,
1383 3007 1582 3053 aeterna
1641 3011 1760 3051 esse
1805 3011 1910 3052 non

326 3103 570 3165 possunt,
597 3093 737 3149 sicut
764 3108 866 3149 nec
886 3092 1014 3163 ipsa;
1042 3091 1388 3147 necessitates
1412 3108 1425 3144 :
1461 3091 1552 3146 sed
1581 3090 1626 3145 si
1653 3105 1758 3146 non
1788 3090 1912 3145 dili-

326 3185 501 3256 gendo
528 3186 627 3240 ista
653 3184 935 3251 faciamus,
985 3183 1131 3239 nulla
1158 3194 1241 3240 est
1264 3182 1609 3254 justiﬁcatio;
1649 3183 1691 3237 si
1733 3191 1910 3238 autem

325 3277 618 3349 diligendo,
645 3287 845 3332 aeterna
866 3284 949 3332 est
978 3276 1094 3347 ipsa
1122 3274 1339 3330 dilectio
1357 3315 1371 3340 ,
1413 3273 1569 3344 eique
1594 3283 1793 3328 aeterna
1821 3287 1914 3344 pa-

328 3379 450 3426 rata
489 3382 572 3426 est
600 3370 917 3436 retributio;
964 3378 1180 3440 propter
1204 3383 1363 3440 quam
1395 3367 1800 3423 retributionem
1827 3365 1911 3420 di-

327 3462 403 3518 cit
431 3477 492 3518 se
521 3462 806 3518 inclinasse
833 3477 927 3517 cor
945 3476 1098 3516 suum
1125 3459 1192 3516 ad
1212 3459 1482 3516 faciendas
1506 3459 1915 3530 justiﬁcationes

329 3552 448 3618 Dei,
489 3563 548 3608 ut
578 3554 629 3608 in
663 3561 921 3609 aeternum
948 3551 1194 3624 diligens,
1245 3551 1297 3606 iu
1341 3559 1601 3607 aeternum
1645 3560 1918 3606 mereatur

329 3643 531 3701 habere
557 3644 695 3715 quod
719 3644 907 3715 diligit.

943 3791 1114 3834 εει(κο
1150 3791 1293 3832 XXIV.

406 3914 458 3968 1.
491 3912 642 3986 [rem
675 3911 823 3986 115.]
852 3912 1049 3969 Psalmi
1081 3912 1239 3984 hujus
1262 3911 1411 3968 locus
1427 3911 1494 3967 de
1518 3926 1625 3982 quo
1647 3911 1698 3966 in
1727 3911 1916 3966 volun-

333 4014 445 4064 tate
474 4005 568 4061 Dei
593 4005 907 4075 disputaturi
935 4020 1142 4072 sumus,
1171 4005 1248 4059 sic
1288 4003 1474 4073 incipit
1502 4021 1514 4056 :
1549 4001 1759 4073 lniquos
1799 4002 1917 4058 odio

332 4098 510 4164 habui,
539 4107 585 4152 et
614 4097 771 4169 legem
794 4107 930 4151 tuam
955 4097 1132 4151 dilexi.
1161 4095 1276 4150 Non
1295 4095 1390 4161 ait,
1425 4095 1636 4164 lniquos
1672 4095 1795 4149 odio
1819 4093 1918 4149 ha-

332 4189 446 4254 bui,
473 4199 529 4244 et
553 4190 726 4258 justos
750 4189 912 4244 dilexi
939 4205 953 4254 ;
984 4196 1098 4251 aut,
1128 4187 1463 4256 lniquitatem
1493 4185 1616 4240 odio
1641 4185 1821 4251 habui,
1864 4193 1920 4240 et

333 4280 508 4350 legem
553 4289 696 4335 tuam
749 4279 911 4336 dilexi
943 4297 958 4333 :
990 4279 1084 4335 sed
1111 4294 1230 4335 cum
1276 4277 1519 4344 dixisset,
1569 4276 1779 4345 Iniquos
1804 4277 1921 4332 odio

335 4373 513 4438 habui,
540 4374 790 4443 exposuit
817 4387 1000 4442 quare,
1030 4369 1296 4435 addendo,
1325 4378 1372 4423 et
1393 4369 1549 4439 legem
1577 4377 1716 4422 tuam
1741 4367 1919 4436 dilexi,

337 4467 833 4530 utdemonstraret,
875 4479 982 4518 non
1023 4477 1082 4518 se
1104 4463 1154 4517 iu
1194 4461 1498 4518 hominibus
1526 4459 1721 4530 iniquis
1745 4459 1923 4516 odisse

338 4569 608 4626 naturam,
627 4573 731 4629 qua
759 4557 1002 4612 homines
1023 4563 1167 4622 sunt;
1190 4554 1286 4610 sed
1307 4554 1660 4625 iniquitatem,
1689 4568 1793 4624 qua
1818 4552 1920 4622 legi

337 4667 503 4723 quam
531 4650 724 4721 diligit,
755 4649 954 4704 inimici
984 4656 1130 4703 sunt.

411 4745 466 4806 2.
496 4743 646 4815 [verm
691 4739 840 4812 114.]
867 4739 1086 4815 Deinde
1124 4738 1385 4809 sequitur,
1441 4736 1661 4808 Adjutor
1695 4753 1837 4791 meus
1877 4745 1925 4790 et

337 4814 598 4905 susceptor
640 4849 779 4888 meus
814 4814 874 4886 es
892 4840 948 4886 tu
992 4847 1012 4885 :
1055 4831 1294 4901 Adjutor,
1337 4828 1403 4884 ad
1444 4828 1584 4883 bona
1633 4826 1922 4894 facienda;

341 4939 626 5001 susceptor,
656 4927 722 4983 ad
752 4927 889 4982 mala
919 4924 1214 4981 evadenda.
1244 4923 1398 4992 Quod
1441 4933 1622 4977 autem
1663 4921 1924 4992 adjungit,

344 5021 413 5076 In
437 5021 640 5076 verbum
665 5028 805 5074 tuum
837 5016 1216 5089 superspcravi,
1250 5023 1503 5086 tanquam
1531 5013 1670 5070 ﬁlius
1695 5014 1926 5086 promis-

343 5115 512 5169 sionis
537 5113 793 5183 loquitur.

417 5207 471 5262 5.
504 5203 655 5279 [υεη.
688 5203 837 5278 115.]
863 5203 966 5260 Sed
996 5202 1124 5275 quid
1143 5202 1244 5258 sibi
1269 5200 1383 5257 vult
1409 5214 1600 5257 versus
1631 5199 1721 5270 qui
1750 5198 1934 5269 sequi.-

347 5308 434 5354 tur
457 5318 471 5353 :
496 5298 760 5353 Declinate
781 5315 812 5352 a
833 5314 930 5362 me,
962 5296 1192 5368 maligni,
1214 5305 1262 5351 et
1286 5295 1547 5351 scrutabor
1573 5292 1814 5347 mandata
1837 5291 1931 5346 Dei

347 5393 489 5446 mei?
515 5391 631 5447 Non
657 5393 800 5447 enim
829 5392 924 5456 ait,
951 5390 1139 5445 faciam
1167 5405 1182 5454 ;
1232 5388 1348 5455 sed,
1378 5387 1654 5443 scrutabor.
1709 5386 1776 5442 Ut
1799 5401 1931 5456 ergo

348 5481 587 5554 perfecte
615 5499 678 5538 ea
704 5483 1089 5552 diligenterque
1116 5480 1346 5539 noverit.
1384 5479 1645 5550 malignos
1682 5493 1714 5533 a
1742 5492 1802 5532 se
1838 5477 1934 5532 de-

349 5575 556 5632 clinare
607 5573 894 5640 desiderat,
946 5587 1148 5644 eosque
1186 5579 1347 5628 etiam
1387 5568 1756 5640 compellando
1795 5583 1825 5623 a
1871 5582 1932 5624 se

414 5753 432 5782 ⁸
455 5750 532 5800 sic
553 5757 655 5800 tun.
683 5755 737 5800 et
757 5755 865 5798 Mss.
892 5753 948 5797 At
968 5751 1042 5796 Er.
1069 5751 1122 5796 et
1137 5751 1269 5804 Lov.,
1293 5741 1430 5804 cuius
1453 5742 1632 5794 donum
1653 5747 1744 5794 est.

349 5812 582 5939 “asiae.
560 5817 671 5867 uss.
697 5817 752 5862 At
774 5819 896 5874 Am.,
920 5808 965 5861 st'
985 5805 1106 5875 ﬁdei
1131 5802 1409 5862 testimonia.
1434 5811 1509 5858 Er.
1529 5811 1582 5856 et
1602 5811 1734 5868 lov.,
1755 5802 1798 5856 si
1814 5802 1934 5869 ﬁda

1368 395 1760 458 ENARRATIO
1797 393 1864 453 IN
1901 387 2221 458 PSALMUM
2255 391 2485 454 CXVIII.

2008 512 2188 583 abigit.
2232 517 2364 570 Nam
2393 514 2606 587 maligni
2636 531 2886 578 exercent
2910 519 2978 580 ad
3022 522 3265 586 facienda
3309 534 3580 606 mandata,

2008 619 2038 658 a
2063 607 2361 662 scrutandis
2386 619 2562 665 autem
2589 623 2850 682 avocant;
2894 631 3002 672 non
3028 620 3201 676 solum
3245 638 3366 680 cum
3396 642 3582 697 perse-

2005 705 2268 765 quuntur,
2287 709 2377 754 aut
2405 700 2616 772 litigare
2646 704 2919 762 nobiscum
2947 709 3168 777 volunt;
3202 729 3387 771 verum
3419 721 3582 778 etiam

2005 800 2126 841 cum
2158 790 2526 859 obsequuntur
2550 804 2604 849 et
2630 796 2911 864 honorant,
2945 810 2999 856 et
3025 813 3198 860 tamen
3239 808 3350 863 suis
3376 811 3584 870 vitiosis

2006 886 2056 931 et
2086 880 2375 976 negotiosis
2405 885 2781 954 cupiditatibus
2804 891 3116 962 adjuvandis
3136 906 3195 953 ut
3222 913 3546 973 occupemur
3563 949 3582 976 ,

2006 977 2060 1024 et
2079 971 2157 1026 eis
2178 981 2360 1029 nostra
2405 985 2644 1048 tempora
2680 980 3064 1052 impendamus,
3115 971 3439 1062 eﬂlagitant;
3496 971 3586 1054 aut

2006 1068 2152 1116 certe
2180 1062 2419 1120 inﬁrmos
2440 1079 2712 1154 premunt,
2740 1082 2795 1128 et
2817 1089 3004 1132 causas
3029 1092 3156 1136 suas
3169 1081 3236 1137 ad
3263 1100 3363 1140 nos
3379 1087 3587 1148 deferre

2005 1154 2331 1255 compellunt
2357 1176 2370 1212 :
2398 1160 2588 1255 quibus
2611 1163 2789 1255 dicere
2819 1182 2926 1222 non
2951 1170 3231 1241 audemus,
3269 1176 3387 1246 Dic,
3413 1179 3584 1250 homo,

2007 1249 2118 1314 quis
2249 1249 2504 1302 constituit
2521 1252 2746 1322 judicem
2765 1267 2852 1310 aut
2878 1256 3143 1316 divisorem
3171 1265 3300 1320 inter
3317 1283 3403 1324 vos
3433 1269 3584 1343 (Luc.

2008 1349 2102 1402 xu,
2133 1337 2268 1408 14)?
2309 1337 2593 1396 Constituit
2628 1345 2770 1400 enim
2812 1349 3003 1406 talibus
3040 1355 3216 1410 causis
3259 1337 3588 1418 ecclesiasti-

2009 1427 2146 1523 cos]
2179 1428 2464 1523 apostolus
2479 1434 2800 1504 cognitores,
2835 1438 2887 1493 in
2915 1439 3032 1496 loro
3063 1446 3347 1514 prohibens
3368 1450 3587 1523 jurgare

2010 1515 2341 1613 Christianos
2367 1523 2412 1592 (ι
2441 1524 2560 1580 Cor.
2593 1543 2662 1594 νι,
2695 1530 2838 1600 1-6).
2868 1531 2945 1588 Ne
2973 1534 3076 1590 illis
3116 1539 3328 1608 quidem
3359 1515 3587 1613 quivnon

2009 1610 2181 1708 aliena
2227 1615 2460 1708 rapiunt,
2516 1619 2608 1674 sed
2655 1636 2748 1676 sua
2801 1625 2990 1694 cupide
3028 1639 3294 1701 repetunt,
3334 1610 3584 1708 dicimus,

2006 1699 2204 1758 Cavete
2224 1705 2290 1759 ab
2313 1707 2458 1763 omni
2473 1709 2778 1779 cupiditate,
2801 1717 3183 1776 constituentes
3203 1699 3286 1779 eisi
3305 1736 3428 1784 ante
3456 1699 3588 1788 ocu;

2010 1790 2091 1846 los
2122 1793 2390 1852 hominem
2420 1801 2502 1853 cui
2534 1801 2732 1857 dictum
2772 1815 2874 1873 est,
2907 1807 3096 1874 Stulte,
3125 1812 3220 1868 hac
3265 1828 3408 1872 nocte
3446 1825 3592 1893 aufe-

2009 1893 2208 1981 retur‘a
2221 1897 2281 1981 te
2300 1890 2472 1944 anima
2497 1901 2583 1946 tua
2604 1910 2624 1958 ;
2644 1912 2758 1965 qua:
2786 1902 3085 1969 praeparasti
3105 1906 3251 1970 cuius
3271 1918 3416 1962 erunt
3438 1890 3588 1981 (Luc.

2012 1990 2109 2041 xu,
2142 1976 2276 2048 20)?
2305 1981 2427 2050 quia
2444 1994 2496 2036 et
2533 1986 2748 2053 quando
2777 1988 3024 2058 dicimus,
3054 2008 3156 2048 non
3201 1976 3456 2054 recedunt
3491 2016 3594 2058 nec

2011 2065 2278 2124 declinant
2322 2086 2352 2126 a
2399 2073 2588 2138 nobis;
2637 2077 2729 2130 sed
2776 2079 2995 2147 instant,
3031 2093 3238 2153 urgent,
3284 2101 3592 2159 precantur,

2012 2159 2417 2226 tumultuantur,
2448 2175 2786 2236 extorquent,
2819 2181 2876 2225 ut
2906 2172 3033 2242 ipsis
3059 2177 3234 2243 potius
3258 2179 3324 2232 ad
3355 2180 3451 2235 ista
3473 2197 3593 2252 quae

2011 2253 2254 2324 diligunt,
2303 2262 2793 2349 quam‘scrutaudis
2815 2263 2910 2319 Dei
2953 2268 3216 2324 mandatis
3265 2287 3386 2341 qum
3414 2273 3594 2345 diligi-

2011 2359 2131 2400 mus
2156 2360 2496 2418 occupemur.
2544 2350 2588 2406 Ο
2613 2363 2811 2422 quanto
2837 2355 2992 2412 taedio
3019 2359 3291 2415 turbarum
3320 2363 3594 2421 turbulen-

2013 2447 2209 2504 tarum,
2261 2451 2315 2495 et
2358 2453 2557 2512 quanto
2595 2443 2863 2527 desiderio
2907 2449 3209 2506 divinorum
3256 2455 3594 2523 eloquiorum

2011 2531 2210 2588 dictum
2238 2543 2342 2602 est,
2375 2534 2634 2591 Declinate
2653 2555 2685 2591 a
2707 2556 2802 2606 me,
2827 2541 3059 2612 maligni,
3099 2553 3145 2598 et
3167 2546 3426 2602 scrutabor
3444 2565 3595 2604 man-

2013 2624 2134 2679 data
2159 2625 2255 2680 Dei
2295 2628 2433 2682 mei!
2478 2629 2752 2698 lgnoscant
2785 2631 3095 2689 obedientes
3140 2635 3326 2693 ﬁdeles
3355 2640 3444 2709 qui
3494 2656 3596 2710 pro

2013 2715 2123 2770 suis
2152 2718 2498 2772 saecularibus
2525 2721 2698 2774 causis
2725 2736 2846 2777 raro
2872 2737 2968 2778 nos
2997 2735 3262 2793 quaerunt,
3305 2737 3361 2782 et
3382 2729 3596 2797 judiciis

2015 2809 2215 2864 nostris
2235 2809 2492 2866 facillime
2515 2813 2861 2883 acquiescunt
2887 2832 2902 2881 ;
2927 2831 3029 2872 uec
3059 2833 3157 2872 nos
3179 2829 3461 2877 conterunt
3484 2815 3596 2878 liti;

2013 2899 2208 2970 gando,
2238 2901 2331 2956 sed
2361 2903 2780 2973 obtemperando
2805 2905 2982 2974 potius
3025 2908 3390 2965 consolantur.
3439 2911 3598 2968 Certe

2013 3001 2234 3061 propter
2273 3007 2366 3048 eos
2408 2997 2583 3064 quiet
2630 2996 2771 3050 inter
2821 3012 2880 3052 se
2918 2998 3262 3067 pertinaciter
3289 3009 3476 3073 agunt,
3543 3010 3599 3060 et

2014 3085 2227 3156 quando
2278 3087 2448 3143 bonos
2491 3098 2784 3159 premunt,
2855 3101 3038 3146 nOStra
3087 3091 3322 3160 judicata
3361 3103 3600 3149 contem.

2015 3186 2185 3244 nunt;
2234 3177 2539 3250 faciuntque
2589 3181 2742 3237 nobis
2785 3183 2960 3251 perire
2989 3193 3228 3254 tempora
3268 3185 3430 3243 rebus
3473 3202 3570 3243 ero

2015 3269 2184 3340 ganda
2211 3271 2439 3338 divinis,
2471 3281 2640 3341 certe,
2679 3275 2916 3344 inquam,
2960 3286 3180 3347 propter
3207 3279 3338 3334 istos
3366 3290 3419 3336 et
3446 3281 3600 3340 nobis

2016 3359 2173 3416 liceat
2203 3361 2506 3418 exclamare
2534 3364 2586 3418 in
2639 3365 2737 3420 hac
2775 3380 2906 3421 voce
2954 3370 3196 3437 corporis
3235 3369 3455 3436 Christi,
3493 3371 3602 3428 De-

2016 3451 2201 3505 clinate
2223 3469 2254 3505 a
2278 3469 2375 3520 me,
2400 3454 2630 3526 maligni,
2660 3465 2706 3509 et
2736 3458 2995 3512 scrutabor
3019 3459 3261 3515 mandata
3289 3461 3385 3518 Dei
3411 3465 3528 3519 mei.

2092 3545 2139 3598 4.
2176 3543 2326 3618 [vers.
2358 3545 2506 3620 116.]
2535 3547 2734 3602 Deinde
2769 3559 3113 3620 posteaquam
3143 3553 3287 3608 velut
3330 3554 3398 3609 ab
3435 3555 3604 3613 oculis

2017 3635 2195 3691 cordis
2224 3637 2306 3690 sui
2334 3650 2542 3692 muscas
2570 3637 2832 3693 irruentes
2875 3641 3071 3709 abegit,
3101 3641 3239 3697 redit
3266 3642 3334 3698 ad
3368 3659 3489 3700 eum
3517 3646 3604 3704 cui

2019 3725 2230 3781 dicebat
2261 3745 2280 3778 ι
2320 3727 2544 3797 Adjutor
2582 3744 2734 3784 meus
2758 3741 2811 3784 et
2838 3742 3116 3802 susceptor
3144 3748 3293 3788 meus
3314 3749 3373 3792 es
3399 3743 3494 3801 tu;
3551 3737 3604 3794 in

2021 3818 2242 3872 verbum
2265 3826 2408 3873 tuum
2432 3820 2675 3889 speravi;
2707 3840 2727 3874 ι
2754 3835 3072 3892 precemque
3089 3823 3604 3893 contiuuaus,«Sus-

2020 3915 2138 3983 cipe
2164 3931 2268 3978 me,
2303 3933 2322 3966 ι
2357 3915 2547 3984 inquit,
2580 3933 2600 3966 ‹
2625 3915 2914 3970 secundum
2945 3917 3211 3986 eloquium
3242 3927 3414 3988 tuum,
3446 3929 3500 3975 et
3526 3919 3607 3976 vi-

2022 4020 2178 4071 vam;
2221 4014 2277 4060 et
2306 4020 2373 4060 ue
2420 4004 2714 4060 confundas
2752 4022 2839 4062 me
2883 4006 2950 4062 ab
2985 4009 3383 4077 exspectatione
3408 4025 3547 4065 mea.
3578 4027 3598 4064 ι

2021 4096 2121 4163 Qui
2143 4096 2254 4166 jam
2280 4095 2502 4159 dixerat,
2535 4096 2815 4166 Susceptor
2837 4113 2996 4164 meus,
3029 4099 3380 4170 poscitmagis
3407 4101 3607 4172 magis-

2023 4203 2129 4259 que
2149 4187 2366 4258 suscipi,
2391 4196 2443 4242 et
2467 4187 2535 4241 ad
2561 4187 2688 4243 illud
2709 4197 2926 4258 propter
2941 4189 3080 4258 quod
3101 4189 3292 4245 tolerat
3313 4199 3418 4246 tam
3440 4191 3607 4250 multa

2025 4281 2270 4348 molesta,
2293 4279 2547 4352 perduci;
2579 4279 2757 4336 verius
2785 4279 2854 4334 ibi
2884 4296 2961 4346 se,
2992 4296 3148 4351 quam
3180 4283 3232 4337 in
3264 4283 3380 4340 istis
3415 4284 3608 4341 huma-

2025 4389 2211 4429 narum
2240 4389 2417 4428 rerum
2457 4372 2677 4428 somniis
2703 4371 2874 4428 ﬁdens
2899 4387 3018 4428 esse
3043 4373 3325 4432 victurum.
3353 4377 3440 4433 Sic
3463 4378 3609 4434 enim

2027 4466 2095 4523 de
2128 4466 2304 4522 futuro
2335 4466 2534 4521 dictum
2561 4474 2663 4531 est,
2695 4473 2741 4519 et
2778 4466 2960 4530 vivam,
2995 4475 3243 4536 tanquam
3281 4469 3335 4523 in
3365 4469 3466 4526 hoc
3490 4485 3612 4526 cor-

2029 4573 2159 4629 pore
2185 4566 2395 4613 mortuo
2419 4571 2524 4612 non
2565 4551 2792 4611 vivatur.
2824 4555 3030 4627 Corpus
3056 4558 3195 4612 enim
3236 4569 3501 4616 mortuum
3527 4570 3613 4618 est

2028 4661 2248 4720 propter
2297 4657 2570 4720 peccatum
2619 4665 2632 4702 :
2677 4657 3144 4719 et-exspectantes
3189 4649 3611 4721 redemptionem

2030 4743 2270 4814 corporis
2315 4743 2518 4806 nostri,
2577 4756 2672 4812 spe
2724 4741 2853 4796 salvi
2905 4740 3029 4795 lacti
3083 4757 3300 4809 sumus,
3364 4750 3420 4797 et
3469 4743 3611 4814 quod

2031 4851 2137 4890 non
2171 4835 2415 4890 videmus
2439 4842 2736 4902 sperantes,
2785 4847 2880 4902 per
2909 4833 3214 4902 patientiam
3243 4845 3611 4904 exspectamus

2000 4976 2004 4981 .
2036 4927 2212 5000 (Rom.
2245 4941 2358 4989 vui,
2388 4924 2477 4989 10,
2524 4923 2729 4995 25.25).
2765 4923 2868 4980 Sed
2919 4939 3043 4994 spes
3077 4939 3184 4980 non
3225 4923 3521 4994 confundit,
3563 4925 3611 4981 si

2035 5022 2266 5078 cbaritas
2292 5019 2387 5075 Dei
2410 5017 2720 5074 diffunditur
2748 5018 2799 5072 in
2830 5017 3080 5074 cordibus
3107 5017 3300 5074 nostris
3330 5033 3424 5088 per
3447 5016 3613 5088 Spiri-

2035 5127 2145 5171 tum
2173 5121 2415 5170 sanctum
2435 5112 2522 5183 qui
2547 5111 2702 5167 datus
2722 5121 2804 5167 est
2823 5109 2977 5166 uobis
3003 5112 3178 5183 (Rom.
3207 5126 3258 5175 v,
3289 5108 3365 5183 5).
3391 5110 3614 5180 Propter

2035 5223 2193 5279 quem
2230 5205 2430 5278 largius
2472 5203 2838 5276 accipiendum
2872 5203 3130 5258 clamatur
3153 5201 3218 5257 ad
3247 5200 3482 5269 Patrem,
3532 5199 3614 5256 Ne

2035 5300 2318 5373 confundas
2338 5316 2417 5354 me
2443 5300 2506 5354 ab
2531 5298 2897 5369 exspectatione
2919 5312 3051 5351 mea.

2108 5393 2162 5449 5.
2204 5391 2355 5465 [uers.
2385 5389 2532 5462 117.]
2574 5391 2640 5445 Et
2676 5400 2924 5458 tanquam
2949 5387 2998 5442 ei
3028 5399 3344 5458 responsum
3374 5383 3531 5441 fuerit
3559 5384 3616 5442 in

2037 5487 2249 5542 silentio
2267 5487 2308 5551 ⁸,
2342 5484 2458 5540 Νοη
2480 5484 2559 5538 vis
2585 5481 2834 5538 confundi
2855 5480 2923 5536 ab
2948 5479 3344 5550 exspectatione
3369 5479 3489 5534 tua?
3507 5493 3616 5534 non

2039 5578 2359 5634 intermittas
2407 5574 2650 5630 meditari
2690 5571 3098 5644 justiﬁcationes
3143 5585 3291 5628 meas
3328 5587 3341 5625 :
3379 5569 3616 5629 sentiens

2103 5739 2121 5771 ί
2148 5736 2317 5788 Plures
2339 5743 2444 5785 Mss.
2469 5733 2714 5792 omittunt,
2732 5729 2982 5792 Constituit
3015 5727 3143 5792 enim
3162 5728 3336 5780 talibus
3357 5725 3514 5780 causis
3534 5735 3614 5779 ce-

2039 5799 2326 5852 clcsiasticus
2356 5809 2374 5846 :
2396 5796 2484 5846 sed
2499 5791 2707 5853 habent,
2725 5791 2971 5857 Apostolus
2993 5791 3275 5857 cognitores,
3292 5799 3388 5846 etc.

2104 5863 2127 5896 ⁸
2147 5869 2222 5911 Er.
2241 5859 2389 5923 Lugd.
2413 5867 2530 5909 ven.
2556 5865 2608 5909 et
2630 5855 2828 5919 [mysi
2847 5867 2958 5908 nat.
3050 5855 3111 5906 it.
