4090 6482
556 469 709 516 istam
756 454 1151 529 meditationem
1199 450 1510 526 plerumque
1561 446 1749 502 anima:
1791 446 2135 519 languoribus

551 552 822 623 impediri,
856 532 1054 622 Adjnva
1084 566 1179 615 me,
1215 546 1401 613 inquit.
1432 534 1474 597 et
1503 543 1671 598 salvus
1696 559 1816 615 ero;
1844 551 1890 596 et
1929 542 2140 613 medita-

556 646 643 700 bor
668 647 717 698 in
731 641 1174 713 justi/icattonibus
1204 640 1301 692 tuis
1323 654 1534 707 semper.

626 741 675 794 6.
714 738 851 811 [vers
886 736 1001 790 H8.
1025 734 1043 805 ]
1070 734 1313 803 Sprevisti
1337 748 1540 798 omnes;
1564 727 1840 805 vel,qnod
1864 728 1929 783 de
1966 742 2139 797 grzcco

554 831 857 903 diligentius
884 829 1094 882 videtur
1133 841 1480 899 expressum,
1524 824 1602 876 Ad
1642 824 1854 875 nihilum
1887 820 2139 874 deduxisti

553 942 723 981 omnes
752 923 1055 976 discedentes
1085 938 1114 972 α
1140 917 1589 991 justiﬁcationilms
1622 916 1755 981 tuis;
1794 914 1912 997 quia
1948 914 2140 983 injusta

553 1016 787 1089 cogitatio
810 1031 998 1068 eorum.
1030 1012 1153 1066 Ideo
1180 1027 1305 1081 ergo
1333 1009 1580 1063 clamavit
1602 1025 1611 1058 :
1631 1007 1827 1074 Adiuro
1850 1008 1926 1059 me
1956 1015 2001 1057 et
2031 1003 2137 1061 sal-

550 1127 638 1164 vus
680 1125 797 1173 ero,
837 1116 882 1160 et
910 1092 1186 1159 mi’ditabor
1212 1104 1263 1156 in
1294 1100 1742 1173 justiﬁcationibus
1775 1098 1870 1151 luis
1908 1113 2139 1169 semper;

551 1203 671 1273 quia
701 1202 750 1275 in
780 1200 999 1273 nihilum
1030 1197 1221 1271 redigit
1244 1196 1384 1263 Deus
1406 1208 1590 1247 omnes
1613 1190 1949 1244 discedentes
1991 1204 2018 1240 a
2053 1188 2140 1257 ju-

553 1294 962 1351 stiﬁcationibus
991 1292 1118 1347 suiS.
1144 1288 1317 1361 Quare
1345 1297 1519 1340 autem
1546 1283 1861 1338 discedunt?
1903 1282 2035 1347 Quia
2057 1282 2138 1335 iu-

554 1388 689 1459 iusta
732 1362 841 1461 est,
875 1385 1077 1455 inquit,
1108 1382 1345 1461 cogitatio
1390 1395 1581 1435 eorum.
1627 1376 1702 1451 lbi
1739 1375 2038 1439 acceditur,
2069 1374 2136 1429 ibi

553 1477 862 1534 disceditur.
893 1474 1082 1530 Omnia
1128 1487 1287 1542 Opera
1313 1513 1326 1536 ,
1354 1470 1437 1545 vel
1468 1468 1634 1545 mala,
1676 1468 1757 1520 vel
1790 1466 1955 1527 bona,
1985 1481 2012 1523 a
2042 1481 2134 1518 co-

552 1552 807 1653 gitatione
836 1567 1157 1639 procedunt:
1182 1566 1231 1617 in
1262 1561 1580 1631 cogitatione
1602 1559 1822 1633 quisque
1854 1558 2134 1623 innocens,

552 1650 606 1718 in
653 1662 973 1739 cogitatione
1003 1674 1122 1735 reus
1164 1665 1262 1712 est.
1297 1656 1522 1723 PrOpter
1561 1651 1700 1731 quod
1728 1650 1980 1720 scriptum
2013 1659 2095 1704 est
2123 1667 2135 1702 :

552 1752 802 1829 Cogitatio
832 1761 1003 1805 sancta
1026 1749 1236 1803 servabit
1266 1756 1311 1800 te
1337 1744 1517 1813 (Prov.
1539 1760 1597 1806 tt,
1620 1744 1679 1797 11
1706 1741 1757 1811 );
1787 1751 1840 1797 ct
1870 1742 1991 1796 alibi
2012 1741 2140 1811 legi-

551 1852 640 1898 tur
664 1863 674 1897 :
698 1843 757 1895 In
782 1839 1161 1914 cogitationibus
1187 1837 1327 1907 impii
1347 1835 1672 1908 interrogatio
1695 1834 1785 1887 erit
1807 1832 1958 1899 (Sap.
1978 1848 1993 1889 ι
2014 1874 2026 1897 ,
2051 1831 2139 1903 9):

552 1914 607 1992 ct
646 1912 931 2007 Apostolus
971 1954 982 1989 :
1027 1934 1455 2004 Cogitationibus,
1505 1932 1606 1998 ait,
1658 1929 2009 1987 accusantibus
2052 1938 2139 1993 αιιι

554 2010 709 2097 etiam
732 2027 1111 2097 defendentibus
1138 2026 1309 2103 (Rom.
1346 2041 1381 2079 ll
1403 2068 1414 2089 ,
1439 2024 1548 2093 15).
1577 2022 1676 2077 Ubi
1705 2032 1880 2076 autem
1910 2021 2034 2076 felix
2059 2029 2141 2077 est

546 2123 639 2193 _qni
670 2122 717 2197 in
758 2122 1076 2200 cogitatione
1126 2121 1286 2183 miser
1318 2118 1439 2183 est?
1474 2125 1566 2187 aut
1608 2116 1875 2186 quomodo
1920 2116 1991 2170 ibi
2033 2130 2135 2177 non

550 2213 716 2279 miser
743 2214 932 2283 est‘qui
964 2212 1027 2266 ad
1061 2211 1283 2279 nihilum
1315 2210 1562 2273 redactus
1589 2210 1708 2263 est?
1733 2208 1917 2278 Magna
1944 2210 2137 2278 quippe

549 2316 632 2379 est
674 2306 947 2375 sterilitas,
976 2305 1242 2379 iniquitas.
1281 2302 1469 2371 Merito
1510 2302 1707 2377 dictum
1752 2309 1868 2359 cst:
1903 2300 2135 2371 Confun-

548 2382 736 2473 dantur
765 2397 921 2469 iniqui
952 2398 1188 2469 facientes
1218 2412 1342 2450 vane
1391 2393 1559 2465 (Psal.
1588 2410 1711 2449 XXIV
1735 2436 1749 2459 ,
1791 2394 1884 2463 4);
1936 2392 1987 2449 id
2032 2384 2132 2459 est,

548 2489 779 2565 inaniter
804 2531 817 2554 ,
846 2500 1092 2565 tnttqttatlt
1122 2488 1321 2559 redacti
1350 2486 1415 2557 ad
1447 2487 1694 2545 nihilum.

621 2584 671 2635 7.
690 2581 835 2655 [vers
860 2580 1005 2652 il9.]
1023 2582 1273 2653 Sequitur
1294 2581 1346 2636 in
1372 2580 1578 2641 Psalmo
1600 2598 1611 2631 :
1635 2578 2036 2637 Prtevaricantes
2048 2577 2134 2647 de-

546 2676 739 2755 putavi,
770 2675 851 2743 vel
907 2656 1112 2755 putavi,
1172 2674 1254 2747 vel
1308 2672 1588 2729 existimari
1635 2688 1805 2725 onmes
1849 2680 2134 2742 peccatores

547 2775 712 2835 terrm.
733 2766 905 2845 Multis
923 2768 1063 2821 enim
1095 2766 1270 2827 modis
1294 2766 1460 2831 nostri
1480 2765 1807 2833 interpretati
1828 2772 1949 2818 sunt
1971 2778 2132 2831 unum

546 2862 765 2917 verbum
784 2876 1038 2931 grmcunt,
1062 2858 1201 2933 quod
1229 2867 1308 2929 cst
1324 2864 1603 2926 ἐλογισάμην
1628 2856 1751 2912 :sed
1771 2856 2029 2931 profunda
2053 2866 2134 2923 est

546 2954 637 3029 iila
669 2955 966 3029 sententia,
1020 2962 1073 3021 et
1117 2953 1161 3019 si
1196 2951 1464 3021 adiuverit
1511 2951 1800 3017 Dominus,
1855 2950 2132 3019 Operosius

546 3028 907 3123 disputatione
936 3045 1038 3101 alia
1082 3044 1406 3117 penetranda
1434 3052 1533 3111 est.
1565 3042 1697 3115 Nam
1724 3050 1777 3111 et
1803 3042 1944 3113 quod
1984 3040 2132 3109 addi-

550 3145 659 3209 tum
708 3150 795 3213 est
836 3155 852 3193 :
906 3136 1185 3209 Propterea
1232 3136 1385 3209 dilexi
1437 3135 1721 3207 testimonia
1779 3144 1865 3188 tua
1896 3150 2128 3205 semper,

544 3233 712 3311 milito
735 3232 961 3303 amplius
982 3247 1100 3301 eam
1124 3230 1439 3301 profundam
1465 3229 1607 3301 facit.
1633 3229 1770 3303 Dicit
1795 3228 1934 3282 enim
1960 3230 2131 3297 Apos-

544 3326 686 3397 tolus
717 3342 739 3387 :7
763 3322 871 3399 Lex
910 3325 1036 3387 iram
1094 3332 1364 3394 Operutur,
1400 3322 1661 3392 liujusque
1707 3321 1834 3377 dicti
1866 3321 2128 3385 rationem

542 3416 772 3489 reddens
803 3435 812 3466 :
849 3415 946 3471 Ubi
972 3416 1102 3487 enim
1130 3431 1232 3469 non
1258 3423 1329 3483 est
1368 3415 1451 3469 lex
1474 3454 1487 3477 ,
1533 3414 1732 3489 inquit,
1765 3429 1854 3477 nec
1880 3412 2128 3481 praevari-

543 3513 673 3575 ratio
707 3510 880 3582 (Rom.
912 3526 995 3578 iv,
1031 3510 1159 3580 15);
1202 3513 1275 3571 ita
1316 3506 1602 3563 ostendens
1634 3522 1737 3563 non
1783 3520 1967 3570 omnes
2010 3520 2129 3559 esse

539 3602 1005 3676 praevaricatores.
1038 3600 1154 3665 Non
1184 3601 1326 3663 enim
1352 3614 1537 3655 omnes
1568 3598 1760 3661 habent
1790 3598 1981 3669 legem.
2014 3597 2127 3655 Non

539 3702 718 3763 autem
752 3708 935 3761 milites
966 3692 1160 3757 habere
1189 3692 1359 3760 legem
1382 3731 1397 3757 ,
1424 3689 1527 3753 alio
1560 3691 1676 3749 loco
1703 3679 1997 3753 evidentius
2018 3690 2123 3753 ait:

543 3786 644 3853 Qui
670 3787 777 3859 sine
819 3784 926 3856 lege
955 3793 1318 3856 peccauerunt,
1354 3784 1461 3857 sine
1493 3783 1603 3853 lege
1645 3782 1873 3853 peribunt
1905 3779 2013 3853 (Id.
2048 3798 2086 3837 ll
2111 3823 2124 3848 ,

542 3879 657 3950 12).
709 3880 846 3955 Quid
894 3880 993 3934 sibi
1042 3885 1171 3948 ergo
1223 3878 1376 3943 vult:
1414 3876 1837 3937 Prwvaricatores
1894 3877 2130 3946 deputnvi

539 3990 714 4037 onmes
745 3983 1029 4043 peccatores
1068 3972 1254 4027 terrae?
1279 3971 1381 4035 Sed
1423 3970 1511 4025 hic
1539 3970 1889 4039 quaastionem
1935 3984 2128 4041 propo-

541 4066 716 4135 suisse
760 4064 1062 4129 sull‘ccerit,
1093 4064 1233 4133 alio,
1277 4063 1319 4115 si
1355 4062 1494 4121 Deus
1525 4061 1833 4125 donaverit,
1880 4076 2128 4123 sermone

542 4155 872 4223 tractandam
897 4197 910 4220 ,
943 4172 1011 4211 ne
1040 4154 1197 4223 huius
1224 4153 1501 4227 prolixitas
1526 4169 1643 4217 eam
1671 4161 1825 4221 cogat
1853 4153 2127 4221 angustius

541 4249 836 4319 explicari,
868 4263 1024 4319 quam
1057 4256 1111 4302 ut
1157 4247 1291 4302 bene
1330 4248 1497 4315 possit
1529 4244 1672 4316 quod
1711 4245 2003 4316 explicatur
2041 4244 2125 4300 in-

538 4346 727 4417 lolligi.

1164 4434 1335 4493 senup
1374 4434 1501 4477 xxv.

829 4508 1062 4577 Psalntus
1087 4527 1199 4565 cum
1220 4512 1459 4585 Apostolo
1480 4510 1844 4581 conciliandus.

617 4628 669 4682 ί.
699 4624 849 4699 [verm
884 4624 1032 4699 Μελ]
1076 4625 1403 4693 Qumrimuo,
1444 4626 1486 4679 si
1531 4625 1639 4679 Deo
1674 4625 1935 4695 largiente
1974 4624 2128 4682 inve~

541 4720 661 4778 nire
704 4734 1006 4789 possumus,
1035 4717 1302 4787 quomodo
1342 4716 1742 4787 intelligendum
1790 4718 1860 4771 sit
1887 4718 2027 4788 quod
2073 4718 2125 4772 in

541 4815 648 4870 isto
685 4814 888 4884 psalmo
920 4828 1116 4882 magno
1146 4811 1343 4865 dictum
1377 4819 1459 4866 est
1491 4829 1503 4864 :
1536 4810 1958 4866 Prwvoricatores
1982 4853 1996 4879 ,
2043 4812 2127 4867 vel

544 4907 723 4979 potius
744 4947 757 4969 ,
792 4906 1179 4977 prevaricantes
1198 4921 1212 4966 ;
1230 4918 1433 4973 grmcus
1454 4904 1593 4957 enim
1612 4911 1985 4975 παραϐαίνοντας
2015 4905 2085 4963 ait
2109 4946 2125 4973 ,

546 5015 653 5055 non
711 5004 992 5069 παραϐάτας
1022 5015 1033 5050 :
1062 4996 1348 5065 qum-imus
1380 5011 1507 5066 ergo
1538 4996 1805 5066 quomodo
1828 4997 2129 5066 intelligen-

544 5093 670 5147 dum
699 5093 795 5157 sit,
827 5090 1229 5147 Prwvaricautes
1246 5089 1483 5158 ὀρρωαυί
1504 5105 1675 5155 omnes
1704 5100 1986 5158 peccatores
2024 5099 2126 5145 ter-

544 5201 617 5239 rw
633 5202 651 5251 ;
674 5191 887 5253 propter
913 5181 1055 5252 quod
1085 5182 1157 5235 ait
1182 5182 1467 5251 Apostolus
1490 5199 1504 5234 :
1534 5180 1631 5235 Ubi
1658 5183 1787 5235 enim
1809 5182 1889 5235 lea:
1912 5197 2012 5235 non
2033 5188 2125 5248 est,

545 5294 634 5331 nec
666 5277 1033 5347 prwvaricatio.
1063 5275 1175 5330 lloc
1199 5286 1377 5331 autem
1408 5258 1543 5330 dixit
1563 5317 1577 5343 ,
1610 5291 1731 5330 cum
1757 5292 1784 5329 a
1817 5276 1931 5345 lege
1950 5316 1966 5341 ,
2005 5290 2127 5345 pro-

540 5370 708 5427 missa
740 5368 1116 5439 distingueret.
1164 5368 1296 5424 Nam
1341 5378 1399 5422 ut
1440 5368 1507 5423 de
1536 5368 1901 5438 superioribus
1939 5382 2128 5423 sensus

546 5463 757 5533 plenior
783 5464 1062 5532 colligatur
1090 5479 1103 5515 :
1138 5461 1260 5516 Non
1288 5463 1421 5515 enim
1448 5480 1536 5533 per
1564 5463 1750 5532 legem,
1778 5461 1978 5530 inquit,
2007 5478 2128 5533 pro-

546 5537 723 5609 missio
743 5554 962 5609 Abrahae
985 5564 1071 5607 aut
1098 5555 1274 5608 semini
1304 5556 1445 5622 eius.
1488 5565 1541 5608 ut
1572 5555 1729 5608 lateres
1758 5560 1881 5607 esset
1915 5553 2125 5621 nmndi,

547 5654 635 5719 sed
666 5665 755 5719 per
781 5648 1028 5718 justitiam
1057 5647 1196 5717 ﬁdei.
1228 5647 1288 5701 Si
1319 5648 1451 5701 enim
1472 5647 1557 5716 qui
1588 5662 1674 5717 per
1720 5646 1873 5716 legem
1903 5645 2126 5700 hceredes

544 5718 695 5805 bunt;
728 5742 982 5796 exinanita
1014 5751 1083 5795 es!
1114 5740 1269 5813 ﬁdes,
1299 5749 1342 5795 et
1373 5748 1609 5805 evacuate
1630 5749 1699 5809 est
1721 5738 1987 5809 promissio
2012 5740 2130 5794 :lea:

542 5836 679 5900 enim
705 5835 833 5888 iram
856 5844 1116 5903 operatur;
1146 5834 1227 5887 ubi
1251 5832 1386 5887 enim
1409 5848 1509 5889 nou
1542 5842 1615 5887 est
1636 5832 1717 5887 ιη
1737 5873 1753 5900 ,
1782 5848 1871 5893 nec
1886 5820 2127 5903 primari-

1798 328 1854 393 s.
1895 325 2265 407 AUGUS't‘lNl
2302 326 2607 407 EPISCOPI

3692 338 3834 409 1572

2247 450 2397 523 catio.
2425 447 2549 525 Ideo
2578 467 2641 505 ex
2664 442 2792 529 ﬁde,
2818 459 2872 508 ut
2894 452 3171 523 secundum
3198 455 3415 533 gratiam
3440 456 3591 531 ﬁrma
3621 457 3685 529 sit
3715 477 3831 535 pro-

2250 542 2419 613 missio
2448 545 2584 597 onmi
2612 546 2825 611 semini;
2864 565 2965 602 non
2992 550 3036 601 ci
3075 558 3269 603 ttmtum
3304 548 3443 624 quod
3478 567 3541 605 ea:
3584 552 3692 623 lege
3723 564 3789 623 est
3814 597 3828 622 ,

2248 635 2337 709 sed
2357 646 2403 689 et
2428 637 2476 690 ei
2505 638 2637 708 quod
2659 657 2719 709 ea:
2742 640 2845 726 ﬁde
2865 652 2934 696 est
2955 640 3232 721 Abraham,
3250 644 3335 721 qui
3358 655 3429 715 est
3446 654 3589 719 pater
3610 647 3830 699 omnum:

2248 738 2473 782 nostrum
2506 731 2683 801 (Rom.
2734 749 2818 809 1v,
2872 735 3083 807 45-16).
3116 734 3224 809 Cur
3259 732 3362 809 hoc
3395 738 3684 807 Apostolus
3729 737 3831 805 ait,

2247 820 2347 874 nisi
2369 831 2423 875 ut
2442 823 2747 879 ostenderet
2771 825 2942 896 legem
2965 827 3079 897 sine
3122 822 3488 901 promissionis
3509 830 3701 907 gratia,
3727 847 3829 886 non

2246 913 2415 967 solum
2443 930 2547 968 non
2577 916 2808 983 auferre,
2838 933 3024 973 verum
3053 927 3107 991 et
3127 935 3321 993 augere
3348 922 3660 995 peccatum?
3684 921 3834 977 Unde

2246 1014 2301 1077 et
2339 1005 2464 1059 illud
2501 1017 2582 1077 est
2612 1026 2623 1061 :
2655 1007 2763 1063 Lex
2802 1009 3129 1086 subintravit,
3176 1022 3231 1066 ut
3259 1013 3531 1087 abundaret
3570 1012 3829 1083 delictum.

2248 1099 2350 1153 Sed
2377 1102 2500 1171 quia
2529 1104 2706 1178 omnia
2738 1120 2836 1173 per
2860 1106 3089 1181 gratiam
3116 1106 3487 1187 dimittuntur,
3523 1122 3626 1173 non
3660 1108 3833 1171 solum

2245 1210 2363 1267 qua:
2394 1197 2510 1251 sine
2537 1199 2654 1269 lege
2681 1240 2694 1264 ,
2728 1215 2911 1254 verum
2944 1201 3103 1269 etiam
3146 1217 3263 1274 quae
3290 1204 3341 1257 in
3388 1203 3501 1273 lege
3546 1203 3830 1275 commissa

2251 1296 2405 1350 sunt;
2432 1288 2552 1343 ideo
2583 1290 2653 1349 ibi
2677 1302 2893 1357 secutus
2922 1293 3163 1363 adiunxit
3194 1313 3203 1347 :
3242 1294 3339 1371 Ubi
3364 1281 3532 1353 autem
3555 1295 3834 1355 abundavit

2258 1380 2529 1451 delictum,
2573 1384 3001 1461 superabundavit
3048 1388 3215 1460 gratia
3264 1385 3387 1458 (Id.
3418 1403 3488 1455 γ,
3534 1387 3662 1458 20).
3716 1388 3834 1443 Non

2244 1472 2423 1542 itaque
2450 1478 2860 1551 przevaricantcs
2882 1477 3102 1555 deputat
3139 1494 3325 1547 omnes
3347 1488 3657 1559 peccatpres
3692 1480 3836 1549 Apo-

2245 1564 2441 1631 stolus,
2491 1565 2583 1636 sed
2630 1582 2723 1621 eos
2776 1576 2980 1631 tantum
3014 1568 3422 1643 pracvaricantes
3471 1570 3692 1643 depingit
3746 1572 3835 1642 qui

2246 1656 2706 1731 transgrediuntur
2728 1658 2923 1735 iegan
2968 1658 3065 1723 Ubi
3090 1662 3219 1729 enim
3246 1678 3343 1737 non
3375 1670 3445 1737 est
3478 1662 3590 1739 lytr,
3622 1662 3834 1738 inquit,

2245 1763 2336 1815 nec
2392 1751 2760 1819 prwvaricatio.
2807 1755 2884 1805 Ac
2932 1766 3029 1818 per
3102 1750 3202 1805 hoc
3262 1751 3552 1830 secundum
3604 1752 3835 1835 ᾼρρδμ).

2243 1839 2383 1907 lum,
2416 1842 2589 1909 omnis
2612 1843 2824 1912 quidem
2860 1844 3237 1912 praevaricator
3264 1853 3515 1917 peccator
3544 1853 3662 1913 est,
3708 1844 3834 1913 quia

2243 1942 2428 2004 peccat
2451 1934 2499 1995 in
2530 1933 2645 2004 lege
2664 1974 2679 1999 ,
2706 1933 2799 2003 sed
2833 1951 2939 2005 non
2968 1937 3143 2003 omnis
3177 1944 3422 2004 peccator
3448 1936 3831 2007 praevaricator

2243 2034 2325 2079 est
2346 2065 2360 2087 ,
2394 2025 2513 2096 quia
2541 2035 2763 2097 peccant
2790 2026 2948 2097 aliqui
2984 2028 3098 2097 sine
3125 2028 3276 2097 lege;
3304 2027 3401 2081 Ubi
3426 2036 3601 2093 autem
3632 2045 3733 2083 non
3765 2038 3835 2081 est

2242 2117 2344 2191 lex,
2371 2102 2459 2172 nec
2490 2120 2857 2188 prwvaricatio.
2890 2120 3077 2197 Porro,
3102 2120 3145 2185 si
3174 2135 3332 2191 nemo
3361 2120 3476 2183 sine
3503 2120 3617 2195 lege
3645 2134 3838 2195 pecca-

2242 2219 2355 2277 ret,
2383 2226 2489 2264 non
2518 2211 2655 2265 idem
2686 2212 2798 2281 ipse
2828 2213 3102 2282 apostolus
3124 2214 3357 2278 diceret,
3389 2212 3701 2289 Quicumque
3724 2213 3839 2268 sine

2242 2305 2351 2375 lege
2380 2316 2711 2376 peccaperunt
2738 2347 2752 2373 ,
2784 2307 2892 2362 sine
2920 2307 3028 2377 lege
3057 2306 3308 2377 peribunt.
3337 2306 3640 2377 Secundum
3668 2307 3835 2377 istum

2240 2412 2371 2457 vero
2414 2398 2675 2469 psalmum
2703 2440 2717 2464 ,
2750 2399 2793 2463 si
2823 2400 3231 2473 praevaricantes
3272 2408 3395 2469 sunt
3418 2414 3605 2461 omnes
3644 2413 3839 2477 pecca-

2240 2496 2385 2557 tores
2412 2499 2568 2547 terrae
2609 2531 2627 2558 ,
2659 2491 2861 2563 nullnm
2890 2500 2976 2563 est
3004 2493 3186 2563 utique
3224 2492 3342 2563 sine
3390 2491 3835 2563 przcyaricatiouc

2237 2592 2513 2657 peccatum
2547 2602 2560 2638 :
2607 2584 2748 2639 nulla
2776 2593 2857 2647 est
2902 2594 3079 2655 autem
3106 2570 3484 2659 praz‘varicatio
3512 2583 3627 2649 sine
3672 2583 3837 2659 lege;

2234 2676 2442 2743 nullum
2471 2685 2552 2735 cst
2591 2676 2750 2746 igitur
2773 2676 2873 2745 nisi
2903 2677 2954 2749 in
2988 2677 3102 2747 lege
3128 2686 3427 2751 peccatum.
3460 2678 3558 2750 Qui
3586 2692 3719 2751 ergo
3750 2676 3840 2741 di—

2238 2767 2309 2823 cit
2337 2783 2351 2821 :
2386 2766 2788 2829 Prazvaricautcs
2839 2768 3074 2841 ἅϐραιαυὶ
3113 2785 3284 2847 omnes
3302 2778 3589 2840 peccatores
3638 2779 3799 2833 terra:
3821 2811 3836 2839 ,

2235 2860 2413 2931 nullos
2440 2876 2557 2917 esse
2588 2862 2836 2927 omnino,
2866 2862 2967 2933 nisi
3009 2862 3095 2935 qui
3125 2862 3296 2932 legem
3320 2863 3639 2933 transgressi
3668 2871 3835 2927 sunt,

2234 2952 2589 3024 .vultintclligi
2615 2963 2957 3022 peccatores;
2987 2962 3040 3017 et
3067 2953 3135 3019 ob
3165 2953 3267 3021 hoc
3290 2953 3604 3027 aduersatur
3628 2953 3708 3021 illi
3728 2953 3836 3026 qui

2232 3045 2369 3117 diuit
2397 3062 2409 3099 :
2444 3044 2756 3117 Quicumque
2791 3046 2895 3105 sine
2922 3046 3027 3117 lege
3063 3056 3426 3117 peccaverunt,
3458 3047 3566 3117 sine
3588 3044 3698 3117 lege
3715 3063 3838 3117 per-

2235 3137 2399 3207 ibunt.
2426 3136 2729 3205 Secundum
2761 3137 2906 3201 illum
2938 3137 3133 3209 quippe
3158 3147 3279 3213 sunt
3300 3136 3461 3211 aliqui
3492 3146 3833 3207 peccatores,

2234 3228 2476 3301 quamvis
2496 3244 2601 3285 non
2630 3230 2738 3293 sint
2759 3229 3172 3307 prmvarieantes
3196 3269 3209 3295 ,
3245 3228 3299 3297 id
3325 3238 3437 3295 est,
3466 3229 3555 3300 qui
3585 3230 3695 3293 sine
3720 3230 3837 3303 lege

2234 3332 2609 3394 peccaverunt:
2648 3321 2745 3375 Ubi
2791 3322 2921 3393 enim
2967 3339 3067 3399 non
3109 3331 3183 3393 est
3225 3323 3341 3397 leg,
3385 3338 3475 3379 nec
3517 3323 3837 3393 prevarica-

2234 3416 2304 3483 tio
2327 3431 2346 3470 :
2368 3414 2660 3487 secundum
2688 3414 2850 3489 istum
2896 3422 3073 3487 autem
3110 3414 3290 3485 uultus
3314 3422 3395 3481 est
3420 3414 3536 3487 sine
3564 3416 3832 3487 przcvari-

2232 3509 2443 3577 cationc
2464 3517 2747 3579 peccator;
2788 3507 2911 3577 quia
2949 3507 3360 3581 pracvaricath
3390 3506 3608 3579 deputat
3634 3521 3835 3581 onwes

2233 3610 2545 3671 peccatores
2578 3610 2753 3654 terrae.
2784 3599 2970 3654 Nullus
3000 3615 3128 3669 ergo
3158 3599 3454 3671 secundum
3500 3600 3665 3665 istum
3706 3600 3835 3661 sine

2232 3693 2349 3763 lege
2384 3695 2656 3763 peccavit;
2685 3694 2804 3765 quia
2826 3694 2910 3747 ubi
2940 3710 3040 3747 non
3068 3704 3137 3747 est
3177 3694 3288 3759 lex,
3312 3711 3402 3749 nec
3448 3695 3830 3764 prwuan'catio.

2232 3785 2313 3839 An
2343 3784 2478 3838 forte
2500 3786 2691 3839 dicturi
2719 3802 2902 3839 smnus
2920 3827 2934 3849 ,
2960 3776 3147 3839 verum
3174 3786 3388 3855 quidem
3411 3800 3531 3841 esse
3552 3785 3699 3856 quod
3723 3802 3833 3842 nec

2232 3878 2600 3949 prmvaricatio
2646 3879 2714 3933 sit
2740 3879 2825 3939 ubi
2850 3894 2953 3941 non
2980 3889 3060 3941 est
3086 3881 3171 3935 lex
3196 3920 3210 3944 ,
3240 3880 3331 3957 sed
3356 3894 3539 3941 verum
3566 3895 3672 3957 non
3699 3895 3832 3936 esse

2232 3970 2374 4041 quod
2407 3970 2569 4039 aliqui
2600 3970 2715 4027 sine
2737 3972 2854 4041 lege
2878 3972 3249 4040 peccaverint;
3278 3981 3369 4031 aut
3394 3988 3577 4047 verum
3602 3972 3831 4041 quidem

2233 4077 2354 4119 esse
2381 4062 2588 4133 aliquos
2613 4064 2728 4117 sine
2766 4064 2882 4132 lege
2912 4079 3184 4132 peccasse,
3205 4065 3297 4124 sed
3326 4080 3509 4137 verum
3542 4080 3648 4125 non
3672 4081 3828 4134 esse,

2232 4155 2321 4213 ubi
2345 4156 2433 4211 lex
2467 4172 2570 4209 non
2599 4164 2711 4220 est,
2743 4157 3231 4225 praevaricationem
3257 4174 3377 4217 esse
3406 4175 3510 4215 non
3534 4160 3729 4228 posse?
3756 4160 3834 4215 At

2233 4259 2523 4319 utrumque
2551 4249 2841 4317 Apostolus
2886 4249 3017 4305 dixit
3064 4268 3077 4303 :
3110 4267 3293 4309 verum
3324 4261 3405 4307 est
3452 4267 3581 4320 ergo
3612 4262 3834 4317 utrum-

2230 4356 2371 4412 que,
2432 4340 2553 4410 quia
2604 4351 2890 4411 utrumque
2935 4357 3028 4411 per
3051 4343 3363 4413 Apostolum
3404 4343 3616 4402 Veritas
3661 4345 3829 4403 dixit.

2231 4432 2509 4501 Quomodo
2553 4449 2680 4503 ergo
2725 4435 2827 4488 erit
2858 4450 3039 4489 verum
3088 4436 3229 4505 quod
3260 4436 3311 4490 in
3339 4437 3545 4506 psalmo
3581 4436 3686 4493 isto
3729 4454 3833 4494 ea-

2230 4526 2352 4583 dem
2382 4528 2561 4597 procul
2593 4527 2753 4582 dubio
2785 4528 2994 4583 Veritas
3041 4529 3193 4593 dixit,
3228 4529 3626 4587 chvaricantes
3658 4532 3831 4601 depu-

2233 4619 2332 4673 tavi
2372 4636 2543 4673 mnnes
2582 4632 2865 4691 peccatores
2908 4624 3092 4676 terrae?
3135 4623 3513 4694 Respondetur
3536 4625 3681 4680 enim
3722 4642 3831 4681 no-

2230 4712 2315 4768 bis
2344 4730 2356 4766 :
2386 4712 2484 4780 Qui
2517 4723 2641 4767 sunt
2669 4729 2796 4783 ergo
2812 4714 2885 4767 illi
2914 4715 3005 4784 qui
3035 4716 3331 4782 secundum
3358 4719 3677 4788 Apostolum
3704 4720 3829 4775 sine

2233 4808 2349 4875 lege
2372 4807 2760 4876 peccaverunt?
2782 4806 2895 4860 Non
2927 4808 3069 4863 enim
3096 4817 3149 4863 et
3170 4789 3355 4863 eoi‘um
3381 4811 3661 4881 quisquam
3688 4828 3830 4880 pra:-

2234 4899 2479 4959 varicans
2522 4899 2856 4969 deputandus
2899 4909 3014 4967 est,
3061 4915 3181 4955 cum
3230 4902 3523 4957 secundum
3567 4903 3827 4972 eumdem

2233 4992 2532 5064 apostolum
2552 5034 2566 5059 ,
2602 4993 2969 5061 praevaricatio
2994 5008 3100 5055 non
3132 4995 3201 5048 sit
3230 4994 3319 5049 ubi
3359 4996 3447 5049 lex
3472 5011 3578 5051 non
3605 5007 3711 5051 est.

2303 5084 2357 5138 2.
2389 5084 2495 5139 Sed
2546 5086 2795 5139 nimirum
2827 5100 2946 5139 cum
2978 5085 3179 5141 diceret
3211 5086 3521 5157 Apostolus,
3571 5088 3828 5155 Quicum-

2233 5194 2328 5248 que
2356 5179 2463 5233 sine
2504 5180 2610 5250 lege
2637 5188 2964 5248 peccauerunt
2990 5221 3005 5247 ,
3033 5180 3141 5241 sine
3170 5180 3277 5251 lege
3316 5182 3548 5251 peribunt
3571 5224 3586 5249 ,
3630 5183 3701 5238 de
3729 5184 3824 5238 illa

2234 5271 2351 5342 lege
2384 5272 2752 5341 agebatquam
2799 5271 2937 5326 Deus
2982 5271 3129 5327 dedit
3174 5288 3271 5343 per
3312 5273 3528 5346 Moysen
3560 5272 3823 5330 farnulum

2231 5380 2389 5422 suum
2420 5364 2613 5434 populo
2641 5379 2738 5417 suo
2772 5364 2955 5419 Israel.
2986 5364 3097 5421 Hoc
3137 5367 3250 5436 ipsa
3289 5383 3409 5438 qua:
3433 5368 3783 5423 circumstant
3803 5407 3822 5435 ,

2234 5458 2394 5514 verba
2425 5457 2538 5528 ejus
2568 5456 2871 5512 ostendunt.
2906 5458 3214 5530 Disputabat
3250 5462 3393 5517 enim
3431 5461 3499 5516 de
3524 5461 3725 5518 Iudaeis
3764 5470 3825 5518 et

2232 5551 2431 5607 Graecis
2460 5591 2473 5613 ,
2526 5549 2577 5604 id
2623 5560 2705 5603 est
2734 5550 3026 5617 Gentibus,
3063 5569 3169 5606 non
3209 5553 3276 5607 ad
3315 5554 3780 5609 circumcisionem
3803 5596 3820 5621 ,

2233 5644 2330 5700 sed
2355 5642 2419 5697 ad
2460 5642 2777 5712 praeputium
2823 5643 3246 5711 pertinentibus;
3275 5644 3396 5699 ideo
3423 5646 3541 5700 sine
3571 5647 3688 5717 lege
3722 5662 3823 5703 eos

2235 5738 2456 5821 dicens,
2486 5737 2606 5815 quia
2630 5752 2733 5809 non
2757 5746 3073 5819 acceperant
3098 5738 3265 5809 legem
3288 5754 3444 5809 quam
3469 5755 3527 5824 se
3546 5728 3823 5811 accepisse

2232 5812 2599 5905 gloriabantur
2624 5828 2793 5885 Judaei
2828 5812 3009 5884 :‘unde
3039 5812 3145 5885 illis
3190 5832 3295 5897 ait,
3328 5830 3388 5887 Si
3418 5812 3587 5895 autem
3614 5843 3665 5897 tu
3704 5831 3811 5893 Ju~
