4090 6490
527 453 552 514 Ι
562 448 665 516 575

495 581 500 588 ‘
525 588 650 647 quae
677 577 802 627 sunt
826 567 881 624 in
905 566 1024 636 lege
1048 571 1160 627 tua,
1186 559 1255 617 de
1279 558 1446 631 gratia
1479 564 1602 623 tua;
1627 563 1685 610 ut
1717 568 1822 608 non
1851 552 1919 606 sit
1943 551 1997 605 in
2027 561 2112 602 me

526 645 727 737 iustitia
773 676 913 725 mea,
959 657 1054 713 sed
1079 664 1190 712 tua.
1223 653 1333 708 Lex
1363 651 1504 706 enim
1551 649 1615 704 ad
1641 647 1744 703 hoc
1790 645 2024 716 prodest,
2058 651 2115 699 ut

498 739 704 813 (mittat
731 754 797 810 ad
825 752 1068 824 gratiam.
1109 747 1224 803 Non
1269 746 1441 802 solum
1470 743 1613 799 enim
1664 739 1805 813 quod
1834 744 2114 794 attestatur

530 843 928 904 manifestandm
951 838 1175 912 iustitiae
1197 838 1312 902 Dei,
1344 852 1460 908 qua:
1487 836 1601 890 siue
1627 835 1742 904 lege
1772 843 1854 888 est
1879 850 1894 897 ;
1925 845 2112 886 verum

529 941 687 995 etiam
719 937 821 991 hoc
845 935 960 1005 ipso
986 932 1129 1004 quod
1157 931 1566 1001 pravaricantes
1591 926 1731 990 facit,
1764 925 1835 978 ita
1865 932 1923 977 ut
1949 922 2111 976 etiam

529 1032 707 1086 littera
752 1026 994 1089 occidat;
1025 1024 1090 1079 ad
1118 1023 1470 1077 viviﬁcantem
1504 1018 1759 1088 Spiritum
1791 1015 1853 1087 (ll
1879 1014 1996 1068 Cor.
2033 1029 2109 1079 ιιι,

525 1122 582 1192 6)
618 1120 903 1192 confugere
933 1118 1123 1174 timore
1158 1115 1450 1185 compellit,
1471 1129 1566 1183 per
1589 1127 1746 1181 quem
1770 1119 2108 1180 peccatorum

525 1213 766 1268 deleatur
784 1209 1116 1273 universitas,
1148 1216 1203 1262 ει
1230 1214 1373 1261 recte
1404 1204 1662 1259 factorum
1689 1200 1921 1255 Charitas
1948 1197 2113 1268 inspi-

513 1314 672 1359 ~retur
705 1322 719 1359 :
750 1302 1048 1372 Propterea,
1094 1299 1285 1370 inquit,
1333 1297 1490 1352 dilexi
1535 1293 1816 1348 testimonia
1843 1301 1947 1345 tua.
1978 1289 2111 1356 Qui-

523 1396 645 1451 dam
673 1394 884 1450 codices
904 1393 1120 1458 habent,
1143 1407 1355 1461 semper,
1383 1387 1598 1458 quidam
1627 1400 1732 1440 non
1761 1383 1981 1438 habent.
2003 1382 2110 1438 Sed

523 1488 569 1543 si
596 1497 696 1554 εει,
729 1487 806 1542 εἰε
829 1483 1195 1556 accipiendum
1223 1472 1538 1550 estsemper,
1571 1488 1627 1534 ut
1651 1479 1728 1534 sic
1759 1477 2104 1546 intelligatur,

523 1579 788 1648 Quamdiu
815 1578 902 1633 hic
928 1577 1142 1631 vivitur.
1171 1574 1266 1630 Hic
1286 1581 1409 1628 sunt
1429 1572 1571 1628 enim
1589 1568 1887 1626 testimonia
1916 1581 2107 1624 neces-

523 1671 679 1737 saria,
727 1671 792 1724 de
822 1669 961 1740 Lege
991 1677 1044 1723 et
1073 1666 1373 1735 Prophetis,
1415 1662 1715 1718 attestantia
1741 1659 1959 1731 justitize
1985 1660 2106 1726 Dei,

521 1779 626 1834 qua
648 1763 1000 1832 justiﬁcamur
1025 1759 1186 1830 gratis
1217 1775 1229 1811 :
1258 1757 1344 1812 hic
1363 1765 1488 1812 sunt
1509 1763 1564 1810 et
1590 1763 1771 1809 nostra
1798 1751 2103 1807 testimonia

523 1855 845 1920 necessaria,
882 1867 980 1922 pro
1007 1851 1197 1921 quibus
1244 1849 1412 1918 ipsam
1443 1861 1562 1917 quae
1592 1845 1680 1900 hic
1708 1844 1912 1915 agitur,
1943 1843 2105 1897 vitam

524 1955 786 2018 martyres
812 1945 1083 1999 ﬁnierunt.

597 2038 648 2093 6.
677 2037 825 2109 [νει-ε.
859 2035 1006 2107 120.]
1035 2034 1254 2105 Cognita
1287 2033 1464 2101 itaque
1493 2031 1586 2086 Dei
1612 2030 1800 2100 gratia,
1847 2043 1966 2098 quae
1991 2026 2105 2082 sola

523 2129 768 2185 liberata
799 2127 1250 2198 praevaricatione,
1283 2141 1401 2194 qua:
1453 2125 1582 2192 legis
1607 2123 1910 2192 cognitione
1952 2137 2105 2177 com-

522 2221 770 2287 mittitur,
801 2219 1005 2276 orando
1027 2218 1154 2272 dicit
1185 2236 1196 2270 :
1228 2216 1435 2286 Conﬁge
1462 2215 1616 2270 clavis
1635 2232 1666 2269 a
1688 2215 1863 2269 timore
1897 2224 1982 2268 tuo
2001 2231 2108 2268 car-

523 2328 610 2366 nes
653 2327 805 2365 meas.
845 2310 934 2366 Sic
959 2310 1100 2364 enim
1131 2309 1436 2377 expressius
1463 2309 1797 2378 interpretati
1839 2315 1959 2362 sunt
1991 2308 2107 2376 qui-

522 2402 643 2457 dam
672 2402 857 2468 nostri,
885 2401 1025 2472 quod
1043 2416 1216 2471 graece
1238 2416 1343 2456 uno
1371 2403 1536 2455 verbo
1558 2401 1662 2455 dici
1694 2401 1885 2470 potuit,
1916 2400 1968 2455 id
1996 2408 2100 2470 εει,

522 2502 805 2555 καθήλωσον.
835 2493 946 2548 Ηοε
986 2494 1074 2548 alii
1106 2494 1304 2564 conﬁge
1344 2493 1523 2547 dicere
1553 2494 1853 2559 voluerunt,
1885 2509 1984 2548 nec
2009 2493 2105 2547 ad-

522 2584 767 2641 diderunt
798 2585 993 2650 clavis;
1037 2593 1194 2654 atque
1245 2586 1314 2639 ita
1367 2585 1490 2638 dum
1545 2585 1728 2638 volunt
1779 2599 1883 2639 uno
1941 2585 2106 2640 verbo

521 2693 697 2748 grazco
724 2693 887 2732 unum
933 2676 1586 2746 latinum‘interpretando
1615 2676 1858 2742 reddere,
1891 2684 2106 2730 sentcn-

505 2769 649 2826 ‘tiam
695 2770 870 2825 minus
895 2771 1294 2839 explicaverunt
1325 2787 1338 2823 :
1385 2771 1635 2840 quoniam
1669 2770 1720 2823 in
1764 2785 1828 2824 eo
1857 2770 1996 2839 quod
2025 2779 2107 2824 est

521 2863 734 2934 conﬁge,
769 2879 874 2917 non
921 2871 1112 2916 sonant
1136 2861 1311 2929 clavi;
1340 2871 1602 2923 καθήλωσον
1630 2873 1804 2917 autem
1837 2863 1953 2917 sine
1993 2862 2104 2940 cla.-

521 2956 604 3010 vis
629 2956 847 3025 intelligi
875 2971 982 3011 non
1010 2965 1204 3028 potest,
1237 2971 1335 3011 nec
1363 2957 1462 3010 nisi
1492 2956 1697 3010 duobus
1741 2957 1917 3011 verbis
1944 2957 2108 3012 latine

523 3047 629 3105 dici
660 3058 850 3118 potest,
899 3051 1036 3105 sicut
1059 3050 1258 3105 dictum
1285 3058 1388 3116 est,
1412 3050 1609 3120 conﬁge
1631 3049 1804 3103 clavis.
1854 3049 1952 3105 Ubi
1981 3049 2107 3117 quid

521 3141 635 3195 vult
662 3142 902 3212 intelligi,
941 3142 1042 3197 nisi
1072 3142 1212 3212 quod
1264 3144 1337 3195 ait
1370 3142 1678 3211 'Apostolus
1725 3160 1737 3194 :
1773 3141 1902 3194 Mihi
1939 3151 2107 3196 autem

522 3233 652 3287 absit
679 3234 907 3304 gloriari,
931 3234 1028 3286 nisi
1056 3234 1108 3286 in
1138 3249 1284 3288 cruce
1311 3231 1520 3286 Domini
1548 3233 1705 3286 nostri
1729 3232 1763 3286 J
1769 3250 1856 3287 esu
1879 3232 2067 3289 Christi
2085 3249 2107 3299 ;

521 3340 612 3396 per
649 3341 796 3394 quem
849 3325 973 3378 ntihi
1020 3325 1239 3379 mundus
1279 3325 1550 3392 cruci/imus
1577 3333 1670 3390 est,
1710 3333 1756 3378 et
1786 3341 1876 3396 ego
1915 3325 2105 3380 mundo

522 3414 543 3488 (
567 3413 735 3469 Galat.
767 3430 842 3482 vr,
876 3413 1021 3488 ιι)ι
1049 3415 1113 3470 Ει
1150 3415 1343 3471 iterum
1373 3432 1385 3468 :
1418 3415 1639 3484 Christo,
1663 3415 1852 3485 inquit,
1879 3417 2108 3485 conﬁxus

522 3525 633 3563 sum
656 3510 832 3574 cruci;
855 3510 966 3564 vivo
1009 3517 1173 3563 autem
1213 3510 1319 3575 iant
1361 3525 1461 3562 non
1501 3525 1613 3581 ego,
1642 3509 1758 3562 vivit
1799 3525 1913 3563 vero
1939 3510 1990 3562 in
2029 3527 2106 3564 me

523 3599 752 3656 Christus
779 3599 896 3674 (Id.
941 3616 999 3668 ιι,
1031 3599 1098 3656 19
1122 3641 1136 3667 ,
1162 3600 1233 3656 20
1252 3600 1297 3670 ).
1343 3600 1495 3670 Quod
1523 3600 1649 3670 quid
1680 3608 1761 3654 est
1789 3600 1952 3665 aliud,
1981 3601 2103 3668 nisi,

521 3693 638 3749 Non
673 3703 756 3750 est
780 3693 832 3748 in
871 3709 957 3749 me
979 3693 1180 3764 justitia
1208 3708 1348 3758 mea,
1390 3709 1508 3763 qua:
1534 3707 1596 3748 ex
1627 3693 1744 3763 lege
1772 3703 1875 3761 εει,
1925 3695 1976 3751 in
2003 3693 2107 3764 qua

523 3787 898 3856 praevaricator
934 3784 1154 3842 effectus
1192 3801 1344 3852 sum;
1387 3785 1481 3841 sed
1523 3786 1724 3855 justitia
1771 3787 1888 3854 Dei,
1923 3785 1974 3841 id
2001 3796 2102 3854 est,

523 3877 647 3946 quae
668 3876 796 3930 mihi
825 3892 888 3932 ex
920 3877 1032 3932 Deo
1060 3885 1143 3932 est
1170 3876 1190 3948 (
1214 3876 1444 3948 Philipp.
1493 3893 1570 3944 ιιι,
1600 3877 1672 3950 9)
1698 3920 1712 3944 ,
1752 3892 1854 3932 non
1883 3894 1947 3933 ex
1979 3878 2108 3934 me?

522 3967 612 4025 Sic
636 3971 831 4040 quippe
856 3970 909 4024 in
936 3985 1023 4025 me
1051 3969 1220 4035 vivit,
1247 3984 1350 4026 non
1383 3985 1482 4041 ego
1504 4013 1520 4039 ,
1551 3971 1644 4026 sed
1670 3971 1932 4038 Christus,
1969 3993 1988 4026 ‹
2018 3975 2106 4044 qui

524 4062 694 4120 factus
722 4072 806 4120 est
828 4064 982 4120 nobis
1007 4063 1265 4133 sapientia
1282 4079 1312 4118 a
1334 4064 1464 4132 Deo,
1488 4075 1542 4120 et
1563 4064 1762 4135 justitia
1780 4109 1793 4133 ,
1825 4076 1878 4122 et
1905 4067 2106 4121 sancti-

524 4155 734 4223 ﬁcatio,
768 4167 820 4213 et
845 4156 1184 4226 redemptio:
1229 4167 1308 4224 ιιι,
1356 4157 1800 4227 quemadmodum
1853 4162 2106 4229 scriptum

523 4256 624 4309 est,
656 4247 754 4314 Qui
779 4247 1054 4318 gloriatur,
1087 4247 1138 4302 in
1165 4248 1388 4302 Domino
1414 4249 1666 4318 glorietur
1699 4269 1718 4303 ι
1741 4250 1784 4321 (l
1816 4250 1931 4306 Cor.
1964 4253 2104 4319 1,50,

522 4337 635 4408 3i).
658 4338 786 4394 ltcm
812 4338 958 4407 dicit,
993 4357 1013 4391 ‹
1043 4337 1142 4406 Qui
1163 4347 1339 4395 autem
1357 4349 1479 4393 sunt
1501 4339 1626 4395 Jesu
1651 4341 1860 4406 Christi,
1893 4357 2106 4396 carnem

525 4431 901 4486 cruciﬁxerunt
951 4445 1072 4487 cum
1123 4431 1459 4501 passionibus
1511 4441 1565 4487 et
1610 4433 2052 4501 concupiscentiis
2082 4453 2101 4486 ι

526 4519 738 4596 (Gatat.
770 4537 821 4588 v,
842 4521 914 4577 24
935 4520 976 4594 ).
1021 4520 1151 4577 Cum
1205 4523 1290 4577 hic
1315 4522 1512 4577 dictum
1557 4522 1626 4577 sit
1646 4524 1785 4592 quod
1827 4523 1920 4592 ipsi
1949 4525 2110 4578 cruci-

526 4613 744 4682 ﬁurunt
767 4629 966 4668 carnem
1009 4630 1174 4679 suam,
1210 4613 1262 4668 in
1290 4614 1390 4669 isto
1421 4623 1594 4668 tamen
1625 4614 1829 4684 psalmo
1862 4615 1999 4670 Deus
2021 4631 2109 4671 ro-

523 4711 680 4773 gatur
702 4711 759 4758 ut
784 4702 835 4759 id
862 4703 1036 4767 faciat,
1063 4703 1149 4759 cui
1189 4703 1382 4760 dicitur
1402 4747 1416 4772 ,
1451 4704 1658 4777 Canﬁge
1685 4705 1838 4760 clavis
1861 4723 1894 4758 a
1932 4697 2108 4762 timore

527 4803 616 4848 tuo
656 4810 833 4850 carnes
871 4812 1008 4850 meas
1030 4811 1050 4861 ;
1078 4803 1133 4850 ut
1176 4796 1532 4867 intelligamus
1571 4797 1729 4852 etiam
1774 4797 1826 4853 id
1851 4799 1992 4869 quod
2019 4815 2105 4855 re-

525 4894 613 4942 etc
657 4885 917 4952 facimus,
965 4887 1149 4958 gratia:
1192 4887 1286 4942 Dei
1332 4903 1452 4943 esse
1492 4888 1866 4958 tribuendum,
1912 4892 2001 4962 qui
2054 4892 2106 4947 in

526 4977 682 5032 nobis
723 4987 974 5048 operatur
999 4987 1054 5035 et
1083 4979 1218 5035 velle
1258 4989 1313 5036 et
1357 4981 1568 5052 operari
1592 5023 1606 5049 ,
1637 4997 1735 5053 pro
1760 4982 1899 5038 bona
1923 4983 2109 5040 volun-

526 5076 637 5126 tate
663 5069 933 5143 (Philipp.
965 5088 1019 5134 It.
1055 5071 1179 5144 15).

598 5164 651 5218 7.
673 5164 777 5221 Sed
804 5165 934 5235 quid
967 5165 1068 5221 sibi
1091 5165 1225 5235 vult,
1270 5167 1410 5238 quod
1451 5183 1574 5225 cum
1614 5170 1868 5236 dixisset,
1901 5169 2110 5245 Conﬁge

525 5255 683 5310 ciavis
707 5273 739 5310 a
761 5257 938 5312 timore
958 5267 1043 5313 tuo
1063 5275 1237 5314 carnes
1261 5276 1400 5315 meas
1421 5279 1441 5328 ;
1461 5261 1682 5328 addidit,
1706 5279 1737 5316 a
1748 5263 1954 5335 iudiciis
1975 5267 2107 5320 enim

527 5346 626 5400 tuis
655 5347 842 5404 timui?
870 5349 1005 5418 Quid
1025 5360 1128 5418 est,
1146 5349 1354 5424 Conﬁge
1372 5369 1404 5406 a
1420 5353 1598 5408 timore
1619 5363 1704 5408 tuo
1724 5371 1746 5422 ;
1767 5356 1910 5410 timui
1931 5357 2063 5410 enim
2083 5358 2109 5411 Ρ

528 5436 586 5496 Si
612 5437 722 5509 jam
755 5439 1022 5510 timuerat,
1051 5442 1136 5499 vel
1165 5444 1403 5510 timebat,
1431 5460 1527 5500 cur
1550 5444 1746 5513 adhuc,
1777 5455 1834 5501 ut
1861 5463 1890 5501 a
1920 5447 2109 5504 timore

528 5543 627 5585 suo
658 5531 797 5588 Deus
824 5534 1158 5604 eruciﬁgeret
1200 5550 1389 5593 carnes
1416 5536 1530 5608 ejus
1548 5580 1564 5605 ,
1593 5538 1824 5593 orabat?
1870 5539 1950 5592 An
1985 5539 2110 5595 addi

527 5621 628 5677 sibi
675 5623 886 5681 volebat
929 5626 1208 5696 timorem,
1253 5636 1309 5684 ut
1358 5637 1561 5685 tantum
1592 5631 1824 5698 timeret,
1855 5641 2108 5701 quantum

527 5713 798 5773 sufﬁceret
817 5717 1184 5788 cruciﬁgendis
1211 5719 1320 5774 suis
1348 5721 1597 5776 carnibus
1619 5763 1634 5788 ,
1667 5721 1719 5777 id
1748 5732 1830 5778 est
1855 5726 2108 5794 concupi-

525 5811 744 5866 scentiis
789 5811 1166 5883 alfectibusque
1212 5813 1551 5871 carnalibus:
1601 5825 1850 5887 tanquam
1886 5817 2108 5885 dicens,

527 5899 735 5963 Perﬁce
769 5901 938 5961 inme
981 5904 1226 5961 timorem
1269 5914 1457 5975 tuum;
1499 5907 1648 5964 timui
1674 5909 1816 5966 enim
1844 5925 1875 5966 a
1897 5909 2110 5984 judiciis

1182 6058 1372 6094 ,κνῆ

1765 429 1823 490 S.
1862 421 2228 491 AUGUSTINI
2261 428 2567 494 EPISCOPI

3669 439 3808 504 l5‘i6

2221 550 2358 605 tuis?
2392 550 2494 607 Sed
2529 558 2612 606 est
2636 550 2724 607 hic
2766 550 2902 608 alius
2927 551 3086 608 altior
3115 567 3328 620 sensus,
3371 561 3628 627 quantum
3657 558 3803 616 Deus

2217 642 2400 712 donat,
2427 654 2660 701 scrutato
2701 645 2822 702 sinu
2847 647 3134 718 Scriptura:
3164 648 3324 720 hujus
3343 651 3628 706 eruendus.
3661 653 3800 706 Can-

2218 738 2336 809 ﬁge,
2365 740 2551 808 inquit,
2582 740 2736 794 clavis
2761 757 2791 793 a
2813 741 2990 794 timore
3018 751 3103 795 tuo
3130 758 3305 796 carnes
3335 759 3512 807 meas;
3538 761 3569 796 ιι
3590 745 3802 814 judiciis

2217 832 2350 884 enim
2376 831 2474 885 tuis
2495 832 2638 885 timui
2667 847 2684 885 :
2711 832 2811 887 hoc
2834 843 2934 899 est,
2965 849 2993 887 a
3026 835 3214 890 timore
3237 843 3328 890 tuo
3354 845 3522 904 casto,
3551 839 3640 907 qui
3671 855 3797 908 per-

2216 933 2398 979 manet
2418 924 2474 978 in
2500 925 2752 980 saeculum
2781 927 2958 980 seaculi
2990 925 3172 999 (Psal.
3206 943 3357 990 xvm,
3391 927 3495 1000 10)
3521 971 3535 996 ,
3563 931 3800 985 carnalia

2217 1032 2336 1073 mea
2364 1016 2625 1074 desideria
2663 1019 3108 1088 comprimantur;
3136 1037 3170 1072 a
3188 1021 3401 1091 judiciis
3444 1022 3576 1075 enim
3607 1023 3704 1076 tuis
3734 1024 3804 1075 ti-

2217 1109 2343 1174 mui,
2371 1125 2490 1166 cum
2522 1112 2647 1166 mihi
2675 1112 2758 1167 lex
2799 1112 3090 1168 minaretur
3117 1129 3350 1184 pmnam,
3393 1131 3513 1185 quae
3540 1117 3666 1170 mihi
3692 1131 3804 1172 non

2219 1211 2427 1272 poterat
2453 1203 2582 1260 dare
2605 1203 2880 1274 justitiam.
2911 1204 3016 1260 Sed
3043 1205 3183 1261 hunc
3211 1207 3486 1268 timorem.
3520 1223 3626 1278 quo
3641 1222 3804 1278 poena

2219 1279 2472 1349 metuitur
2491 1336 2506 1363 ,
2535 1306 2900 1351 consummata
2929 1297 3157 1351 charitas
3188 1297 3330 1352 foras
3361 1298 3522 1352 mittit
3551 1297 3569 1370 (
3593 1299 3610 1351 l
3635 1298 3799 1354 Joan.

2216 1400 2290 1451 tv,
2325 1385 2465 1456 i8);
2497 1401 2616 1456 qua).
2670 1401 2774 1440 non
2823 1387 3013 1441 timore
3061 1403 3264 1456 preme,
3313 1389 3406 1444 sed
3449 1390 3808 1447 delectatione

2209 1475 2430 1545 justitite
2473 1477 2670 1534 liberos
2700 1478 2895 1534 reddit.
2927 1479 3109 1534 Timor
3135 1496 3366 1552 namque
3390 1481 3489 1536 iste
3514 1525 3528 1549 ,
3556 1497 3664 1552 quo
3694 1498 3806 1538 non

2214 1575 2423 1622 amatur
2443 1567 2646 1637 justitia
2668 1611 2683 1636 ,
2714 1569 2808 1624 sed
2836 1570 3054 1626 timetur
3078 1587 3235 1642 poena
3259 1613 3273 1635 ,
3303 1573 3515 1627 servilis
3543 1582 3645 1638 est,
3675 1573 3805 1643 quia

2215 1660 2444 1715 carnalis
2483 1670 2595 1726 est;
2645 1670 2700 1715 et
2751 1662 2871 1718 ideo
2917 1679 3022 1718 non
3052 1664 3310 1734 cruciﬁgit
3363 1679 3597 1720 carnem.
3658 1665 3807 1719 Vivit

2214 1752 2356 1807 enim
2388 1753 2638 1821 peccandi
2667 1753 2914 1809 voluntas
2938 1796 2955 1820 ,
2983 1771 3102 1824 qua)
3128 1765 3252 1810 tunc
3278 1766 3505 1827 apparet
3533 1757 3586 1812 in
3613 1772 3801 1826 opere,

2210 1843 2423 1913 quando
2451 1853 2695 1915 speratur
2722 1845 3028 1915 impunitas.
3058 1847 3191 1902 Cum
3222 1863 3349 1903 vero
3377 1863 3532 1917 paena
3557 1849 3802 1905 creditur

2211 1944 2481 2004 secutura,
2504 1937 2730 1993 latenter
2756 1937 2887 1992 vivit
2915 1955 2928 1991 :
2959 1940 3086 1993 vivit
3113 1948 3310 2000 tamen.
3342 1940 3517 1995 Mallet
3561 1941 3705 1995 enim
3737 1941 3809 1996 li-

2211 2040 2333 2081 cere
2354 2068 2368 2092 ,
2401 2035 2455 2080 et
2483 2026 2629 2083 dolet
2676 2044 2782 2082 non
2811 2029 2970 2084 licere
3016 2031 3157 2099 quod
3191 2031 3277 2085 lex
3307 2039 3488 2096 vetat;
3516 2033 3639 2102 quia
3692 2047 3807 2086 non

2210 2117 2556 2186 spiritualiter
2583 2118 2875 2174 delectatur
2904 2121 3020 2190 ejus
3049 2121 3210 2189 bono,
3241 2122 3333 2177 sed
3377 2122 3666 2177 carnaliter
3690 2139 3811 2177 ma-

2210 2209 2321 2267 lum
2345 2213 2534 2267 metuit
2572 2214 2713 2282 quod
2744 2213 2994 2268 minatur.
3025 2215 3242 2269 Timore
3269 2224 3446 2270 autem
3475 2224 3627 2271 casto
3655 2217 3800 2286 ipsa,

2209 2319 2328 2372 qua:
2352 2303 2490 2359 Ιιιιιιε
2518 2305 2760 2360 limorcm
2791 2305 2929 2359 foras
2955 2306 3138 2372 mittit,
3180 2321 3401 2375 peccare
3449 2307 3601 2362 timet
3626 2307 3810 2362 chari-

2213 2404 2314 2457 tas.
2347 2395 2554 2450 etiamsi
2599 2406 2853 2466 sequatur
2879 2397 3203 2467 impunitas;
3229 2398 3349 2467 quia
3382 2413 3480 2452 nec
3511 2398 3803 2467 impunita-

2211 2496 2318 2542 tem
2357 2488 2557 2558 judicat
2588 2499 2889 2544 secuturam
2915 2532 2930 2558 ,
2959 2489 3174 2559 quando
3203 2505 3385 2545 amore
3425 2491 3646 2560 justitiae
3677 2507 3810 2561 pec-

2210 2590 2385 2636 catum
2439 2582 2610 2653 ipsum
2662 2583 2879 2651 deputat
2922 2597 3154 2652 poenam.
3210 2581 3326 2638 Tali
3374 2584 3564 2639 timore
3610 2599 3810 2640 carnes

2210 2677 2624 2744 erueitiguntur;
2663 2675 2910 2744 quoniam
2958 2676 3200 2751 carnales
3243 2677 3642 2739 delectationes,
3677 2693 3809 2747 qua:

2211 2767 2343 2838 legis
2382 2768 2556 2823 littera
2593 2776 2831 2824 vetantur
2870 2768 3206 2838 potiusquam
3245 2768 3496 2837 vitantur,
3547 2768 3810 2838 spiritua—

2211 2861 2337 2917 lium
2354 2861 2612 2918 honorum
2635 2862 2988 2917 delectatione
3015 2862 3315 2928 vincuntur,
3343 2863 3602 2918 eteadem
3630 2878 3812 2934 usque

2211 2953 2277 3007 ad
2309 2952 2689 3022 perfectionem
2720 2963 2995 3010 crescente
3020 2954 3244 3010 victoria
3275 2956 3627 3025 perimuntur.
3672 2955 3814 3012 Com

2213 3044 2314 3114 ﬁge
2341 3060 2467 3113 ergo
2507 3045 2663 3099 clavis
2684 3087 2699 3109 ,
2740 3045 2932 3115 inquit,
2974 3062 3006 3098 a
3032 3045 3208 3099 timore
3249 3055 3332 3100 tuo
3361 3063 3537 3107 carnes
3564 3063 3699 3102 meas
3725 3066 3746 3112 ;
3777 3063 3812 3102 ιι

2202 3138 2413 3209 judiciis
2439 3138 2570 3192 enim
2601 3139 2700 3192 tuis
2735 3139 2875 3192 timui
2906 3155 2924 3192 :
2946 3139 3046 3194 hoc
3083 3146 3166 3194 est
3187 3181 3201 3203 .
3237 3139 3309 3193 Da
3340 3140 3469 3194 mihi
3501 3149 3705 3194 castum
3741 3141 3812 3195 ti-

2209 3244 2436 3298 morem,
2476 3231 2543 3286 ad
2573 3246 2729 3301 quem
2767 3231 3054 3301 petendum
3083 3247 3168 3285 me
3197 3239 3445 3300 tanquam
3482 3232 3812 3302 paedagogus

2210 3323 2370 3377 timor
2417 3322 2548 3394 legis
2583 3323 2673 3380 ille
2711 3324 2991 3394 perduxit,
3025 3339 3131 3394 quo
3162 3325 3353 3380 timore
3392 3341 3424 3377 a
3443 3324 3657 3396 judiciis
3700 3325 3812 3380 tuis

2209 3415 2374 3489 timui,
2434 3399 2437 3405 1

2811 3522 2982 3566 SEBIIO
3048 3524 3195 3564 XXVI.

2283 3601 2334 3656 1.
2359 3600 2514 3672 [νει-ε.
2539 3599 2687 3674 121.]
2709 3601 2843 3656 ιειοε
2866 3601 3042 3672 magni
3070 3601 3258 3670 psalmi
3276 3599 3435 3671 hujus
3461 3614 3650 3657 versus
3670 3615 3813 3656 con-

2210 3691 2522 3748 siderandos
2551 3683 2692 3749 nunc
2717 3694 3050 3764 suscepimus.
3081 3703 3241 3764 atque
3289 3693 3592 3750 tractandos
3629 3711 3642 3748 :
3675 3693 3813 3750 Feci

2203 3785 2457 3858 judicium
2482 3794 2528 3840 et
2539 3786 2795 3858 justitiam
2816 3804 2837 3852 ;
2866 3803 2928 3840 ne
2946 3785 3120 3839 tradas
3146 3801 3225 3840 me
3245 3785 3533 3840 nocentibus
3557 3801 3654 3840 me.
3680 3785 3812 3842 Non

2210 3879 2403 3933 mirum
2433 3889 2516 3933 est
2540 3895 2659 3933 eum
2689 3879 2876 3936 fecisse
2896 3879 3153 3948 judicium
3185 3889 3238 3934 et
3273 3880 3555 3950 justitiam,
3584 3880 3674 3949 qui
3703 3895 3807 3934 su-

2211 3971 2389 4041 perius
2421 3979 2734 4041 poposcerat
2761 3987 2789 4024 a
2819 3972 3006 4029 timore
3035 3971 3148 4036 Dei,
3188 3973 3369 4042 utique
3399 3981 3570 4037 casto,
3601 3972 3809 4043 conﬁgi

2210 4061 2375 4116 clavis
2402 4077 2589 4118 carnes
2613 4078 2738 4120 suas
2761 4104 2775 4127 ,
2811 4063 2912 4118 hoc
2936 4073 3017 4118 est
3038 4062 3281 4118 carnales
3310 4065 3806 4134 concupiscentiae,

2211 4169 2329 4224 qua:
2359 4157 2548 4221 solent,
2578 4157 2864 4226 quominus
2893 4166 3095 4213 rectum
3146 4157 3236 4222 sit,
3267 4166 3508 4227 nOstrum
3537 4157 3812 4226 impedire

2207 4246 2487 4315 judicium.
2516 4247 2768 4316 Quamvis
2798 4255 2974 4303 autem
2999 4249 3112 4304 sive
3140 4255 3366 4313 rectum,
3401 4249 3515 4304 sive
3544 4264 3805 4317 pravum,

2212 4336 2266 4391 in
2300 4340 2468 4393 nostri
2493 4340 2754 4394 sermonis
2781 4339 3148 4407 usujudicium
3169 4347 3503 4409 nuncupetur
3529 4339 3669 4394 unde
3698 4339 3809 4394 ho-

2212 4432 2442 4487 minibus
2490 4433 2542 4486 in
2569 4431 2858 4502 Evangelia
2886 4431 3081 4487 dicitur
3101 4473 3116 4498 ,
3151 4431 3328 4486 Nolite
3363 4433 3601 4502 judicare
3626 4448 3809 4499 perso-

2212 4523 2413 4585 naliter,
2447 4523 2534 4576 sed
2557 4533 2746 4578 rectum
2785 4523 3034 4594 judicium
3051 4523 3280 4594 judicate
3305 4522 3492 4593 (Joan.
3525 4539 3615 4590 vn,
3645 4520 3755 4594 24)
3791 4541 3805 4578 :

2212 4623 2388 4668 tamen
2418 4613 2518 4668 hoc
2543 4613 2661 4669 loco
2687 4614 2760 4669 ita
2781 4613 3012 4684 positum
3051 4625 3134 4670 est
3166 4615 3448 4685 judicium,
3478 4624 3725 4686 tanquam
3755 4615 3808 4670 si

2211 4715 2417 4761 rectum
2464 4719 2569 4759 non
2622 4704 2796 4772 fuerit,
2845 4721 2950 4760 non
2979 4704 3172 4761 debeat
3209 4705 3467 4774 judicium
3497 4706 3802 4772 nominari;

2212 4799 2446 4869 alioquin
2474 4813 2581 4854 non
2606 4799 2876 4854 sufﬁceret
2916 4797 3113 4863 dicere,
3145 4795 3273 4851 Feci
3291 4799 3568 4869 judicium,
3595 4798 3688 4854 sed
3715 4799 3807 4854 di-

2211 4901 2460 4960 ceretur,
2503 4890 2626 4946 Feci
2672 4900 2874 4946 rectum
2901 4889 3180 4960 judicium.
3228 4890 3340 4946 Hoc
3365 4906 3561 4962 genere
3588 4892 3805 4948 locutus

2212 4995 2295 5042 est
2313 4985 2572 5041 Dominus
2595 4983 2771 5051 Jesus,
2799 4984 2886 5040 ubi
2913 4983 3020 5040 ait:
3041 4985 3335 5055 Reliquistis
3361 4985 3592 5056 graviora
3612 4982 3762 5054 Legi:
3779 5001 3804 5051 ;

2201 5077 2478 5150 judicium,
2501 5087 2548 5130 et
2571 5077 2985 5141 misericordiam,
3015 5085 3061 5131 et
3090 5077 3243 5145 ﬁdem
3263 5075 3474 5149 (Matth.
3502 5092 3652 5142 χχιιι,
3682 5075 3802 5148 25).

2213 5169 2281 5224 Ει
2322 5169 2408 5225 hic
2437 5169 2576 5225 enim
2597 5167 2856 5240 judicium
2884 5167 2965 5223 sic
3001 5168 3234 5239 positum
3264 5176 3346 5222 est
3367 5209 3381 5233 ,
3415 5177 3663 5238 tanquam
3693 5183 3804 5222 non

2212 5263 2593 5336 sitjudicium,
2625 5263 2669 5317 si
2696 5275 3007 5332 perversum
3044 5270 3145 5316 est.
3179 5261 3246 5316 Et
3273 5261 3456 5317 multis
3497 5261 3802 5316 divinarum

2213 5357 2607 5426 Scripturarum
2630 5356 2760 5411 locis
2787 5355 2860 5410 ita
2881 5355 3117 5425 ponitur,
3148 5354 3305 5424 quale
3334 5353 3466 5408 illud
3497 5362 3580 5409 est
3605 5370 3619 5406 :
3651 5352 3806 5406 Mise-

2212 5449 2487 5504 ricordiam
2507 5457 2554 5503 et
2563 5447 2816 5518 judicium
2833 5445 3046 5500 cantabo
3072 5446 3180 5513 tibi,
3210 5443 3431 5499 Domine
3452 5443 3622 5514 (Psal.
3641 5457 3695 5510 ε,
3722 5442 3798 5513 1).

2214 5542 2285 5599 Ει
2306 5543 2433 5598 illud
2465 5541 2606 5612 apud
2637 5541 2824 5597 Isaiam
2853 5560 2866 5597 :
2899 5541 3204 5612 Exspectavi
3229 5549 3281 5594 ut
3307 5540 3494 5609 faceret
3509 5537 3801 5609 judicium;

2216 5637 2329 5707 fecit
2355 5644 2520 5688 autent
2538 5632 2852 5705 iniquitatem
2877 5631 3028 5703 (Isai.
3050 5647 3105 5697 v,
3129 5630 3205 5701 7).
3224 5629 3341 5685 Non
3367 5629 3459 5693 ait,
3484 5627 3800 5697 Exspectavi

2216 5737 2274 5781 ut
2295 5726 2492 5781 faceret
2513 5725 2769 5796 judicium
2793 5725 3016 5795 justum,
3045 5723 3168 5780 fecit
3188 5731 3366 5778 autem
3395 5723 3634 5792 iniquum
3663 5738 3677 5776 :
3705 5718 3801 5776 sed

2216 5827 2467 5890 tauquam
2498 5818 2617 5874 ideo
2642 5818 2751 5888 jam
2772 5818 3030 5887 judicium
3053 5816 3142 5883 sit,
3171 5815 3293 5887 quia
3315 5814 3515 5886 justum
3553 5823 3669 5881 est;
3701 5826 3795 5894 nec

2223 5915 2293 5974 sit
2316 5913 2593 5989 judicium,
2625 5911 2767 5986 quod
2793 5911 3048 5986 injuStum
3071 5920 3172 5969 est.
3193 5910 3402 5968 iustitia
3432 5924 3560 5967 vero
3584 5922 3692 5966 non
3713 5919 3777 5967 se
