4070 6476
311 365 448 422 1577

315 481 385 534 let
412 477 519 532 dici
544 475 680 532 bona
699 471 915 544 iustitia,
937 469 1020 526 vel
1038 470 1172 524 mala
1195 468 1419 539 justitia,
1441 469 1578 524 sicut
1597 463 1880 536 aliquando

313 568 507 622 dicitur
535 565 732 620 bonum
762 561 1026 617 malumve
1059 559 1315 630 judicium
1343 575 1359 625 ;
1391 558 1486 614 sed
1513 573 1579 613 eo
1610 557 1725 626 ipso
1769 555 1880 624 jam

313 655 450 711 bona
478 666 582 722 est,
611 655 731 724 quia
756 640 956 723 jus'titia
982 661 1079 707 est.
1105 649 1193 706 Sic
1215 666 1341 720 ergo
1367 650 1529 704 habet
1555 637 1882 703 consuetudo

315 740 608 817 loquendi,
647 746 704 798 u't
741 740 945 798 dicatur
972 751 1025 796 et
1068 741 1262 795 bonum
1298 739 1570 810 judicium,
1604 747 1656 793 et
1686 737 1882 791 malem

311 827 604 907 judicium;
637 831 1076 906 quemadmodum
1107 830 1290 896 habet,
1318 839 1376 883 ut
1400 828 1606 884 dicatur
1634 837 1687 882 et
1714 827 1884 881 bonus

312 928 473 998 jndex
493 970 507 994 ,
538 935 592 982 et
619 925 788 980 malus
817 923 979 994 judex
1021 941 1034 976 :
1070 923 1146 976 sic
1174 928 1347 976 autem
1381 934 1484 974 non
1529 917 1720 973 dicitur
1748 916 1884 970 bella

316 1019 518 1089 justitia
544 1059 559 1082 ,
591 1018 674 1073 vel
703 1016 839 1071 mala
861 1015 1063 1085 justitia
1085 1054 1100 1079 ,
1146 1013 1282 1068 sicut
1324 1027 1429 1066 non
1461 1010 1673 1072 dicitur,
1716 1003 1886 1062 bonus

315 1109 510 1179 justus,
539 1118 595 1163 et
624 1107 794 1162 malus
813 1106 1003 1176 justus,
1033 1105 1160 1174 quia
1179 1105 1429 1158 continuo
1450 1102 1618 1156 bonus
1644 1099 1882 1168 quisque,

320 1196 362 1253 si
385 1198 582 1267 justus.
608 1196 816 1253 Justitia
847 1201 974 1264 ergo
1013 1195 1177 1248 virtus
1193 1201 1274 1247 est
1298 1191 1458 1245 animi
1485 1195 1670 1260 magna
1698 1189 1885 1258 prwci-

321 1307 524 1360 pueque
555 1277 850 1353 laudabilis,
878 1287 945 1342 de
965 1292 1064 1355 qua
1096 1294 1235 1339 nunc
1262 1289 1367 1338 noli
1394 1290 1476 1337 est
1495 1282 1760 1351 copiosius
1777 1281 1888 1333 dis-

321 1380 536 1450 putandi
579 1378 886 1433 nccessitas.
929 1376 1190 1431 Iudicium
1216 1382 1341 1429 vero
1366 1415 1380 1439 ,
1421 1372 1635 1443 quando
1678 1370 1889 1426 nonnisi

322 1461 374 1525 in
402 1471 542 1526 bono
567 1469 1027 1539 ponitdisti‘nctior
1047 1468 1065 1499 ί
1095 1460 1339 1538 loquendi
1371 1467 1526 1530 ratio,
1560 1465 1712 1533 lmjns
1733 1466 1889 1518 virtu-

322 1562 389 1615 lis
418 1572 500 1616 est
526 1561 782 1630 operatio.
818 1560 918 1626 Qui
955 1559 1095 1614 enim
1127 1557 1287 1613 habet
1325 1558 1602 1627 justitiam,
1641 1555 1887 1625 recteju-

321 1653 460 1706 dicat
494 1665 508 1706 :
539 1653 645 1705 imo
689 1649 979 1706 secundum
1023 1650 1178 1704 istam
1222 1649 1564 1713 locutionem,
1615 1646 1702 1717 qui
1735 1645 1890 1700 habet

317 1740 599 1813 justitiam,
624 1741 858 1811 judicat;
887 1741 1008 1810 quia
1030 1755 1133 1794 nec
1156 1738 1377 1809 judicat,
1405 1737 1450 1791 si
1493 1752 1596 1792 non
1629 1746 1771 1790 recte
1799 1735 1886 1805 ju-

322 1835 483 1887 dicat.
517 1834 582 1886 Et
615 1831 832 1902 justitize
871 1832 1083 1886 nomine
1121 1830 1222 1885 hoc
1251 1829 1384 1895 loco,
1419 1845 1524 1883 non
1561 1829 1670 1898 ipsa
1703 1828 1884 1893 virtus,

322 1925 416 1980 sed
445 1939 579 1994 opus
598 1925 713 1992 ejus
749 1925 1099 1994 signiﬁcatum
1126 1931 1225 1978 est.
1253 1921 1381 1989 Quis
1406 1921 1544 1976 enim
1577 1919 1696 1974 facit
1721 1921 1771 1974 in
1797 1919 1890 1973 lto-

323 2016 469 2070 tnine
508 2015 766 2086 justitiam
790 2057 804 2080 ,
836 2015 936 2070 nisi
979 2015 1066 2086 qui
1092 2013 1345 2084 justiﬁcat
1386 2013 1620 2082 impium,
1664 2013 1762 2066 hoc
1788 2020 1888 2078 est,

323 2113 420 2174 per
444 2105 665 2174 gratiam
706 2121 851 2159 suum
901 2120 963 2158 ex
1014 2105 1174 2173 impio
1212 2102 1334 2157 facit
1370 2101 1614 2172 justum?
1641 2099 1791 2157 Unde
1820 2102 1893 2156 ait

323 2196 613 2264 Apostolus
644 2214 656 2247 :
680 2193 957 2263 Justi/icati
978 2197 1134 2265 gratis
1159 2210 1246 2265 per
1271 2193 1485 2264 gratiam
1513 2193 1668 2263 ipsius
1701 2192 1718 2260 (
1740 2191 1887 2248 Rom.

323 2295 402 2354 tu,
433 2288 503 2344 Si
529 2289 574 2360 ).
617 2288 766 2343 Facit
793 2303 920 2358 ergo
954 2288 1233 2358 justitiam,
1265 2286 1316 2340 id
1361 2297 1463 2351 est,
1492 2301 1624 2355 opus
1649 2285 1888 2355 jdstitizu,

324 2381 414 2450 qui
439 2379 596 2434 habet
621 2380 671 2434 iu
693 2395 750 2433 se
769 2379 1044 2448 justitiam,
1076 2377 1127 2432 id
1151 2386 1232 2432 est
1255 2387 1388 2445 Opus
1422 2377 1629 2447 g‘ratire.

393 2470 452 2525 2.
491 2469 634 2536 Feci,
655 2471 839 2540 inquit,
855 2470 1104 2541 judicium
1125 2478 1170 2522 et
1180 2467 1434 2539 justitiam
1469 2483 1489 2522 .'
1529 2484 1591 2521 ne
1619 2464 1789 2522 tradas
1817 2484 1893 2522 me

323 2562 615 2615 nocentibus
631 2577 706 2614 me
725 2576 743 2614 :
764 2559 814 2614 id
833 2569 931 2627 est,
955 2557 1075 2614 Feci
1093 2558 1345 2629 judicium
1357 2557 1555 2628 justum
1582 2575 1595 2620 ;
1621 2573 1686 2612 ne
1717 2559 1893 2614 tradas

323 2666 410 2706 me
445 2651 549 2705 illis
590 2651 676 2720 qui
714 2657 987 2720 prepterea
1027 2665 1113 2704 me
1141 2655 1542 2718 persequuntur.
1580 2647 1708 2702 Nam
1735 2650 1892 2703 etiam

322 2739 538 2810 quidam
582 2739 794 2794 codices
821 2739 1050 2802 habent,
1084 2736 1166 2792 Ne
1193 2739 1364 2791 tradas
1391 2753 1471 2791 me
1495 2739 1896 2808 persequentibus

323 2839 403 2882 ine
435 2845 454 2883 :
488 2821 628 2898 quod
667 2825 806 2884 enim
848 2835 1017 2900 'grzece
1054 2825 1250 2882 dictum
1283 2836 1364 2882 est
1385 2869 1400 2896 ,
1438 2839 1533 2890 τὸῖς
1567 2831 1854 2904 ἀντιδικοΰσι
1874 2868 1892 2896 ,

322 2921 536 2991 quidam
560 2921 882 2990 interpretati
911 2929 1065 2984 sunt,
1093 2919 1376 2975 nocentibus
1400 2933 1418 2986 ;
1443 2921 1652 2990 quidam
1677 2961 1692 2986 ,
1725 2936 1893 2991 perse-

321 3011 619 3082 quentibus;
653 3013 885 3083 quidam,
917 3013 1351 3067 calumniantibus.
1392 3013 1550 3067 Miror
1573 3021 1746 3067 autem
1776 3027 1893 3068 om-

323 3103 468 3156 nium
495 3117 630 3172 quos
650 3103 698 3156 iu
724 3111 962 3172 promptu
983 3102 1175 3156 habere
1202 3103 1343 3172 potui
1371 3103 1613 3157 codicum
1637 3115 1892 3172 nusquam

323 3207 409 3247 me
440 3193 634 3263 legisse
653 3193 1057 3256 adversantibus;
1083 3207 1202 3248 cum
1229 3195 1343 3247 sine
1369 3192 1722 3246 controversia
1753 3191 1892 3261 quod

322 3288 494 3352 grtecc
549 3285 778 3343 ἀντίδικος
806 3324 820 3348 ,
856 3283 956 3336 hoc
1006 3282 1166 3336 latine
1202 3281 1534 3336 adversarius
1576 3282 1891 3353 appelletur.

321 3373 492 3428 Orans
513 3373 688 3442 itaque
715 3385 780 3427 ne
807 3373 1085 3427 tradatura
1107 3372 1328 3427 Domino
1354 3373 1752 3428 adversantibus
1771 3374 1892 3439 sibi,

321 3466 445 3535 quid
475 3474 612 3528 orat,
643 3465 741 3518 nisi
769 3466 906 3534 quod
929 3480 1142 3518 oramus
1169 3480 1287 3518 cum
1318 3463 1564 3530 dicimus,
1595 3463 1677 3518 Ne
1703 3480 1794 3519 nos
1818 3467 1897 3520 in-

320 3563 455 3628 feras
482 3557 534 3609 in
558 3556 874 3609 tentationem
923 3554 940 3625 (
968 3553 1150 3608 Matth.
1175 3566 1247 3622 vt,
1277 3555 1342 3608 15
1363 3555 1381 3623 )
1402 3554 1426 3608 ?
1451 3554 1795 3610 AdverSarius
1815 3563 1899 3610 est

321 3648 464 3700 enim
505 3646 575 3701 de
615 3660 718 3715 quo
755 3645 882 3700 dicit
924 3645 1205 3716 Apostolus
1231 3687 1246 3711 ,
1280 3643 1360 3698 Ne
1379 3646 1784 3716 {ortetentaverit
1811 3661 1896 3700 vos

278 3723 282 3725 ἢ
321 3739 407 3808 qui
448 3744 605 3791 tentat
646 3735 699 3806 (l
728 3735 901 3791 Thess.
941 3751 1037 3800 ιιι,
1069 3736 1102 3790 5
1129 3735 1171 3806 ).
1212 3735 1275 3790 Εἰ
1317 3735 1476 3790 tradit
1511 3737 1533 3768 ⁸
1570 3735 1711 3790 Deus
1739 3749 1896 3807 quem

322 3827 544 3881 deserit.
579 3825 710 3880 Eum
737 3827 932 3895 quippe
965 3824 1052 3881 ille
1077 3839 1182 3880 non
1215 3823 1449 3895 decipit,
1478 3840 1634 3894 quem
1668 3825 1766 3878 iste
1792 3841 1896 3880 non

321 3916 558 3980 deserit,
590 3915 642 3969 iu
677 3915 945 3970 voluntate
993 3929 1085 3969 sua
1139 3923 1395 3984 praestans
1444 3913 1624 3968 decori
1671 3914 1898 3969 hominis

323 4010 580 4063 virtutem
605 4026 617 4061 :
648 4007 818 4061 abillo
833 4014 1007 4061 autem
1029 4007 1116 4075 qui
1138 4006 1345 4060 dixerat
1365 4005 1416 4058 in
1443 4004 1760 4060 abundantia
1777 4019 1894 4073 sua,

326 4097 448 4152 Non
475 4097 706 4152 movebar
728 4097 779 4150 in
821 4107 1081 4162 (sternunt,
1109 4095 1298 4150 avertit
1323 4095 1509 4150 faciem
1537 4109 1705 4161 suam,
1739 4103 1790 4150 et
1819 4095 1896 4150 fa-

325 4200 445 4245 ctus
473 4197 556 4243 est
593 4188 934 4243 conturbatus
971 4188 990 4256 (
1023 4186 1167 4240 Psat.
1200 4201 1325 4240 xm
1353 4229 1368 4253 ,
1423 4188 1456 4242 7
1485 4229 1500 4254 ,
1540 4187 1645 4257 8),
1692 4187 1899 4258 sibique

324 4290 671 4336 monstratus.
701 4279 951 4348 Quisquis
976 4277 1132 4348 igitur
1155 4293 1184 4332 a
1211 4278 1402 4332 timore
1429 4277 1520 4332 Dei
1550 4286 1697 4333 casto
1725 4281 1898 4332 cruci-

327 4374 462 4427 ﬁxas
507 4371 669 4425 habet
709 4384 898 4424 carnes
929 4383 1084 4435 suas,
1130 4378 1184 4423 et
1228 4368 1369 4422 nulla
1399 4369 1594 4422 carnali
1620 4377 1899 4438 corruptus

325 4464 581 4519 illecebra
607 4461 727 4516 facit
754 4461 1006 4530 judicium
1029 4474 1266 4530 epusque
1285 4459 1524 4528 jUSliiitﬂ,
1548 4476 1702 4516 orare
1742 4461 1900 4518 debet

325 4571 398 4611 ne
422 4553 824 4610 adversantibus
859 4551 1134 4616 tradatur;
1176 4551 1229 4604 id
1262 4559 1380 4616 est,
1422 4566 1490 4607 ne
1521 4552 1754 4607 timendo
1780 4569 1901 4624 per-

326 4648 435 4718 peti
465 4645 604 4700 mala
629 4686 644 4710 ,
671 4645 737 4698 ad
771 4641 1005 4698 facienda
1035 4643 1171 4697 mala
1200 4642 1635 4712 persequentibus
1659 4645 1828 4700 cedat.
1854 4647 1899 4701 A

326 4755 435 4810 quo
450 4739 598 4794 enim
625 4736 814 4808 accipit
835 4736 1110 4790 victoriam
1131 4735 1575 4804 concupiscentia:
1597 4776 1612 4802 ,
1652 4753 1719 4790 ne
1746 4737 1897 4792 volu-

326 4841 474 4902 ptate
508 4828 878 4900 pertrahatur;
906 4828 973 4886 ab
1009 4827 1101 4881 illo
1129 4827 1287 4880 etiam
1315 4826 1476 4881 robur
1500 4827 1764 4897 patientia:
1787 4861 1803 4893 ,
1835 4844 1900 4884 ne

326 4921 516 4976 dolore
547 4919 818 4988 frangatur
845 4934 858 4970 :
891 4917 1138 4986 quoniam
1167 4915 1234 4971 de
1269 4930 1374 4986 quo
1397 4915 1590 4970 dicitur
1610 4957 1625 4981 ,
1654 4915 1900 4972 Dominus

329 5013 467 5068 dabit
486 5009 822 5080 suauitatem(
854 5007 996 5063 Psal.
1021 5023 1240 5073 untv,
1273 5006 1406 5079 l5);
1433 5007 1500 5062 de
1530 5007 1619 5062 illo
1636 5008 1793 5063 etiam
1821 5008 1902 5064 di-

328 5104 498 5169 citur,
528 5101 603 5156 Ab
629 5102 738 5170 ipso
766 5109 838 5154 est
863 5100 996 5153 enim
1020 5099 1260 5169 patientia
1287 5115 1396 5152 mea
1437 5097 1620 5171 (Psat.
1651 5114 1759 5166 ut,
1804 5099 1898 5170 6).

401 5196 454 5250 3.
498 5191 805 5265 [uers.192,
839 5187 1006 5261 tes.)
1036 5189 1267 5258 Denique
1287 5189 1560 5259 sequitur:
1589 5188 1780 5259 Excipe
1797 5207 1904 5246 ser-

326 5303 445 5340 ount
476 5295 618 5340 tuum
645 5284 698 5337 in
728 5283 912 5336 bonum
936 5298 954 5346 ;
981 5297 1082 5335 non
1119 5281 1484 5335 calumnientur
1516 5282 1640 5335 mihi
1679 5283 1896 5350 superbi.

330 5378 408 5433 illi
423 5375 723 5446 impellunt,
739 5383 798 5429 ut
812 5374 997 5429 cadam
1021 5374 1071 5427 in
1091 5374 1283 5428 malum
1304 5390 1320 5438 ;
1344 5382 1397 5427 tu
1413 5375 1598 5443 excipe
1614 5375 1664 5428 in
1683 5374 1896 5430 bonum.

329 5467 432 5535 Qui
472 5474 650 5519 autem
690 5464 1017 5534 interpretati
1055 5472 1205 5529 sunt,
1241 5462 1361 5515 Non
1398 5463 1762 5518 calumnientur
1793 5482 1899 5532 me,

328 5571 560 5627 graecam
589 5553 909 5609 locutionem
935 5553 1101 5607 secuti
1127 5562 1248 5606 sunt
1266 5593 1282 5618 ,
1312 5551 1490 5607 latinae
1514 5553 1704 5623 lingua:
1729 5555 1904 5612 minus

401 5690 417 5722 ⁸
442 5689 636 5748 Quidam
659 5689 784 5744 Mss,
813 5686 1092 5738 αἰανῆ-[ἔον.

404 5763 425 5788 υ
446 5745 519 5802 sic
539 5757 722 5812 ntiquot
741 5755 846 5799 uss;
868 5748 978 5797 md.
1003 5761 1142 5808 vero,
1159 5754 1212 5797 Et
1235 5745 1401 5798 tradit.

613 5834 834 5893 Stuc'r.
875 5835 1148 5892 Al’GUST.
1178 5832 1282 5892 IV.

1363 351 1760 413 ENABRATIO
1797 347 1861 403 IN
1903 346 2221 405 PSALMUM
2259 349 2490 406 ιιιιιιιι.

3413 344 3551 405 15ῖ3

1989 461 2252 518 usitatam.
2292 464 2373 518 Ad
2401 462 2537 518 forte
2565 462 2724 518 habet
2753 461 2857 516 vim
2891 475 3011 516 cum
3039 457 3230 515 dicitur
3253 501 3268 526 ,
3303 459 3423 515 Non
3463 463 3551 514 ca:-

1983 553 2287 608 lumnientur
2325 567 2402 608 me
2424 594 2438 619 ,
2477 568 2634 625 quam
2675 552 2892 609 haberet
2924 554 2968 606 si
2991 549 3289 619 diceretur,
3320 549 3435 605 Non
3465 564 3550 606 me

1984 639 2194 709 capiant
2220 640 2591 696 calumniando
2615 641 2640 693 τ
3591 677 3595 680 ς
3646 697 3651 710 ι

2053 730 2108 786 tl.
2148 731 2324 786 Multae
2361 740 2534 786 autem
2567 734 2786 800 possunt
2813 717 3034 800 intelligi
3063 729 3339 784 calumnia:
3367 743 3554 799 super-
3595 773 3598 775 λ

1986 817 2172 873 horum
2196 861 2210 884 ,
2239 835 2267 873 a
2293 821 2481 890 quibus
2506 821 2772 876 humilitas
2799 820 3082 876 christiana
3113 820 3426 889 despicitur;
3459 819 3552 874 sed

1986 911 2075 966 illa
2101 912 2183 964 vel
2206 913 2428 966 maxima
2459 921 2540 968 est
2561 953 2575 979 ,
2602 913 2646 966 si
2687 912 2929 967 homines
2959 912 3057 966 hoc
3084 912 3200 966 loco
3225 911 3552 980 accipiuntur

1986 1001 2241 1070 superbi;
2285 1001 2422 1066 quod
2465 1017 2494 1056 a
2535 1002 2686 1056 nobis
2713 1012 2974 1056 mortuum
3005 1002 3398 1057 calumniantur
3425 1001 3551 1056 coli.

1987 1091 2263 1146 liumilitas
2292 1093 2486 1161 quippe
2514 1093 2623 1163 ipsa
2656 1092 2943 1148 christiana
2962 1133 2976 1156 ,
3005 1093 3202 1147 Christi
3237 1104 3406 1149 morte
3427 1093 3556 1148 insi-

1988 1191 2184 1234 nuatur
2205 1223 2220 1246 ,
2265 1181 2768 1252 commendatorque
2805 1182 3072 1236 divinitus.
3113 1183 3236 1237 llzcc
3261 1193 3434 1237 autem
3463 1197 3555 1237 ra-

1989 1271 2187 1325 lumnia
2213 1271 2446 1340 utrisque
2463 1272 2784 1339 inﬁdelibus,
2800 1272 2852 1327 id
2881 1272 3559 1343 est,Jud:eisGentibusque

1989 1361 2284 1415 communis
2301 1370 2402 1414 est.
2445 1360 2645 1415 Habent
2667 1362 2958 1417 calumnias
2979 1378 3102 1418 suas
3117 1365 3274 1418 etiam
3298 1363 3554 1430 hzeretici,

1989 1449 2207 1519 singulis
2221 1450 2513 1520 quibusque
2527 1449 2817 1506 hrcresibus
2835 1467 2928 1521 pro
2937 1452 3100 1521 prias:
3125 1452 3324 1508 habent
3339 1461 3391 1507 et
3418 1453 3561 1508 schi-

1989 1538 2195 1594 smatici
2219 1567 2234 1605 -,
2259 1554 2394 1610 quos
2417 1555 2602 1595 oumes
2630 1541 2872 1609 superbia
2901 1541 2968 1596 de
2989 1543 3340 1598 membrorum
3366 1543 3560 1600 Christi

1990 1643 2242 1700 compage
2295 1630 2552 1701 praacidit.
2609 1631 2778 1702 Ipsius
2830 1641 3005 1687 autem
3057 1632 3252 1688 diaboli
3299 1635 3560 1690 calumnia

1993 1728 2190 1790 quanta
2217 1720 2302 1774 vel
2329 1720 2501 1790 qualis
2525 1730 2643 1787 est,
2673 1737 2776 1792 qua
2798 1722 3144 1778 calumniatus
3176 1734 3256 1778 est
3281 1724 3453 1793 justo,
3476 1725 3559 1779 di-

1990 1824 2136 1875 cens,
2166 1809 2428 1880 Numquid
2445 1812 2602 1883 gratis
2628 1813 2746 1867 colit
2780 1813 2880 1867 Job
2917 1812 3188 1868 Dominum
3219 1814 3353 1887 (Job
3392 1831 3431 1882 ι,
3453 1816 3562 1886 9)?

1993 1898 2227 1967 Quorum
2253 1901 2488 1954 omnium
2515 1901 2790 1957 calumnia:
2818 1904 3163 1973 superborum
3197 1913 3440 1975 tanquam
3471 1921 3566 1960 co-

1993 1990 2264 2046 lubrorum
2308 2007 2510 2047 venena
2558 1994 2868 2059 vincuntur,
2917 2011 3038 2050 cum
3084 1997 3478 2065 vigilantissima
3515 2008 3570 2053 et

1996 2080 2396 2152 diligentissima
2441 2084 2634 2152 pietate
2658 2083 2902 2138 Christus
2944 2085 3222 2141 cruciﬁxus
3260 2087 3566 2143 attenditur.

1995 2169 2218 2239 Propter
2261 2170 2399 2241 quod
2443 2173 2880 2242 praeﬁgurandum
2910 2174 3114 2244 Moyses
3147 2176 3254 2230 Deo
3284 2178 3570 2232 miserante

1993 2278 2056 2317 ac
2079 2263 2295 2333 jubentc
2328 2265 2577 2320 exaltavit
2603 2266 2653 2317 in
2681 2279 2861 2320 eremo
2887 2265 3282 2322 similitudinem
3310 2271 3570 2338 serpentis

1996 2355 2048 2410 in
2077 2356 2218 2425 ligno
2255 2355 2456 2429 (Num.
2487 2373 2602 2421 χχι,
2631 2357 2665 2412 9
2696 2374 2710 2422 ;
2741 2356 2897 2412 Joan.
2927 2375 3002 2421 ιιι,
3032 2360 3098 2414 14
3119 2361 3138 2429 )
3159 2401 3174 2426 ,
3200 2369 3260 2414 ut
3281 2361 3573 2421 similitudo
3659 2430 3663 2433 _

1995 2449 2169 2502 carnis
2191 2448 2389 2518 peccati
2417 2449 2770 2519 cruciﬁgenda
2800 2450 3223 2520 prmﬁguraretur
3249 2454 3301 2508 in
3335 2454 3591 2522 Christo._

1997 2540 2146 2596 lianc
2173 2541 2438 2596 intuentes
2455 2541 2780 2597 salutiferam
2802 2559 3036 2610 crucem,
3061 2559 3218 2601 omne
3243 2547 3571 2601 caiumnian-

1997 2633 2126 2687 tium
2173 2633 2517 2703 superborum
2547 2635 2693 2689 virus
2728 2636 3042 2705 expellimus
3094 2653 3108 2692 :
3148 2653 3304 2707 quam
3359 2655 3574 2709 prorsus

1998 2725 2155 2780 etiam
2185 2726 2283 2781 iste
2307 2727 2696 2797 quodammodo
2741 2727 2895 2783 valde
2936 2730 3136 2784 intente
3181 2730 3391 2804 intuens
3418 2773 3432 2797 ,
3461 2733 3532 2786 ait
3554 2766 3592 2797 ..

2002 2815 2150 2870 Oculi
2189 2817 2285 2870 mei
2325 2818 2614 2887 defecerunt
2644 2818 2697 2872 in
2721 2819 2946 2872 salutare
2972 2829 3109 2872 (mou
3133 2861 3148 2882 ,
3189 2829 3232 2874 et
3259 2821 3308 2875 in
3330 2821 3576 2892 eloquium

1988 2907 2208 2977 justitia:
2229 2917 2345 2961 ture.
2377 2906 2646 2963 Christum
2673 2909 2866 2978 quippe
2898 2909 3067 2978 ipsum
3103 2910 3240 2964 Deus
3263 2920 3474 2980 propter
3501 2912 3590 2975 si:

2001 2997 2350 3052 militudinem
2375 2997 2552 3052 carnis
2582 2999 2779 3067 peccati
2804 2998 2988 3069 (Rom.
3012 3016 3124 3064 vui,
3159 2988 3192 3056 3
3221 3001 3237 3069 )
3263 3043 3277 3067 ,
3308 3012 3578 3070 peccatum

1998 3104 2096 3158 pro
2127 3089 2278 3144 nobis
2306 3089 2425 3144 fecit
2452 3128 2467 3154 ,
2500 3099 2555 3143 ut
2585 3105 2680 3144 nos
2716 3091 2881 3145 simus
2906 3091 3107 3161 justitia
3140 3081 3232 3148 Dei
3258 3094 3309 3148 in
3344 3094 3458 3163 ipso
3495 3094 3514 3165 (
3539 3093 3578 3149 ll

1998 3179 2116 3238 Cor.
2149 3199 2202 3244 v,
2230 3182 2290 3236 9|
2327 3183 2367 3252 ).
2413 3183 2468 3236 lo
2522 3182 2676 3251 hujus
2715 3183 2873 3252 igitur
2913 3184 3180 3254 eloquium
3227 3185 3446 3254 justitia:
3488 3186 3578 3241 Dei

1997 3274 2252 3330 defecisse
2283 3274 2406 3328 dicit
2433 3275 2616 3329 oculos
2657 3290 2813 3336 suos,
2857 3276 3104 3330 ardenter
3141 3285 3194 3332 et
3233 3277 3476 3332 sitienter
3500 3278 3579 3331 in-

2008 3365 2226 3432 tuendo,
2249 3364 2374 3418 dum
2401 3380 2605 3420 memor
2633 3365 2950 3422 inﬁrmitatis
2977 3365 3240 3434 humanm,-
3271 3367 3499 3422 divinant
3527 3370 3584 3422 in

1997 3456 2210 3513 Christo
2238 3459 2254 3489 ¹
2283 3457 2547 3513 desiderat
2573 3458 2816 3526 gratiam.

2008 3578 2010 3581 -
2070 3549 2122 3604 5.
2181 3547 2339 3621 [oers.
2371 3547 2531 3620 ιιι]
2579 3549 2800 3619 Propter
2839 3547 2978 3618 quod
3009 3551 3281 3620 sequitur,
3332 3549 3442 3604 Fac
3467 3567 3580 3604 cum

1998 3655 2137 3696 servo
2173 3649 2257 3692 tuo
2295 3639 2571 3693 secundum
2610 3639 3002 3694 ntiserirordiam
3043 3648 3224 3695 tuam:
3267 3657 3370 3696 non
3403 3642 3608 3712 utique

1999 3730 2289 3786 secundum
2313 3731 2566 3801 justitiam
2594 3746 2788 3786 meam.
2837 3731 2902 3785 Et
2931 3733 3320 3802 justi/icationes
3345 3775 3360 3796 ,
3389 3733 3579 3803 inquit,

1999 3830 2111 3876 tuas
2151 3821 2274 3875 doce
2327 3837 2434 3874 me:
2462 3822 2576 3875 illas
2618 3821 2799 3892 procul
2843 3821 3037 3889 dubio,
3078 3823 3269 3892 quibus
3300 3823 3436 3878 Deus
3458 3823 3581 3878 facit

1995 3910 2188 3981 justos,
2221 3925 2324 3965 non
2353 3910 2449 3980 ipsi
2477 3925 2555 3964 se.
3115 3900 3117 3902 ’

2071 4002 2123 4057 6.
2167 3999 2330 4073 [vers.
2356 3999 2518 4073 49.5.]
2551 4001 2739 4056 Servus
2775 4011 2890 4056 tuus
2932 4017 3022 4073 ego
3055 4018 3184 4056 sum.
3225 4001 3407 4072 Neque
3435 4003 3578 4066 enim

2000 4094 2140 4149 bene
2166 4093 2292 4148 mihi
2322 4095 2504 4160 cessit,
2534 4094 2745 4164 quando
2773 4109 2892 4150 esse
2921 4096 3060 4152 volui
3087 4095 3219 4151 liber
3251 4111 3400 4151 meus
3422 4131 3438 4164 ,
3471 4113 3578 4154 non

2002 4198 2193 4239 servus
2217 4193 2354 4238 tuus.
2405 4184 2486 4237 Da
2523 4186 2646 4238 milii
2675 4185 3020 4255 intellectum,
3053 4197 3098 4241 et
3122 4187 3279 4241 sciant
3299 4189 3581 4244 testimonia

2002 4285 2108 4330 tua.
2131 4275 2405 4345 Nunquam
2429 4276 2819 4332 intermittenda
2849 4290 2932 4334 est
2956 4279 3052 4334 ista
3079 4279 3282 4349 petitio.
3305 4279 3419 4336 Non
3437 4281 3577 4336 enim

2001 4367 2201 4424 sufﬁcit
2227 4372 2496 4440 accepisse
2520 4371 2842 4426 intellectum
2868 4411 2882 4438 ,
2918 4384 2972 4428 et
3000 4374 3096 4430 Dei
3118 4374 3415 4431 tcStimonia
3444 4377 3580 4432 didi-

2002 4462 2160 4527 cisse,
2182 4463 2281 4516 nisi
2306 4477 2517 4533 semper
2537 4465 2844 4534 accipiatur,
2870 4475 2922 4520 et
2941 4467 3166 4536 quodam
3192 4468 3350 4522 modo
3370 4483 3580 4538 semper

2002 4553 2212 4609 bibatur
2231 4555 2298 4610 de
2327 4556 2470 4611 fonte
2489 4557 2622 4611 lucis
2648 4567 2882 4612 aeternae.
2902 4559 3228 4623 Testimonia
3245 4563 3437 4633 quippe
3461 4564 3574 4628 Dei,

2003 4655 2202 4714 quanto
2233 4645 2290 4699 ﬁt
2317 4647 2541 4718 quisque
2566 4648 2942 4718 intelligentior
2965 4691 2980 4718 ,
3021 4661 3166 4706 tanto
3194 4653 3359 4724 magis
3385 4656 3582 4726 magis-

2003 4747 2106 4804 que
2133 4734 2392 4789 sciuntur.

2074 4827 2129 4881 7.
2177 4824 2501 4900 [vers.126.]
2544 4827 2777 4899 Tempus,
2811 4831 2998 4902 inquit,
3027 4831 3244 4902 faciendi
3271 4825 3574 4891 Domino.“

2003 4916 2144 4972 enim
2169 4918 2346 4986 plures
2365 4918 2575 4974 codices
2603 4919 2822 4982 habent:
2847 4932 2979 4988 non,
3013 4926 3317 4993 utquidam,
3335 4925 3572 4994 Domine.

2005 5003 2156 5074 Quod
2198 5021 2323 5076 ergo
2367 5015 2596 5076 tempus,
2631 5009 2714 5065 vel
2755 5013 2877 5080 quid
2920 5015 3138 5083 faciendi
3165 5016 3324 5070 voluit
3350 5017 3570 5090 intelligi

2005 5093 2264 5151 Domino?
2309 5095 2438 5152 illud
2466 5099 2677 5167 quidem
2704 5101 2843 5170 quod
2870 5103 3026 5171 paulo
3053 5113 3175 5158 ante
3195 5104 3430 5172 dixerat,
3464 5107 3576 5164 Fac

2005 5202 2122 5239 cum
2150 5201 2290 5240 seruo
2318 5197 2402 5241 tuo
2427 5189 2700 5244 secundum
2738 5191 3129 5244 misericordiam
3166 5203 3302 5246 tuam
3321 5211 3340 5247 :
3365 5193 3466 5250 hoc
3490 5199 3576 5265 fa-

2005 5276 2168 5330 ciendi
2194 5286 2386 5347 tempus
2417 5277 2648 5334 Domino.
2670 5279 2801 5346 Quid
2824 5290 2900 5335 est
2929 5273 3124 5343 autem,
3148 5283 3246 5338 nisi
3270 5285 3436 5354 gratia
3456 5302 3575 5357 quzc

2010 5365 2061 5420 in
2092 5365 2306 5421 Christo
2331 5381 2429 5422 suo
2459 5376 2698 5438 tempore
2728 5369 2952 5422 revelata
2973 5371 3089 5425 est?
3116 5372 3191 5426 De
3214 5388 3320 5444 quo
3337 5384 3576 5448 tempore

2007 5459 2080 5512 ait
2123 5459 2407 5528 Apostolus
2429 5499 2445 5524 ,
2477 5461 2602 5513 Cum
2639 5470 2804 5514 autent
2832 5463 2962 5515 venit
2992 5463 3250 5532 plenitudo
3294 5471 3530 5539 temporis
3555 5507 3571 5537 ,

2009 5551 2142 5606 misit
2165 5549 2297 5604 Deus
2323 5549 2512 5604 Filium
2537 5566 2682 5604 suum
2711 5550 2919 5622 (.Gatat.
2952 5568 3027 5620 tv,
3057 5557 3142 5626 4).
3175 5559 3394 5628 Propter
3434 5564 3574 5633 quod

2009 5643 2132 5698 alibi
2163 5643 2321 5696 etiam
2361 5641 2718 5696 testimonium
2744 5644 3106 5712 prOpheticum
3133 5651 3458 5724 adjuugeus,
3486 5658 3574 5713 ubi

2081 5755 2096 5786 ¹
2123 5753 2196 5803 sic
2215 5757 2322 5801 Mss.
2349 5757 2403 5800 At
2425 5749 2556 5812 Edd.,
2580 5750 2790 5802 dianam
2811 5754 3005 5807 Christi.
3284 5811 3287 5813 _

2939 5840 3382 5928 (Cinqttantezl
