  <div class='ocr_page' id='page_1' title='image "/cluster/home/n/w/nwhite01/storage/ocr_20150623/37/hvd.32044015471477/283.png"; bbox 0 0 4070 6518; ppageno 0'>
   <div class='ocr_carea' id='block_1_1' title="bbox 497 407 635 462">
    <p class='ocr_par' dir='ltr' id='par_1_1' title="bbox 497 407 635 462">
     <span class='ocr_line' id='line_1_1' title="bbox 497 407 635 462; baseline 0.022 -3"><span class='ocrx_word' id='word_1_1' title='bbox 497 407 635 462; x_wconf 74' lang='grc' dir='ltr'><strong>1ἲιῖ9</strong></span> 
     </span>
    </p>
   </div>
   <div class='ocr_carea' id='block_1_2' title="bbox 493 517 2069 588">
    <p class='ocr_par' dir='ltr' id='par_1_2' title="bbox 493 517 2069 588">
     <span class='ocr_line' id='line_1_2' title="bbox 493 517 2069 588; baseline 0 -15"><span class='ocrx_word' id='word_1_2' title='bbox 493 517 627 573; x_wconf 76' lang='lat' dir='ltr'><strong>dixit</strong></span> <span class='ocrx_word' id='word_1_3' title='bbox 649 559 662 581; x_wconf 92' lang='lat'><strong>,</strong></span> <span class='ocrx_word' id='word_1_4' title='bbox 695 517 936 587; x_wconf 79' lang='lat' dir='ltr'><strong>Tempore</strong></span> <span class='ocrx_word' id='word_1_5' title='bbox 957 517 1245 588; x_wconf 65' lang='grc' dir='ltr'><strong>ρει-εμπιὺὶιί</strong></span> <span class='ocrx_word' id='word_1_6' title='bbox 1273 521 1508 574; x_wconf 75' lang='lat' dir='ltr'><strong>exaudiui</strong></span> <span class='ocrx_word' id='word_1_7' title='bbox 1533 530 1599 586; x_wconf 89' lang='lat' dir='ltr'><strong>te,</strong></span> <span class='ocrx_word' id='word_1_8' title='bbox 1637 529 1682 573; x_wconf 89' lang='lat' dir='ltr'><strong>et</strong></span> <span class='ocrx_word' id='word_1_9' title='bbox 1711 522 1764 574; x_wconf 88' lang='lat' dir='ltr'><strong>in</strong></span> <span class='ocrx_word' id='word_1_10' title='bbox 1789 520 1869 574; x_wconf 88' lang='lat' dir='ltr'><strong>die</strong></span> <span class='ocrx_word' id='word_1_11' title='bbox 1889 521 2069 575; x_wconf 85' lang='lat' dir='ltr'><strong>salutis</strong></span> 
     </span>
    </p>
   </div>
   <div class='ocr_carea' id='block_1_3' title="bbox 493 609 2071 680">
    <p class='ocr_par' dir='ltr' id='par_1_3' title="bbox 493 609 2071 680">
     <span class='ocr_line' id='line_1_3' title="bbox 493 609 2071 680; baseline 0.001 -18"><span class='ocrx_word' id='word_1_12' title='bbox 493 610 671 679; x_wconf 86' lang='lat' dir='ltr'><strong>adjuvi</strong></span> <span class='ocrx_word' id='word_1_13' title='bbox 695 621 772 673; x_wconf 87' lang='lat' dir='ltr'><strong>te;</strong></span> <span class='ocrx_word' id='word_1_14' title='bbox 802 609 929 663; x_wconf 75' lang='lat' dir='ltr'><strong>Ecce</strong></span> <span class='ocrx_word' id='word_1_15' title='bbox 956 626 1088 662; x_wconf 88' lang='lat' dir='ltr'><strong>nunc</strong></span> <span class='ocrx_word' id='word_1_16' title='bbox 1106 651 1120 673; x_wconf 90' lang='lat'><strong>,</strong></span> <span class='ocrx_word' id='word_1_17' title='bbox 1154 609 1338 678; x_wconf 85' lang='lat' dir='ltr'><strong>inquit,</strong></span> <span class='ocrx_word' id='word_1_18' title='bbox 1371 619 1564 680; x_wconf 84' lang='lat' dir='ltr'><strong>tempus</strong></span> <span class='ocrx_word' id='word_1_19' title='bbox 1592 611 1918 680; x_wconf 86' lang='lat' dir='ltr'><strong>acceptabile,</strong></span> <span class='ocrx_word' id='word_1_20' title='bbox 1957 625 2071 664; x_wconf 82' lang='lat' dir='ltr'><strong>ecce</strong></span> 
     </span>
    </p>
   </div>
   <div class='ocr_carea' id='block_1_4' title="bbox 487 699 2070 773">
    <p class='ocr_par' dir='ltr' id='par_1_4' title="bbox 487 699 2070 773">
     <span class='ocr_line' id='line_1_4' title="bbox 487 699 2070 773; baseline -0.001 -17"><span class='ocrx_word' id='word_1_21' title='bbox 487 717 624 756; x_wconf 80' lang='lat' dir='ltr'><strong>nunc</strong></span> <span class='ocrx_word' id='word_1_22' title='bbox 637 701 740 755; x_wconf 82' lang='lat' dir='ltr'><strong>dies</strong></span> <span class='ocrx_word' id='word_1_23' title='bbox 755 703 935 754; x_wconf 84' lang='lat' dir='ltr'><strong>salutis</strong></span> <span class='ocrx_word' id='word_1_24' title='bbox 951 699 1102 769; x_wconf 85' lang='lat' dir='ltr'><strong>(lsai.</strong></span> <span class='ocrx_word' id='word_1_25' title='bbox 1123 717 1267 768; x_wconf 71' lang='lat' dir='ltr'><strong>ms,</strong></span> <span class='ocrx_word' id='word_1_26' title='bbox 1287 702 1340 766; x_wconf 91' lang='lat'><strong>8;</strong></span> <span class='ocrx_word' id='word_1_27' title='bbox 1360 700 1399 756; x_wconf 88' lang='lat' dir='ltr'><strong>ll</strong></span> <span class='ocrx_word' id='word_1_28' title='bbox 1424 700 1618 769; x_wconf 77' lang='lat' dir='ltr'><strong>Cor.v1,</strong></span> <span class='ocrx_word' id='word_1_29' title='bbox 1637 703 1714 773; x_wconf 67' lang='lat' dir='ltr'><strong>Et).</strong></span> <span class='ocrx_word' id='word_1_30' title='bbox 1731 703 1834 758; x_wconf 87' lang='lat' dir='ltr'><strong>Sed</strong></span> <span class='ocrx_word' id='word_1_31' title='bbox 1851 702 1971 773; x_wconf 92' lang='lat' dir='ltr'><strong>quid</strong></span> <span class='ocrx_word' id='word_1_32' title='bbox 1990 711 2070 756; x_wconf 85' lang='lat' dir='ltr'><strong>est</strong></span> 
     </span>
    </p>
   </div>
   <div class='ocr_carea' id='block_1_5' title="bbox 484 792 2070 862">
    <p class='ocr_par' dir='ltr' id='par_1_5' title="bbox 484 792 2070 862">
     <span class='ocr_line' id='line_1_5' title="bbox 484 792 2070 862; baseline 0.001 -18"><span class='ocrx_word' id='word_1_33' title='bbox 484 793 625 860; x_wconf 91' lang='lat' dir='ltr'><strong>quod</strong></span> <span class='ocrx_word' id='word_1_34' title='bbox 649 801 892 861; x_wconf 85' lang='lat' dir='ltr'><strong>tanquam</strong></span> <span class='ocrx_word' id='word_1_35' title='bbox 914 793 1093 846; x_wconf 87' lang='lat' dir='ltr'><strong>volens</strong></span> <span class='ocrx_word' id='word_1_36' title='bbox 1111 792 1394 848; x_wconf 88' lang='lat' dir='ltr'><strong>ostendere</strong></span> <span class='ocrx_word' id='word_1_37' title='bbox 1408 803 1614 862; x_wconf 88' lang='lat' dir='ltr'><strong>tempus</strong></span> <span class='ocrx_word' id='word_1_38' title='bbox 1629 794 1850 846; x_wconf 90' lang='lat' dir='ltr'><strong>Domino</strong></span> <span class='ocrx_word' id='word_1_39' title='bbox 1862 808 1980 847; x_wconf 88' lang='lat' dir='ltr'><strong>esse</strong></span> <span class='ocrx_word' id='word_1_40' title='bbox 1993 792 2070 846; x_wconf 82' lang='lat' dir='ltr'><strong>la-</strong></span> 
     </span>
    </p>
   </div>
   <div class='ocr_carea' id='block_1_6' title="bbox 482 882 2066 954">
    <p class='ocr_par' dir='ltr' id='par_1_6' title="bbox 482 882 2066 954">
     <span class='ocr_line' id='line_1_6' title="bbox 482 882 2066 954; baseline -0.001 -16"><span class='ocrx_word' id='word_1_41' title='bbox 482 884 680 946; x_wconf 86' lang='lat' dir='ltr'><strong>cicndi,</strong></span> <span class='ocrx_word' id='word_1_42' title='bbox 704 885 956 939; x_wconf 89' lang='lat' dir='ltr'><strong>continuo</strong></span> <span class='ocrx_word' id='word_1_43' title='bbox 976 883 1267 951; x_wconf 67' lang='lat' dir='ltr'><strong>SillijUitXil,</strong></span> <span class='ocrx_word' id='word_1_44' title='bbox 1298 882 1686 952; x_wconf 77' lang='lat' dir='ltr'><strong>Dissiparerunt</strong></span> <span class='ocrx_word' id='word_1_45' title='bbox 1712 885 1867 954; x_wconf 80' lang='lat' dir='ltr'><strong>legem</strong></span> <span class='ocrx_word' id='word_1_46' title='bbox 1893 893 2066 937; x_wconf 78' lang='lat' dir='ltr'><strong>litant:</strong></span> 
     </span>
    </p>
   </div>
   <div class='ocr_carea' id='block_1_7' title="bbox 487 973 2066 1044">
    <p class='ocr_par' dir='ltr' id='par_1_7' title="bbox 487 973 2066 1044">
     <span class='ocr_line' id='line_1_7' title="bbox 487 973 2066 1044; baseline 0.003 -21"><span class='ocrx_word' id='word_1_47' title='bbox 487 973 632 1027; x_wconf 85' lang='lat' dir='ltr'><strong>velut</strong></span> <span class='ocrx_word' id='word_1_48' title='bbox 659 983 936 1043; x_wconf 89' lang='lat' dir='ltr'><strong>pr0pterea</strong></span> <span class='ocrx_word' id='word_1_49' title='bbox 970 983 1178 1044; x_wconf 97' lang='lat' dir='ltr'><strong>tempus</strong></span> <span class='ocrx_word' id='word_1_50' title='bbox 1203 983 1348 1030; x_wconf 89' lang='lat' dir='ltr'><strong>esset</strong></span> <span class='ocrx_word' id='word_1_51' title='bbox 1395 973 1623 1030; x_wconf 74' lang='lat' dir='ltr'><strong>faciendi</strong></span> <span class='ocrx_word' id='word_1_52' title='bbox 1659 975 1900 1040; x_wconf 90' lang='lat' dir='ltr'><strong>Domino,</strong></span> <span class='ocrx_word' id='word_1_53' title='bbox 1943 974 2066 1044; x_wconf 84' lang='lat' dir='ltr'><strong>quia</strong></span> 
     </span>
    </p>
   </div>
   <div class='ocr_carea' id='block_1_8' title="bbox 489 1063 2065 1135">
    <p class='ocr_par' dir='ltr' id='par_1_8' title="bbox 489 1063 2065 1135">
     <span class='ocr_line' id='line_1_8' title="bbox 489 1063 2065 1135; baseline 0 -17"><span class='ocrx_word' id='word_1_54' title='bbox 489 1064 604 1134; x_wconf 84' lang='lat' dir='ltr'><strong>ejus</strong></span> <span class='ocrx_word' id='word_1_55' title='bbox 635 1064 805 1134; x_wconf 90' lang='lat' dir='ltr'><strong>legem</strong></span> <span class='ocrx_word' id='word_1_56' title='bbox 833 1064 1226 1134; x_wconf 85' lang='lat' dir='ltr'><strong>dissipaverunt</strong></span> <span class='ocrx_word' id='word_1_57' title='bbox 1250 1065 1486 1134; x_wconf 82' lang='lat' dir='ltr'><strong>superbi,</strong></span> <span class='ocrx_word' id='word_1_58' title='bbox 1520 1065 1608 1135; x_wconf 87' lang='lat' dir='ltr'><strong>qui</strong></span> <span class='ocrx_word' id='word_1_59' title='bbox 1642 1066 1942 1135; x_wconf 86' lang='lat' dir='ltr'><strong>ignorantes</strong></span> <span class='ocrx_word' id='word_1_60' title='bbox 1971 1063 2065 1118; x_wconf 90' lang='lat' dir='ltr'><strong>Dei</strong></span> 
     </span>
    </p>
   </div>
   <div class='ocr_carea' id='block_1_9' title="bbox 487 1152 2067 1224">
    <p class='ocr_par' dir='ltr' id='par_1_9' title="bbox 487 1152 2067 1224">
     <span class='ocr_line' id='line_1_9' title="bbox 487 1152 2067 1224; baseline 0 -16"><span class='ocrx_word' id='word_1_61' title='bbox 487 1155 732 1217; x_wconf 79' lang='lat' dir='ltr'><strong>iustitiam</strong></span> <span class='ocrx_word' id='word_1_62' title='bbox 773 1165 826 1210; x_wconf 92' lang='lat' dir='ltr'><strong>et</strong></span> <span class='ocrx_word' id='word_1_63' title='bbox 869 1171 1018 1209; x_wconf 90' lang='lat' dir='ltr'><strong>suam</strong></span> <span class='ocrx_word' id='word_1_64' title='bbox 1058 1156 1298 1210; x_wconf 81' lang='lat' dir='ltr'><strong>volentes</strong></span> <span class='ocrx_word' id='word_1_65' title='bbox 1337 1155 1698 1221; x_wconf 89' lang='lat' dir='ltr'><strong>constituere,</strong></span> <span class='ocrx_word' id='word_1_66' title='bbox 1727 1154 1942 1224; x_wconf 68' lang='lat' dir='ltr'><strong>justitia:</strong></span> <span class='ocrx_word' id='word_1_67' title='bbox 1972 1152 2067 1208; x_wconf 71' lang='lat' dir='ltr'><strong>Dt&#39;i</strong></span> 
     </span>
    </p>
   </div>
   <div class='ocr_carea' id='block_1_10' title="bbox 487 1240 2066 1320">
    <p class='ocr_par' dir='ltr' id='par_1_10' title="bbox 487 1240 2066 1320">
     <span class='ocr_line' id='line_1_10' title="bbox 487 1240 2066 1320; baseline -0.002 -20"><span class='ocrx_word' id='word_1_68' title='bbox 487 1265 587 1302; x_wconf 87' lang='lat' dir='ltr'><strong>non</strong></span> <span class='ocrx_word' id='word_1_69' title='bbox 620 1259 743 1303; x_wconf 87' lang='lat' dir='ltr'><strong>sunt</strong></span> <span class='ocrx_word' id='word_1_70' title='bbox 763 1247 984 1318; x_wconf 87' lang='lat' dir='ltr'><strong>subjecti</strong></span> <span class='ocrx_word' id='word_1_71' title='bbox 1013 1240 1186 1318; x_wconf 75' lang='lat' dir='ltr'><strong>(ﬂant.</strong></span> <span class='ocrx_word' id='word_1_72' title='bbox 1219 1264 1272 1315; x_wconf 75' lang='grc' dir='ltr'><strong>χ,</strong></span> <span class='ocrx_word' id='word_1_73' title='bbox 1306 1245 1361 1320; x_wconf 79' lang='grc'>5)</span> <span class='ocrx_word' id='word_1_74' title='bbox 1384 1248 1406 1302; x_wconf 92' lang='lat'><strong>?</strong></span> <span class='ocrx_word' id='word_1_75' title='bbox 1432 1247 1567 1315; x_wconf 82' lang='lat' dir='ltr'><strong>Quid</strong></span> <span class='ocrx_word' id='word_1_76' title='bbox 1595 1256 1677 1302; x_wconf 87' lang='lat' dir='ltr'><strong>est</strong></span> <span class='ocrx_word' id='word_1_77' title='bbox 1705 1247 1872 1309; x_wconf 87' lang='lat' dir='ltr'><strong>enim,</strong></span> <span class='ocrx_word' id='word_1_78' title='bbox 1894 1244 2066 1298; x_wconf 84' lang='lat' dir='ltr'><strong>Dissi-</strong></span> 
     </span>
    </p>
   </div>
   <div class='ocr_carea' id='block_1_11' title="bbox 487 1338 2061 1414">
    <p class='ocr_par' dir='ltr' id='par_1_11' title="bbox 487 1338 2061 1414">
     <span class='ocr_line' id='line_1_11' title="bbox 487 1338 2061 1414; baseline -0.004 -18"><span class='ocrx_word' id='word_1_79' title='bbox 487 1353 733 1414; x_wconf 84' lang='lat' dir='ltr'><strong>paverunt</strong></span> <span class='ocrx_word' id='word_1_80' title='bbox 756 1342 913 1412; x_wconf 82' lang='lat' dir='ltr'><strong>legem</strong></span> <span class='ocrx_word' id='word_1_81' title='bbox 939 1352 1102 1407; x_wconf 87' lang='lat' dir='ltr'><strong>tuam,</strong></span> <span class='ocrx_word' id='word_1_82' title='bbox 1132 1341 1253 1406; x_wconf 85' lang='lat' dir='ltr'><strong>nisi,</strong></span> <span class='ocrx_word' id='word_1_83' title='bbox 1287 1340 1742 1396; x_wconf 70' lang='lat' dir='ltr'><strong>PraivariCationis</strong></span> <span class='ocrx_word' id='word_1_84' title='bbox 1769 1338 2061 1408; x_wconf 84' lang='lat' dir='ltr'><strong>iniquitate,</strong></span> 
     </span>
    </p>
   </div>
   <div class='ocr_carea' id='block_1_12' title="bbox 485 1429 2064 1503">
    <p class='ocr_par' dir='ltr' id='par_1_12' title="bbox 485 1429 2064 1503">
     <span class='ocr_line' id='line_1_12' title="bbox 485 1429 2064 1503; baseline -0.003 -17"><span class='ocrx_word' id='word_1_85' title='bbox 485 1433 596 1502; x_wconf 85' lang='lat' dir='ltr'><strong>ejus</strong></span> <span class='ocrx_word' id='word_1_86' title='bbox 637 1434 993 1503; x_wconf 85' lang='lat' dir='ltr'><strong>integritatem</strong></span> <span class='ocrx_word' id='word_1_87' title='bbox 1029 1449 1132 1486; x_wconf 92' lang='lat' dir='ltr'><strong>non</strong></span> <span class='ocrx_word' id='word_1_88' title='bbox 1179 1431 1587 1487; x_wconf 87' lang='lat' dir='ltr'><strong>custodierunt?</strong></span> <span class='ocrx_word' id='word_1_89' title='bbox 1622 1429 1909 1500; x_wconf 85' lang='lat' dir='ltr'><strong>Oportebat</strong></span> <span class='ocrx_word' id='word_1_90' title='bbox 1935 1443 2064 1498; x_wconf 87' lang='lat' dir='ltr'><strong>ergo</strong></span> 
     </span>
    </p>
   </div>
   <div class='ocr_carea' id='block_1_13' title="bbox 484 1518 2063 1594">
    <p class='ocr_par' dir='ltr' id='par_1_13' title="bbox 484 1518 2063 1594">
     <span class='ocr_line' id='line_1_13' title="bbox 484 1518 2063 1594; baseline -0.003 -17"><span class='ocrx_word' id='word_1_91' title='bbox 484 1533 539 1577; x_wconf 93' lang='lat' dir='ltr'><strong>ut</strong></span> <span class='ocrx_word' id='word_1_92' title='bbox 566 1524 808 1594; x_wconf 80' lang='lat' dir='ltr'><strong>superbis</strong></span> <span class='ocrx_word' id='word_1_93' title='bbox 835 1532 888 1578; x_wconf 89' lang='lat' dir='ltr'><strong>et</strong></span> <span class='ocrx_word' id='word_1_94' title='bbox 918 1523 985 1579; x_wconf 90' lang='lat' dir='ltr'><strong>de</strong></span> <span class='ocrx_word' id='word_1_95' title='bbox 1015 1523 1256 1579; x_wconf 84' lang='lat' dir='ltr'><strong>libertate</strong></span> <span class='ocrx_word' id='word_1_96' title='bbox 1282 1522 1362 1576; x_wconf 91' lang='lat' dir='ltr'><strong>sui</strong></span> <span class='ocrx_word' id='word_1_97' title='bbox 1391 1521 1594 1576; x_wconf 85' lang='lat' dir='ltr'><strong>arbitrii</strong></span> <span class='ocrx_word' id='word_1_98' title='bbox 1624 1518 2063 1591; x_wconf 67' lang='lat' dir='ltr'><strong>prtesumentibus</strong></span> 
     </span>
    </p>
   </div>
   <div class='ocr_carea' id='block_1_14' title="bbox 479 1603 2063 1686">
    <p class='ocr_par' dir='ltr' id='par_1_14' title="bbox 479 1603 2063 1686">
     <span class='ocr_line' id='line_1_14' title="bbox 479 1603 2063 1686; baseline -0.004 -16"><span class='ocrx_word' id='word_1_99' title='bbox 479 1616 565 1670; x_wconf 80' lang='lat' dir='ltr'><strong>lex</strong></span> <span class='ocrx_word' id='word_1_100' title='bbox 593 1615 811 1670; x_wconf 83' lang='lat' dir='ltr'><strong>daretur</strong></span> <span class='ocrx_word' id='word_1_101' title='bbox 837 1657 852 1681; x_wconf 93' lang='lat'><strong>,</strong></span> <span class='ocrx_word' id='word_1_102' title='bbox 885 1630 986 1686; x_wconf 87' lang='lat' dir='ltr'><strong>qua</strong></span> <span class='ocrx_word' id='word_1_103' title='bbox 1016 1615 1356 1684; x_wconf 65' lang='lat' dir='ltr'><strong>praivaricata</strong></span> <span class='ocrx_word' id='word_1_104' title='bbox 1401 1613 1719 1683; x_wconf 85' lang='lat' dir='ltr'><strong>quicumque</strong></span> <span class='ocrx_word' id='word_1_105' title='bbox 1760 1603 2063 1681; x_wconf 79' lang='lat' dir='ltr'><strong>compuncti</strong></span> 
     </span>
    </p>
   </div>
   <div class='ocr_carea' id='block_1_15' title="bbox 478 1701 2061 1776">
    <p class='ocr_par' dir='ltr' id='par_1_15' title="bbox 478 1701 2061 1776">
     <span class='ocr_line' id='line_1_15' title="bbox 478 1701 2061 1776; baseline -0.004 -14"><span class='ocrx_word' id='word_1_106' title='bbox 478 1707 904 1772; x_wconf 85' lang='lat' dir='ltr'><strong>humiliarcntur,</strong></span> <span class='ocrx_word' id='word_1_107' title='bbox 948 1722 1051 1761; x_wconf 92' lang='lat' dir='ltr'><strong>non</strong></span> <span class='ocrx_word' id='word_1_108' title='bbox 1071 1707 1179 1776; x_wconf 87' lang='lat' dir='ltr'><strong>jam</strong></span> <span class='ocrx_word' id='word_1_109' title='bbox 1214 1721 1306 1776; x_wconf 89' lang='lat' dir='ltr'><strong>per</strong></span> <span class='ocrx_word' id='word_1_110' title='bbox 1335 1706 1527 1773; x_wconf 75' lang='lat' dir='ltr'><strong>legem,</strong></span> <span class='ocrx_word' id='word_1_111' title='bbox 1561 1705 1654 1760; x_wconf 90' lang='lat' dir='ltr'><strong>sed</strong></span> <span class='ocrx_word' id='word_1_112' title='bbox 1685 1720 1780 1775; x_wconf 87' lang='lat' dir='ltr'><strong>per</strong></span> <span class='ocrx_word' id='word_1_113' title='bbox 1808 1703 1964 1758; x_wconf 89' lang='lat' dir='ltr'><strong>ﬁdem</strong></span> <span class='ocrx_word' id='word_1_114' title='bbox 1995 1701 2061 1757; x_wconf 91' lang='lat' dir='ltr'><strong>ad</strong></span> 
     </span>
    </p>
   </div>
   <div class='ocr_carea' id='block_1_16' title="bbox 477 1794 2058 1868">
    <p class='ocr_par' dir='ltr' id='par_1_16' title="bbox 477 1794 2058 1868">
     <span class='ocr_line' id='line_1_16' title="bbox 477 1794 2058 1868; baseline -0.003 -15"><span class='ocrx_word' id='word_1_115' title='bbox 477 1799 879 1854; x_wconf 84' lang='lat' dir='ltr'><strong>subvenieutem</strong></span> <span class='ocrx_word' id='word_1_116' title='bbox 901 1806 1181 1853; x_wconf 88' lang='lat' dir='ltr'><strong>currerent</strong></span> <span class='ocrx_word' id='word_1_117' title='bbox 1207 1797 1456 1868; x_wconf 76' lang='lat' dir='ltr'><strong>gratiam.</strong></span> <span class='ocrx_word' id='word_1_118' title='bbox 1491 1796 1748 1867; x_wconf 85' lang='lat' dir='ltr'><strong>Dissipata</strong></span> <span class='ocrx_word' id='word_1_119' title='bbox 1777 1810 1903 1865; x_wconf 88' lang='lat' dir='ltr'><strong>ergo</strong></span> <span class='ocrx_word' id='word_1_120' title='bbox 1924 1794 2058 1864; x_wconf 83' lang='lat' dir='ltr'><strong>lege,</strong></span> 
     </span>
    </p>
   </div>
   <div class='ocr_carea' id='block_1_17' title="bbox 476 1885 2061 1960">
    <p class='ocr_par' dir='ltr' id='par_1_17' title="bbox 476 1885 2061 1960">
     <span class='ocr_line' id='line_1_17' title="bbox 476 1885 2061 1960; baseline -0.004 -16"><span class='ocrx_word' id='word_1_121' title='bbox 476 1901 687 1960; x_wconf 88' lang='lat' dir='ltr'><strong>tempus</strong></span> <span class='ocrx_word' id='word_1_122' title='bbox 727 1889 827 1945; x_wconf 82' lang='lat' dir='ltr'><strong>fuit</strong></span> <span class='ocrx_word' id='word_1_123' title='bbox 860 1899 916 1944; x_wconf 89' lang='lat' dir='ltr'><strong>ut</strong></span> <span class='ocrx_word' id='word_1_124' title='bbox 953 1905 1048 1958; x_wconf 90' lang='lat' dir='ltr'><strong>per</strong></span> <span class='ocrx_word' id='word_1_125' title='bbox 1072 1889 1397 1960; x_wconf 77' lang='lat' dir='ltr'><strong>unigenitum</strong></span> <span class='ocrx_word' id='word_1_126' title='bbox 1426 1887 1615 1942; x_wconf 88' lang='lat' dir='ltr'><strong>Filium</strong></span> <span class='ocrx_word' id='word_1_127' title='bbox 1645 1887 1734 1941; x_wconf 86' lang='lat' dir='ltr'><strong>Dei</strong></span> <span class='ocrx_word' id='word_1_128' title='bbox 1761 1885 2061 1942; x_wconf 78' lang='lat' dir='ltr'><strong>misericor-</strong></span> 
     </span>
    </p>
   </div>
   <div class='ocr_carea' id='block_1_18' title="bbox 475 1975 2062 2044">
    <p class='ocr_par' dir='ltr' id='par_1_18' title="bbox 475 1975 2062 2044">
     <span class='ocr_line' id='line_1_18' title="bbox 475 1975 2062 2044; baseline -0.002 -9"><span class='ocrx_word' id='word_1_129' title='bbox 475 1983 560 2036; x_wconf 93' lang='lat' dir='ltr'><strong>dia</strong></span> <span class='ocrx_word' id='word_1_130' title='bbox 596 1983 916 2037; x_wconf 88' lang='lat' dir='ltr'><strong>mitteretur.</strong></span> <span class='ocrx_word' id='word_1_131' title='bbox 952 1981 1056 2035; x_wconf 76' lang='lat' dir='ltr'><strong>Lex</strong></span> <span class='ocrx_word' id='word_1_132' title='bbox 1101 1983 1242 2035; x_wconf 91' lang='lat' dir='ltr'><strong>enim</strong></span> <span class='ocrx_word' id='word_1_133' title='bbox 1285 1979 1620 2044; x_wconf 75' lang='lat' dir='ltr'><strong>subintravit,</strong></span> <span class='ocrx_word' id='word_1_134' title='bbox 1672 1987 1728 2032; x_wconf 94' lang='lat' dir='ltr'><strong>ut</strong></span> <span class='ocrx_word' id='word_1_135' title='bbox 1768 1975 2062 2032; x_wconf 86' lang='lat' dir='ltr'><strong>abundaret</strong></span> 
     </span>
    </p>
   </div>
   <div class='ocr_carea' id='block_1_19' title="bbox 475 2072 2060 2142">
    <p class='ocr_par' dir='ltr' id='par_1_19' title="bbox 475 2072 2060 2142">
     <span class='ocr_line' id='line_1_19' title="bbox 475 2072 2060 2142; baseline -0.002 -16"><span class='ocrx_word' id='word_1_136' title='bbox 475 2073 723 2128; x_wconf 84' lang='lat' dir='ltr'><strong>delicmm</strong></span> <span class='ocrx_word' id='word_1_137' title='bbox 751 2090 763 2124; x_wconf 87' lang='lat'><strong>:</strong></span> <span class='ocrx_word' id='word_1_138' title='bbox 796 2089 900 2142; x_wconf 84' lang='lat' dir='ltr'><strong>quo</strong></span> <span class='ocrx_word' id='word_1_139' title='bbox 923 2072 1118 2127; x_wconf 88' lang='lat' dir='ltr'><strong>delicto</strong></span> <span class='ocrx_word' id='word_1_140' title='bbox 1147 2073 1230 2127; x_wconf 78' lang='lat' dir='ltr'><strong>lex</strong></span> <span class='ocrx_word' id='word_1_141' title='bbox 1259 2072 1510 2141; x_wconf 89' lang='lat' dir='ltr'><strong>dissipata</strong></span> <span class='ocrx_word' id='word_1_142' title='bbox 1548 2079 1628 2125; x_wconf 78' lang='lat' dir='ltr'><strong>est</strong></span> <span class='ocrx_word' id='word_1_143' title='bbox 1648 2085 1661 2134; x_wconf 93' lang='lat'><strong>;</strong></span> <span class='ocrx_word' id='word_1_144' title='bbox 1685 2079 1738 2124; x_wconf 89' lang='lat' dir='ltr'><strong>et</strong></span> <span class='ocrx_word' id='word_1_145' title='bbox 1764 2079 2060 2140; x_wconf 85' lang='lat' dir='ltr'><strong>opportuno</strong></span> 
     </span>
    </p>
   </div>
   <div class='ocr_carea' id='block_1_20' title="bbox 473 2161 2062 2236">
    <p class='ocr_par' dir='ltr' id='par_1_20' title="bbox 473 2161 2062 2236">
     <span class='ocr_line' id='line_1_20' title="bbox 473 2161 2062 2236; baseline -0.003 -16"><span class='ocrx_word' id='word_1_146' title='bbox 473 2165 580 2235; x_wconf 80' lang='lat' dir='ltr'><strong>iam</strong></span> <span class='ocrx_word' id='word_1_147' title='bbox 627 2174 865 2236; x_wconf 87' lang='lat' dir='ltr'><strong>tempore</strong></span> <span class='ocrx_word' id='word_1_148' title='bbox 923 2164 1166 2219; x_wconf 84' lang='lat' dir='ltr'><strong>Christus</strong></span> <span class='ocrx_word' id='word_1_149' title='bbox 1210 2163 1424 2219; x_wconf 65' lang='lat' dir='ltr'><strong>adieuit</strong></span> <span class='ocrx_word' id='word_1_150' title='bbox 1454 2204 1469 2229; x_wconf 94' lang='lat'><strong>,</strong></span> <span class='ocrx_word' id='word_1_151' title='bbox 1527 2171 1586 2217; x_wconf 94' lang='lat' dir='ltr'><strong>ut</strong></span> <span class='ocrx_word' id='word_1_152' title='bbox 1638 2163 1724 2217; x_wconf 92' lang='lat' dir='ltr'><strong>ubi</strong></span> <span class='ocrx_word' id='word_1_153' title='bbox 1777 2161 2062 2216; x_wconf 70' lang='lat' dir='ltr'><strong>abundavit</strong></span> 
     </span>
    </p>
   </div>
   <div class='ocr_carea' id='block_1_21' title="bbox 473 2253 1749 2326">
    <p class='ocr_par' dir='ltr' id='par_1_21' title="bbox 473 2253 1749 2326">
     <span class='ocr_line' id='line_1_21' title="bbox 473 2253 1749 2326; baseline -0.002 -16"><span class='ocrx_word' id='word_1_154' title='bbox 473 2257 745 2322; x_wconf 82' lang='lat' dir='ltr'><strong>delictum,</strong></span> <span class='ocrx_word' id='word_1_155' title='bbox 769 2255 1224 2326; x_wconf 90' lang='lat' dir='ltr'><strong>superabundaret</strong></span> <span class='ocrx_word' id='word_1_156' title='bbox 1244 2256 1410 2326; x_wconf 89' lang='lat' dir='ltr'><strong>gratia</strong></span> <span class='ocrx_word' id='word_1_157' title='bbox 1439 2254 1544 2326; x_wconf 85' lang='lat' dir='ltr'><strong>(ld.</strong></span> <span class='ocrx_word' id='word_1_158' title='bbox 1563 2271 1614 2319; x_wconf 77' lang='grc' dir='ltr'><strong>ν,</strong></span> <span class='ocrx_word' id='word_1_159' title='bbox 1633 2253 1749 2325; x_wconf 70' lang='grc'><strong>20).</strong></span> 
     </span>
    </p>
   </div>
   <div class='ocr_carea' id='block_1_22' title="bbox 543 2346 2060 2421">
    <p class='ocr_par' dir='ltr' id='par_1_22' title="bbox 543 2346 2060 2421">
     <span class='ocr_line' id='line_1_22' title="bbox 543 2346 2060 2421; baseline -0.005 -17"><span class='ocrx_word' id='word_1_160' title='bbox 543 2350 596 2404; x_wconf 88' lang='grc'><strong>8.</strong></span> <span class='ocrx_word' id='word_1_161' title='bbox 642 2346 791 2420; x_wconf 81' lang='lat' dir='ltr'><strong>[vers.</strong></span> <span class='ocrx_word' id='word_1_162' title='bbox 824 2348 972 2421; x_wconf 71' lang='lat'><strong>127.]</strong></span> <span class='ocrx_word' id='word_1_163' title='bbox 1003 2347 1146 2416; x_wconf 86' lang='lat' dir='ltr'><strong>Itleo,</strong></span> <span class='ocrx_word' id='word_1_164' title='bbox 1182 2349 1372 2418; x_wconf 90' lang='lat' dir='ltr'><strong>inquit,</strong></span> <span class='ocrx_word' id='word_1_165' title='bbox 1404 2347 1557 2402; x_wconf 75' lang='lat' dir='ltr'><strong>dilexi</strong></span> <span class='ocrx_word' id='word_1_166' title='bbox 1587 2347 1826 2400; x_wconf 84' lang='lat' dir='ltr'><strong>mandata</strong></span> <span class='ocrx_word' id='word_1_167' title='bbox 1857 2355 1943 2399; x_wconf 88' lang='lat' dir='ltr'><strong>tua</strong></span> <span class='ocrx_word' id='word_1_168' title='bbox 1971 2361 2060 2398; x_wconf 84' lang='lat' dir='ltr'><strong>su-</strong></span> 
     </span>
    </p>
   </div>
   <div class='ocr_carea' id='block_1_23' title="bbox 470 2435 2060 2510">
    <p class='ocr_par' dir='ltr' id='par_1_23' title="bbox 470 2435 2060 2510">
     <span class='ocr_line' id='line_1_23' title="bbox 470 2435 2060 2510; baseline -0.003 -17"><span class='ocrx_word' id='word_1_169' title='bbox 470 2455 557 2510; x_wconf 92' lang='lat' dir='ltr'><strong>per</strong></span> <span class='ocrx_word' id='word_1_170' title='bbox 597 2456 780 2493; x_wconf 76' lang='lat' dir='ltr'><strong>aurum</strong></span> <span class='ocrx_word' id='word_1_171' title='bbox 821 2449 868 2493; x_wconf 86' lang='lat' dir='ltr'><strong>et</strong></span> <span class='ocrx_word' id='word_1_172' title='bbox 913 2441 1170 2508; x_wconf 76' lang='lat' dir='ltr'><strong>tapozion.</strong></span> <span class='ocrx_word' id='word_1_173' title='bbox 1217 2439 1272 2494; x_wconf 90' lang='lat' dir='ltr'><strong>ld</strong></span> <span class='ocrx_word' id='word_1_174' title='bbox 1308 2439 1413 2508; x_wconf 85' lang='lat' dir='ltr'><strong>agit</strong></span> <span class='ocrx_word' id='word_1_175' title='bbox 1441 2437 1644 2509; x_wconf 89' lang='lat' dir='ltr'><strong>gratia,</strong></span> <span class='ocrx_word' id='word_1_176' title='bbox 1683 2446 1740 2491; x_wconf 91' lang='lat' dir='ltr'><strong>ut</strong></span> <span class='ocrx_word' id='word_1_177' title='bbox 1775 2435 2060 2490; x_wconf 87' lang='lat' dir='ltr'><strong>dilectione</strong></span> 
     </span>
    </p>
   </div>
   <div class='ocr_carea' id='block_1_24' title="bbox 476 2517 2054 2602">
    <p class='ocr_par' dir='ltr' id='par_1_24' title="bbox 476 2517 2054 2602">
     <span class='ocr_line' id='line_1_24' title="bbox 476 2517 2054 2602; baseline -0.001 -18"><span class='ocrx_word' id='word_1_178' title='bbox 476 2524 803 2601; x_wconf 66' lang='lat' dir='ltr'><strong>impleantur</strong></span> <span class='ocrx_word' id='word_1_179' title='bbox 830 2531 1074 2586; x_wconf 88' lang='lat' dir='ltr'><strong>mandata</strong></span> <span class='ocrx_word' id='word_1_180' title='bbox 1106 2532 1230 2595; x_wconf 89' lang='lat' dir='ltr'><strong>Dei,</strong></span> <span class='ocrx_word' id='word_1_181' title='bbox 1258 2547 1376 2602; x_wconf 75' lang='lat' dir='ltr'><strong>qum</strong></span> <span class='ocrx_word' id='word_1_182' title='bbox 1417 2532 1605 2586; x_wconf 89' lang='lat' dir='ltr'><strong>timore</strong></span> <span class='ocrx_word' id='word_1_183' title='bbox 1645 2545 1748 2584; x_wconf 91' lang='lat' dir='ltr'><strong>non</strong></span> <span class='ocrx_word' id='word_1_184' title='bbox 1792 2517 2054 2598; x_wconf 80' lang='lat' dir='ltr'><strong>poterant.</strong></span> 
     </span>
    </p>
   </div>
   <div class='ocr_carea' id='block_1_25' title="bbox 470 2623 2058 2697">
    <p class='ocr_par' dir='ltr' id='par_1_25' title="bbox 470 2623 2058 2697">
     <span class='ocr_line' id='line_1_25' title="bbox 470 2623 2058 2697; baseline -0.005 -15"><span class='ocrx_word' id='word_1_185' title='bbox 470 2625 652 2682; x_wconf 78' lang='lat' dir='ltr'><strong>Gratia</strong></span> <span class='ocrx_word' id='word_1_186' title='bbox 679 2627 874 2697; x_wconf 84' lang='lat' dir='ltr'><strong>quippe</strong></span> <span class='ocrx_word' id='word_1_187' title='bbox 903 2627 994 2680; x_wconf 89' lang='lat' dir='ltr'><strong>Dei</strong></span> <span class='ocrx_word' id='word_1_188' title='bbox 1025 2624 1328 2690; x_wconf 76' lang='lat' dir='ltr'><strong>(li/funditur</strong></span> <span class='ocrx_word' id='word_1_189' title='bbox 1353 2625 1573 2678; x_wconf 84' lang='lat' dir='ltr'><strong>clmritas</strong></span> <span class='ocrx_word' id='word_1_190' title='bbox 1606 2624 1658 2678; x_wconf 89' lang='lat' dir='ltr'><strong>in</strong></span> <span class='ocrx_word' id='word_1_191' title='bbox 1681 2623 1923 2677; x_wconf 70' lang='lat' dir='ltr'><strong>cordibus</strong></span> <span class='ocrx_word' id='word_1_192' title='bbox 1962 2635 2058 2675; x_wconf 86' lang='lat' dir='ltr'><strong>no-</strong></span> 
     </span>
    </p>
   </div>
   <div class='ocr_carea' id='block_1_26' title="bbox 469 2715 2053 2789">
    <p class='ocr_par' dir='ltr' id='par_1_26' title="bbox 469 2715 2053 2789">
     <span class='ocr_line' id='line_1_26' title="bbox 469 2715 2053 2789; baseline -0.001 -20"><span class='ocrx_word' id='word_1_193' title='bbox 469 2718 584 2772; x_wconf 78' lang='lat' dir='ltr'><strong>stris</strong></span> <span class='ocrx_word' id='word_1_194' title='bbox 613 2734 700 2788; x_wconf 86' lang='lat' dir='ltr'><strong>per</strong></span> <span class='ocrx_word' id='word_1_195' title='bbox 721 2717 967 2788; x_wconf 89' lang='lat' dir='ltr'><strong>Spiritum</strong></span> <span class='ocrx_word' id='word_1_196' title='bbox 991 2729 1238 2782; x_wconf 84' lang='lat' dir='ltr'><strong>sanctum,</strong></span> <span class='ocrx_word' id='word_1_197' title='bbox 1261 2722 1342 2783; x_wconf 83' lang='lat' dir='ltr'><strong>qui</strong></span> <span class='ocrx_word' id='word_1_198' title='bbox 1374 2717 1522 2770; x_wconf 86' lang='lat' dir='ltr'><strong>datus</strong></span> <span class='ocrx_word' id='word_1_199' title='bbox 1545 2727 1613 2770; x_wconf 87' lang='lat' dir='ltr'><strong>est</strong></span> <span class='ocrx_word' id='word_1_200' title='bbox 1631 2715 1770 2769; x_wconf 87' lang='lat' dir='ltr'><strong>nobis</strong></span> <span class='ocrx_word' id='word_1_201' title='bbox 1787 2715 1946 2789; x_wconf 82' lang='lat' dir='ltr'><strong>(Ibid.</strong></span> <span class='ocrx_word' id='word_1_202' title='bbox 1975 2715 2053 2785; x_wconf 83' lang='lat'><strong>5).</strong></span> 
     </span>
    </p>
   </div>
   <div class='ocr_carea' id='block_1_27' title="bbox 468 2807 2057 2881">
    <p class='ocr_par' dir='ltr' id='par_1_27' title="bbox 468 2807 2057 2881">
     <span class='ocr_line' id='line_1_27' title="bbox 468 2807 2057 2881; baseline -0.003 -16"><span class='ocrx_word' id='word_1_203' title='bbox 468 2810 693 2881; x_wconf 83' lang='lat' dir='ltr'><strong>Propter</strong></span> <span class='ocrx_word' id='word_1_204' title='bbox 721 2811 859 2880; x_wconf 90' lang='lat' dir='ltr'><strong>quod</strong></span> <span class='ocrx_word' id='word_1_205' title='bbox 889 2822 940 2864; x_wconf 89' lang='lat' dir='ltr'><strong>et</strong></span> <span class='ocrx_word' id='word_1_206' title='bbox 971 2812 1082 2880; x_wconf 58' lang='lat' dir='ltr'><strong>ipse</strong></span> <span class='ocrx_word' id='word_1_207' title='bbox 1118 2811 1366 2864; x_wconf 81' lang='lat' dir='ltr'><strong>Dominus</strong></span> <span class='ocrx_word' id='word_1_208' title='bbox 1395 2811 1561 2874; x_wconf 89' lang='lat' dir='ltr'><strong>dicit,</strong></span> <span class='ocrx_word' id='word_1_209' title='bbox 1603 2808 1720 2862; x_wconf 78' lang='lat' dir='ltr'><strong>Non</strong></span> <span class='ocrx_word' id='word_1_210' title='bbox 1760 2809 1870 2862; x_wconf 85' lang='lat' dir='ltr'><strong>veni</strong></span> <span class='ocrx_word' id='word_1_211' title='bbox 1900 2807 2057 2878; x_wconf 80' lang='lat' dir='ltr'><strong>legem</strong></span> 
     </span>
    </p>
   </div>
   <div class='ocr_carea' id='block_1_28' title="bbox 470 2901 2051 2972">
    <p class='ocr_par' dir='ltr' id='par_1_28' title="bbox 470 2901 2051 2972">
     <span class='ocr_line' id='line_1_28' title="bbox 470 2901 2051 2972; baseline -0.003 -15"><span class='ocrx_word' id='word_1_212' title='bbox 470 2904 677 2970; x_wconf 81' lang='lat' dir='ltr'><strong>solvere,</strong></span> <span class='ocrx_word' id='word_1_213' title='bbox 701 2903 787 2957; x_wconf 85' lang='lat' dir='ltr'><strong>sed</strong></span> <span class='ocrx_word' id='word_1_214' title='bbox 808 2903 1014 2972; x_wconf 80' lang='lat' dir='ltr'><strong>implere</strong></span> <span class='ocrx_word' id='word_1_215' title='bbox 1043 2901 1256 2970; x_wconf 76' lang='lat' dir='ltr'><strong>(.lluttlt.</strong></span> <span class='ocrx_word' id='word_1_216' title='bbox 1285 2918 1340 2968; x_wconf 73' lang='grc' dir='ltr'><strong>ν,</strong></span> <span class='ocrx_word' id='word_1_217' title='bbox 1363 2904 1488 2970; x_wconf 83' lang='grc'><strong>17);</strong></span> <span class='ocrx_word' id='word_1_218' title='bbox 1518 2911 1571 2956; x_wconf 87' lang='lat' dir='ltr'><strong>et</strong></span> <span class='ocrx_word' id='word_1_219' title='bbox 1592 2901 1729 2956; x_wconf 89' lang='lat' dir='ltr'><strong>idem</strong></span> <span class='ocrx_word' id='word_1_220' title='bbox 1761 2902 2051 2971; x_wconf 79' lang='lat' dir='ltr'><strong>apostolos,</strong></span> 
     </span>
    </p>
   </div>
   <div class='ocr_carea' id='block_1_29' title="bbox 472 2992 2056 3064">
    <p class='ocr_par' dir='ltr' id='par_1_29' title="bbox 472 2992 2056 3064">
     <span class='ocr_line' id='line_1_29' title="bbox 472 2992 2056 3064; baseline -0.002 -16"><span class='ocrx_word' id='word_1_221' title='bbox 472 2992 750 3048; x_wconf 86' lang='lat' dir='ltr'><strong>Plenitudo</strong></span> <span class='ocrx_word' id='word_1_222' title='bbox 770 2994 891 3064; x_wconf 84' lang='lat' dir='ltr'><strong>legis</strong></span> <span class='ocrx_word' id='word_1_223' title='bbox 913 2993 1134 3048; x_wconf 72' lang='lat' dir='ltr'><strong>Charitas</strong></span> <span class='ocrx_word' id='word_1_224' title='bbox 1173 2993 1357 3063; x_wconf 78' lang='lat' dir='ltr'><strong>(Rom.</strong></span> <span class='ocrx_word' id='word_1_225' title='bbox 1394 3009 1488 3047; x_wconf 81' lang='lat' dir='ltr'><strong>xm</strong></span> <span class='ocrx_word' id='word_1_226' title='bbox 1514 3035 1527 3056; x_wconf 93' lang='lat'><strong>,</strong></span> <span class='ocrx_word' id='word_1_227' title='bbox 1566 2993 1693 3063; x_wconf 80' lang='lat' dir='ltr'><strong>l0).</strong></span> <span class='ocrx_word' id='word_1_228' title='bbox 1723 2993 1874 3058; x_wconf 88' lang='lat' dir='ltr'><strong>Ideo,</strong></span> <span class='ocrx_word' id='word_1_229' title='bbox 1907 3008 2056 3061; x_wconf 86' lang='lat' dir='ltr'><strong>super</strong></span> 
     </span>
    </p>
   </div>
   <div class='ocr_carea' id='block_1_30' title="bbox 471 3085 2050 3157">
    <p class='ocr_par' dir='ltr' id='par_1_30' title="bbox 471 3085 2050 3157">
     <span class='ocr_line' id='line_1_30' title="bbox 471 3085 2050 3157; baseline 0 -17"><span class='ocrx_word' id='word_1_230' title='bbox 471 3103 652 3141; x_wconf 86' lang='lat' dir='ltr'><strong>aurum</strong></span> <span class='ocrx_word' id='word_1_231' title='bbox 678 3098 723 3141; x_wconf 87' lang='lat' dir='ltr'><strong>et</strong></span> <span class='ocrx_word' id='word_1_232' title='bbox 755 3087 1005 3157; x_wconf 77' lang='lat' dir='ltr'><strong>topoziou.</strong></span> <span class='ocrx_word' id='word_1_233' title='bbox 1029 3086 1140 3142; x_wconf 89' lang='lat' dir='ltr'><strong>lloc</strong></span> <span class='ocrx_word' id='word_1_234' title='bbox 1159 3087 1298 3140; x_wconf 81' lang='lat' dir='ltr'><strong>enini</strong></span> <span class='ocrx_word' id='word_1_235' title='bbox 1325 3087 1448 3140; x_wconf 90' lang='lat' dir='ltr'><strong>etin</strong></span> <span class='ocrx_word' id='word_1_236' title='bbox 1475 3086 1578 3139; x_wconf 90' lang='lat' dir='ltr'><strong>alio</strong></span> <span class='ocrx_word' id='word_1_237' title='bbox 1599 3085 1800 3156; x_wconf 87' lang='lat' dir='ltr'><strong>psalmo</strong></span> <span class='ocrx_word' id='word_1_238' title='bbox 1826 3086 2012 3156; x_wconf 88' lang='lat' dir='ltr'><strong>legitur</strong></span> <span class='ocrx_word' id='word_1_239' title='bbox 2036 3102 2050 3140; x_wconf 91' lang='lat'><strong>:</strong></span> 
     </span>
    </p>
   </div>
   <div class='ocr_carea' id='block_1_31' title="bbox 469 3176 2050 3248">
    <p class='ocr_par' dir='ltr' id='par_1_31' title="bbox 469 3176 2050 3248">
     <span class='ocr_line' id='line_1_31' title="bbox 469 3176 2050 3248; baseline -0.001 -17"><span class='ocrx_word' id='word_1_240' title='bbox 469 3176 639 3246; x_wconf 82' lang='lat' dir='ltr'><strong>Super</strong></span> <span class='ocrx_word' id='word_1_241' title='bbox 667 3195 846 3231; x_wconf 87' lang='lat' dir='ltr'><strong>aurum</strong></span> <span class='ocrx_word' id='word_1_242' title='bbox 870 3187 914 3231; x_wconf 88' lang='lat' dir='ltr'><strong>et</strong></span> <span class='ocrx_word' id='word_1_243' title='bbox 932 3179 1151 3247; x_wconf 80' lang='lat' dir='ltr'><strong>lapidem</strong></span> <span class='ocrx_word' id='word_1_244' title='bbox 1171 3178 1443 3246; x_wconf 87' lang='lat' dir='ltr'><strong>pretiosum</strong></span> <span class='ocrx_word' id='word_1_245' title='bbox 1467 3177 1674 3232; x_wconf 89' lang='lat' dir='ltr'><strong>multum</strong></span> <span class='ocrx_word' id='word_1_246' title='bbox 1707 3177 1879 3248; x_wconf 65' lang='lat' dir='ltr'><strong>(Paul.</strong></span> <span class='ocrx_word' id='word_1_247' title='bbox 1901 3194 2050 3244; x_wconf 65' lang='grc' dir='ltr'>ιιι-ιιι,</span> 
     </span>
    </p>
   </div>
   <div class='ocr_carea' id='block_1_32' title="bbox 466 3268 2054 3339">
    <p class='ocr_par' dir='ltr' id='par_1_32' title="bbox 466 3268 2054 3339">
     <span class='ocr_line' id='line_1_32' title="bbox 466 3268 2054 3339; baseline 0.001 -17"><span class='ocrx_word' id='word_1_248' title='bbox 466 3271 582 3339; x_wconf 80' lang='grc' dir='ltr'><strong>Η).</strong></span> <span class='ocrx_word' id='word_1_249' title='bbox 614 3269 878 3338; x_wconf 84' lang='lat' dir='ltr'><strong>&#39;l&#39;opazion</strong></span> <span class='ocrx_word' id='word_1_250' title='bbox 907 3269 1101 3339; x_wconf 83' lang='lat' dir='ltr'><strong>quippe</strong></span> <span class='ocrx_word' id='word_1_251' title='bbox 1124 3269 1351 3338; x_wconf 89' lang='lat' dir='ltr'><strong>lapidem</strong></span> <span class='ocrx_word' id='word_1_252' title='bbox 1380 3269 1598 3322; x_wconf 88' lang='lat' dir='ltr'><strong>multmn</strong></span> <span class='ocrx_word' id='word_1_253' title='bbox 1629 3268 1904 3338; x_wconf 89' lang='lat' dir='ltr'><strong>perhibent</strong></span> <span class='ocrx_word' id='word_1_254' title='bbox 1932 3284 2054 3324; x_wconf 86' lang='lat' dir='ltr'><strong>esse</strong></span> 
     </span>
    </p>
   </div>
   <div class='ocr_carea' id='block_1_33' title="bbox 467 3361 2049 3429">
    <p class='ocr_par' dir='ltr' id='par_1_33' title="bbox 467 3361 2049 3429">
     <span class='ocr_line' id='line_1_33' title="bbox 467 3361 2049 3429; baseline 0.001 -16"><span class='ocrx_word' id='word_1_255' title='bbox 467 3361 774 3428; x_wconf 85' lang='lat' dir='ltr'><strong>pretiosum.</strong></span> <span class='ocrx_word' id='word_1_256' title='bbox 810 3361 862 3415; x_wconf 92' lang='lat' dir='ltr'><strong>ln</strong></span> <span class='ocrx_word' id='word_1_257' title='bbox 904 3370 1221 3415; x_wconf 86' lang='lat' dir='ltr'><strong>testamento</strong></span> <span class='ocrx_word' id='word_1_258' title='bbox 1251 3371 1428 3414; x_wconf 87' lang='lat' dir='ltr'><strong>autem</strong></span> <span class='ocrx_word' id='word_1_259' title='bbox 1456 3362 1622 3416; x_wconf 88' lang='lat' dir='ltr'><strong>veteri</strong></span> <span class='ocrx_word' id='word_1_260' title='bbox 1653 3363 1902 3416; x_wconf 80' lang='lat' dir='ltr'><strong>latentem</strong></span> <span class='ocrx_word' id='word_1_261' title='bbox 1928 3379 2049 3429; x_wconf 62' lang='lat' dir='ltr'><strong>grao</strong></span> 
     </span>
    </p>
   </div>
   <div class='ocr_carea' id='block_1_34' title="bbox 467 3452 2048 3522">
    <p class='ocr_par' dir='ltr' id='par_1_34' title="bbox 467 3452 2048 3522">
     <span class='ocr_line' id='line_1_34' title="bbox 467 3452 2048 3522; baseline 0.003 -19"><span class='ocrx_word' id='word_1_262' title='bbox 467 3452 590 3505; x_wconf 84' lang='lat' dir='ltr'><strong>tiam</strong></span> <span class='ocrx_word' id='word_1_263' title='bbox 619 3493 632 3516; x_wconf 95' lang='lat'><strong>,</strong></span> <span class='ocrx_word' id='word_1_264' title='bbox 686 3462 934 3521; x_wconf 86' lang='lat' dir='ltr'><strong>tanquam</strong></span> <span class='ocrx_word' id='word_1_265' title='bbox 985 3454 1099 3506; x_wconf 62' lang='lat' dir='ltr'><strong>velo</strong></span> <span class='ocrx_word' id='word_1_266' title='bbox 1130 3453 1474 3522; x_wconf 78' lang='lat' dir='ltr'><strong>interposito,</strong></span> <span class='ocrx_word' id='word_1_267' title='bbox 1519 3467 1620 3507; x_wconf 91' lang='lat' dir='ltr'><strong>non</strong></span> <span class='ocrx_word' id='word_1_268' title='bbox 1667 3453 2048 3522; x_wconf 73' lang='lat' dir='ltr'><strong>intelligemus,</strong></span> 
     </span>
    </p>
   </div>
   <div class='ocr_carea' id='block_1_35' title="bbox 466 3544 2051 3616">
    <p class='ocr_par' dir='ltr' id='par_1_35' title="bbox 466 3544 2051 3616">
     <span class='ocr_line' id='line_1_35' title="bbox 466 3544 2051 3616; baseline 0.003 -20"><span class='ocrx_word' id='word_1_269' title='bbox 466 3546 607 3614; x_wconf 90' lang='lat' dir='ltr'><strong>quod</strong></span> <span class='ocrx_word' id='word_1_270' title='bbox 635 3545 1031 3614; x_wconf 86' lang='lat' dir='ltr'><strong>signiﬁcabatur</strong></span> <span class='ocrx_word' id='word_1_271' title='bbox 1055 3544 1266 3614; x_wconf 88' lang='lat' dir='ltr'><strong>quando</strong></span> <span class='ocrx_word' id='word_1_272' title='bbox 1297 3546 1346 3597; x_wconf 94' lang='lat' dir='ltr'><strong>in</strong></span> <span class='ocrx_word' id='word_1_273' title='bbox 1378 3545 1562 3598; x_wconf 82' lang='lat' dir='ltr'><strong>faciem</strong></span> <span class='ocrx_word' id='word_1_274' title='bbox 1584 3545 1746 3616; x_wconf 72' lang='lat' dir='ltr'><strong>Moysi</strong></span> <span class='ocrx_word' id='word_1_275' title='bbox 1778 3545 2051 3601; x_wconf 78' lang='lat' dir='ltr'><strong>intendere</strong></span> 
     </span>
    </p>
   </div>
   <div class='ocr_carea' id='block_1_36' title="bbox 468 3633 2048 3707">
    <p class='ocr_par' dir='ltr' id='par_1_36' title="bbox 468 3633 2048 3707">
     <span class='ocr_line' id='line_1_36' title="bbox 468 3633 2048 3707; baseline 0.001 -16"><span class='ocrx_word' id='word_1_276' title='bbox 468 3653 570 3691; x_wconf 90' lang='lat' dir='ltr'><strong>non</strong></span> <span class='ocrx_word' id='word_1_277' title='bbox 605 3636 852 3690; x_wconf 85' lang='lat' dir='ltr'><strong>valebant</strong></span> <span class='ocrx_word' id='word_1_278' title='bbox 875 3634 1251 3701; x_wconf 55' lang='lat' dir='ltr'><strong>(Eaedmxxiv,</strong></span> <span class='ocrx_word' id='word_1_279' title='bbox 1279 3634 1484 3699; x_wconf 70' lang='lat'><strong>53-55;</strong></span> <span class='ocrx_word' id='word_1_280' title='bbox 1518 3633 1694 3691; x_wconf 86' lang='lat' dir='ltr'><strong>llCor.</strong></span> <span class='ocrx_word' id='word_1_281' title='bbox 1727 3653 1802 3701; x_wconf 88' lang='lat' dir='ltr'><strong>tu,</strong></span> <span class='ocrx_word' id='word_1_282' title='bbox 1839 3637 2048 3707; x_wconf 79' lang='lat' dir='ltr'><strong>l5-l6),</strong></span> 
     </span>
    </p>
   </div>
   <div class='ocr_carea' id='block_1_37' title="bbox 467 3727 2051 3798">
    <p class='ocr_par' dir='ltr' id='par_1_37' title="bbox 467 3727 2051 3798">
     <span class='ocr_line' id='line_1_37' title="bbox 467 3727 2051 3798; baseline 0 -16"><span class='ocrx_word' id='word_1_283' title='bbox 467 3737 684 3798; x_wconf 79' lang='lat' dir='ltr'><strong>propter</strong></span> <span class='ocrx_word' id='word_1_284' title='bbox 702 3727 1000 3781; x_wconf 89' lang='lat' dir='ltr'><strong>mercedem</strong></span> <span class='ocrx_word' id='word_1_285' title='bbox 1028 3737 1291 3782; x_wconf 89' lang='lat' dir='ltr'><strong>terrenam</strong></span> <span class='ocrx_word' id='word_1_286' title='bbox 1305 3738 1461 3798; x_wconf 88' lang='lat' dir='ltr'><strong>atque</strong></span> <span class='ocrx_word' id='word_1_287' title='bbox 1483 3729 1752 3782; x_wconf 85' lang='lat' dir='ltr'><strong>carnalem</strong></span> <span class='ocrx_word' id='word_1_288' title='bbox 1779 3728 1868 3782; x_wconf 88' lang='lat' dir='ltr'><strong>Dei</strong></span> <span class='ocrx_word' id='word_1_289' title='bbox 1897 3744 2051 3783; x_wconf 89' lang='lat' dir='ltr'><strong>man-</strong></span> 
     </span>
    </p>
   </div>
   <div class='ocr_carea' id='block_1_38' title="bbox 465 3820 2049 3894">
    <p class='ocr_par' dir='ltr' id='par_1_38' title="bbox 465 3820 2049 3894">
     <span class='ocr_line' id='line_1_38' title="bbox 465 3820 2049 3894; baseline 0.003 -20"><span class='ocrx_word' id='word_1_290' title='bbox 465 3822 586 3875; x_wconf 81' lang='lat' dir='ltr'><strong>data</strong></span> <span class='ocrx_word' id='word_1_291' title='bbox 639 3820 810 3875; x_wconf 79' lang='lat' dir='ltr'><strong>facere</strong></span> <span class='ocrx_word' id='word_1_292' title='bbox 847 3821 1201 3886; x_wconf 84' lang='lat' dir='ltr'><strong>conabantur,</strong></span> <span class='ocrx_word' id='word_1_293' title='bbox 1247 3833 1417 3890; x_wconf 85' lang='lat' dir='ltr'><strong>neque</strong></span> <span class='ocrx_word' id='word_1_294' title='bbox 1468 3821 1724 3876; x_wconf 73' lang='lat' dir='ltr'><strong>iaciebant</strong></span> <span class='ocrx_word' id='word_1_295' title='bbox 1749 3839 1761 3886; x_wconf 88' lang='lat'><strong>;</strong></span> <span class='ocrx_word' id='word_1_296' title='bbox 1791 3825 1910 3894; x_wconf 85' lang='lat' dir='ltr'><strong>quia</strong></span> <span class='ocrx_word' id='word_1_297' title='bbox 1944 3839 2049 3878; x_wconf 90' lang='lat' dir='ltr'><strong>non</strong></span> 
     </span>
    </p>
   </div>
   <div class='ocr_carea' id='block_1_39' title="bbox 467 3914 2050 3986">
    <p class='ocr_par' dir='ltr' id='par_1_39' title="bbox 467 3914 2050 3986">
     <span class='ocr_line' id='line_1_39' title="bbox 467 3914 2050 3986; baseline 0.001 -16"><span class='ocrx_word' id='word_1_298' title='bbox 467 3915 608 3985; x_wconf 89' lang='lat' dir='ltr'><strong>ipsa,</strong></span> <span class='ocrx_word' id='word_1_299' title='bbox 637 3915 730 3970; x_wconf 90' lang='lat' dir='ltr'><strong>sed</strong></span> <span class='ocrx_word' id='word_1_300' title='bbox 763 3914 902 3967; x_wconf 82' lang='lat' dir='ltr'><strong>aliud</strong></span> <span class='ocrx_word' id='word_1_301' title='bbox 931 3914 1246 3982; x_wconf 72' lang='lat' dir='ltr'><strong>diligebant.</strong></span> <span class='ocrx_word' id='word_1_302' title='bbox 1277 3914 1424 3970; x_wconf 86' lang='lat' dir='ltr'><strong>Unde</strong></span> <span class='ocrx_word' id='word_1_303' title='bbox 1456 3916 1540 3969; x_wconf 89' lang='lat' dir='ltr'><strong>illa</strong></span> <span class='ocrx_word' id='word_1_304' title='bbox 1572 3929 1675 3970; x_wconf 84' lang='lat' dir='ltr'><strong>non</strong></span> <span class='ocrx_word' id='word_1_305' title='bbox 1707 3928 1858 3970; x_wconf 89' lang='lat' dir='ltr'><strong>erant</strong></span> <span class='ocrx_word' id='word_1_306' title='bbox 1888 3924 2050 3986; x_wconf 80' lang='lat' dir='ltr'><strong>Opera</strong></span> 
     </span>
    </p>
   </div>
   <div class='ocr_carea' id='block_1_40' title="bbox 465 4004 2050 4074">
    <p class='ocr_par' dir='ltr' id='par_1_40' title="bbox 465 4004 2050 4074">
     <span class='ocr_line' id='line_1_40' title="bbox 465 4004 2050 4074; baseline 0.003 -17"><span class='ocrx_word' id='word_1_307' title='bbox 465 4005 789 4071; x_wconf 83' lang='lat' dir='ltr'><strong>volentium,</strong></span> <span class='ocrx_word' id='word_1_308' title='bbox 825 4004 920 4058; x_wconf 78' lang='lat' dir='ltr'><strong>sed</strong></span> <span class='ocrx_word' id='word_1_309' title='bbox 960 4019 1123 4059; x_wconf 87' lang='lat' dir='ltr'><strong>onera</strong></span> <span class='ocrx_word' id='word_1_310' title='bbox 1167 4004 1340 4074; x_wconf 85' lang='lat' dir='ltr'><strong>potius</strong></span> <span class='ocrx_word' id='word_1_311' title='bbox 1391 4004 1696 4059; x_wconf 72' lang='lat' dir='ltr'><strong>invitorum.</strong></span> <span class='ocrx_word' id='word_1_312' title='bbox 1745 4005 1877 4060; x_wconf 83' lang='lat' dir='ltr'><strong>Cum</strong></span> <span class='ocrx_word' id='word_1_313' title='bbox 1924 4019 2050 4062; x_wconf 85' lang='lat' dir='ltr'><strong>vero</strong></span> 
     </span>
    </p>
   </div>
   <div class='ocr_carea' id='block_1_41' title="bbox 467 4088 2050 4166">
    <p class='ocr_par' dir='ltr' id='par_1_41' title="bbox 467 4088 2050 4166">
     <span class='ocr_line' id='line_1_41' title="bbox 467 4088 2050 4166; baseline 0.001 -16"><span class='ocrx_word' id='word_1_314' title='bbox 467 4098 580 4165; x_wconf 85' lang='lat' dir='ltr'><strong>ipsa</strong></span> <span class='ocrx_word' id='word_1_315' title='bbox 613 4095 856 4150; x_wconf 82' lang='lat' dir='ltr'><strong>mandata</strong></span> <span class='ocrx_word' id='word_1_316' title='bbox 888 4095 1178 4166; x_wconf 83' lang='lat' dir='ltr'><strong>diliguntur</strong></span> <span class='ocrx_word' id='word_1_317' title='bbox 1207 4088 1369 4164; x_wconf 72' lang='lat' dir='ltr'><strong>super</strong></span> <span class='ocrx_word' id='word_1_318' title='bbox 1397 4109 1583 4150; x_wconf 88' lang='lat' dir='ltr'><strong>aurum</strong></span> <span class='ocrx_word' id='word_1_319' title='bbox 1607 4108 1660 4151; x_wconf 88' lang='lat' dir='ltr'><strong>et</strong></span> <span class='ocrx_word' id='word_1_320' title='bbox 1688 4098 1910 4166; x_wconf 86' lang='lat' dir='ltr'><strong>lapidem</strong></span> <span class='ocrx_word' id='word_1_321' title='bbox 1933 4115 2050 4166; x_wconf 86' lang='lat' dir='ltr'><strong>prc-</strong></span> 
     </span>
    </p>
   </div>
   <div class='ocr_carea' id='block_1_42' title="bbox 465 4187 2048 4256">
    <p class='ocr_par' dir='ltr' id='par_1_42' title="bbox 465 4187 2048 4256">
     <span class='ocr_line' id='line_1_42' title="bbox 465 4187 2048 4256; baseline 0.002 -16"><span class='ocrx_word' id='word_1_322' title='bbox 465 4188 658 4240; x_wconf 81' lang='lat' dir='ltr'><strong>tiosum</strong></span> <span class='ocrx_word' id='word_1_323' title='bbox 705 4187 969 4250; x_wconf 87' lang='lat' dir='ltr'><strong>multum,</strong></span> <span class='ocrx_word' id='word_1_324' title='bbox 1017 4189 1191 4240; x_wconf 84' lang='lat' dir='ltr'><strong>oinuis</strong></span> <span class='ocrx_word' id='word_1_325' title='bbox 1246 4203 1353 4256; x_wconf 74' lang='lat' dir='ltr'><strong>pne</strong></span> <span class='ocrx_word' id='word_1_326' title='bbox 1397 4188 1522 4256; x_wconf 81' lang='lat' dir='ltr'><strong>ipsis</strong></span> <span class='ocrx_word' id='word_1_327' title='bbox 1551 4188 1811 4243; x_wconf 85' lang='lat' dir='ltr'><strong>mandatis</strong></span> <span class='ocrx_word' id='word_1_328' title='bbox 1843 4199 2048 4244; x_wconf 86' lang='lat' dir='ltr'><strong>terrena</strong></span> 
     </span>
    </p>
   </div>
   <div class='ocr_carea' id='block_1_43' title="bbox 466 4279 2047 4350">
    <p class='ocr_par' dir='ltr' id='par_1_43' title="bbox 466 4279 2047 4350">
     <span class='ocr_line' id='line_1_43' title="bbox 466 4279 2047 4350; baseline 0.002 -21"><span class='ocrx_word' id='word_1_329' title='bbox 466 4279 586 4333; x_wconf 79' lang='lat' dir='ltr'><strong>vilis</strong></span> <span class='ocrx_word' id='word_1_330' title='bbox 615 4287 698 4332; x_wconf 79' lang='lat' dir='ltr'><strong>est</strong></span> <span class='ocrx_word' id='word_1_331' title='bbox 728 4294 966 4338; x_wconf 82' lang='lat' dir='ltr'><strong>merces;</strong></span> <span class='ocrx_word' id='word_1_332' title='bbox 999 4295 1094 4332; x_wconf 84' lang='lat' dir='ltr'><strong>uer</strong></span> <span class='ocrx_word' id='word_1_333' title='bbox 1114 4280 1218 4332; x_wconf 81' lang='lat' dir='ltr'><strong>tilla</strong></span> <span class='ocrx_word' id='word_1_334' title='bbox 1240 4295 1304 4333; x_wconf 79' lang='lat' dir='ltr'><strong>ex</strong></span> <span class='ocrx_word' id='word_1_335' title='bbox 1335 4289 1483 4348; x_wconf 87' lang='lat' dir='ltr'><strong>parte</strong></span> <span class='ocrx_word' id='word_1_336' title='bbox 1499 4290 1876 4349; x_wconf 78' lang='lat' dir='ltr'><strong>conquirantur</strong></span> <span class='ocrx_word' id='word_1_337' title='bbox 1899 4298 2047 4350; x_wconf 73' lang='lat' dir='ltr'><strong>qum-</strong></span> 
     </span>
    </p>
   </div>
   <div class='ocr_carea' id='block_1_44' title="bbox 465 4370 2049 4442">
    <p class='ocr_par' dir='ltr' id='par_1_44' title="bbox 465 4370 2049 4442">
     <span class='ocr_line' id='line_1_44' title="bbox 465 4370 2049 4442; baseline 0.003 -19"><span class='ocrx_word' id='word_1_338' title='bbox 465 4385 694 4438; x_wconf 87' lang='lat' dir='ltr'><strong>cumque</strong></span> <span class='ocrx_word' id='word_1_339' title='bbox 715 4371 816 4423; x_wconf 87' lang='lat' dir='ltr'><strong>alia</strong></span> <span class='ocrx_word' id='word_1_340' title='bbox 841 4371 1066 4424; x_wconf 75' lang='lat' dir='ltr'><strong>hominis</strong></span> <span class='ocrx_word' id='word_1_341' title='bbox 1085 4371 1242 4436; x_wconf 88' lang='lat' dir='ltr'><strong>bona,</strong></span> <span class='ocrx_word' id='word_1_342' title='bbox 1273 4370 1353 4424; x_wconf 91' lang='lat' dir='ltr'><strong>bis</strong></span> <span class='ocrx_word' id='word_1_343' title='bbox 1374 4371 1526 4426; x_wconf 88' lang='lat' dir='ltr'><strong>bonis</strong></span> <span class='ocrx_word' id='word_1_344' title='bbox 1549 4371 1740 4441; x_wconf 88' lang='lat' dir='ltr'><strong>quibus</strong></span> <span class='ocrx_word' id='word_1_345' title='bbox 1756 4372 1868 4442; x_wconf 87' lang='lat' dir='ltr'><strong>ipse</strong></span> <span class='ocrx_word' id='word_1_346' title='bbox 1889 4371 2049 4428; x_wconf 89' lang='lat' dir='ltr'><strong>homo</strong></span> 
     </span>
    </p>
   </div>
   <div class='ocr_carea' id='block_1_45' title="bbox 467 4461 741 4515">
    <p class='ocr_par' dir='ltr' id='par_1_45' title="bbox 467 4461 741 4515">
     <span class='ocr_line' id='line_1_45' title="bbox 467 4461 741 4515; baseline 0.011 -3"><span class='ocrx_word' id='word_1_347' title='bbox 467 4461 524 4514; x_wconf 87' lang='lat' dir='ltr'><strong>lit</strong></span> <span class='ocrx_word' id='word_1_348' title='bbox 554 4462 741 4515; x_wconf 85' lang='lat' dir='ltr'><strong>bonus.</strong></span> 
     </span>
    </p>
   </div>
   <div class='ocr_carea' id='block_1_46' title="bbox 541 4549 2047 4623">
    <p class='ocr_par' dir='ltr' id='par_1_46' title="bbox 541 4549 2047 4623">
     <span class='ocr_line' id='line_1_46' title="bbox 541 4549 2047 4623; baseline 0.003 -19"><span class='ocrx_word' id='word_1_349' title='bbox 541 4551 594 4605; x_wconf 87' lang='lat'><strong>9.</strong></span> <span class='ocrx_word' id='word_1_350' title='bbox 623 4549 772 4623; x_wconf 71' lang='lat' dir='ltr'><strong>(vers.</strong></span> <span class='ocrx_word' id='word_1_351' title='bbox 807 4551 950 4622; x_wconf 71' lang='lat' dir='ltr'><strong>l28.]</strong></span> <span class='ocrx_word' id='word_1_352' title='bbox 978 4549 1274 4620; x_wconf 80' lang='lat' dir='ltr'><strong>PrOpterea,</strong></span> <span class='ocrx_word' id='word_1_353' title='bbox 1304 4551 1488 4620; x_wconf 85' lang='lat' dir='ltr'><strong>inquit,</strong></span> <span class='ocrx_word' id='word_1_354' title='bbox 1521 4552 1585 4604; x_wconf 88' lang='lat' dir='ltr'><strong>ad</strong></span> <span class='ocrx_word' id='word_1_355' title='bbox 1612 4553 1781 4606; x_wconf 81' lang='lat' dir='ltr'><strong>omnia</strong></span> <span class='ocrx_word' id='word_1_356' title='bbox 1807 4556 2047 4608; x_wconf 84' lang='lat' dir='ltr'><strong>mandata</strong></span> 
     </span>
    </p>
   </div>
   <div class='ocr_carea' id='block_1_47' title="bbox 469 4641 2044 4714">
    <p class='ocr_par' dir='ltr' id='par_1_47' title="bbox 469 4641 2044 4714">
     <span class='ocr_line' id='line_1_47' title="bbox 469 4641 2044 4714; baseline 0.001 -17"><span class='ocrx_word' id='word_1_357' title='bbox 469 4655 557 4698; x_wconf 84' lang='lat' dir='ltr'><strong>tua</strong></span> <span class='ocrx_word' id='word_1_358' title='bbox 605 4643 906 4714; x_wconf 80' lang='lat' dir='ltr'><strong>corrigebar.</strong></span> <span class='ocrx_word' id='word_1_359' title='bbox 961 4641 1152 4711; x_wconf 86' lang='lat' dir='ltr'><strong>Utique</strong></span> <span class='ocrx_word' id='word_1_360' title='bbox 1191 4641 1495 4711; x_wconf 88' lang='lat' dir='ltr'><strong>corrigebar</strong></span> <span class='ocrx_word' id='word_1_361' title='bbox 1519 4683 1533 4705; x_wconf 93' lang='lat'><strong>,</strong></span> <span class='ocrx_word' id='word_1_362' title='bbox 1566 4645 1686 4713; x_wconf 89' lang='lat' dir='ltr'><strong>quia</strong></span> <span class='ocrx_word' id='word_1_363' title='bbox 1722 4644 2044 4713; x_wconf 85' lang='lat' dir='ltr'><strong>diligebam;</strong></span> 
     </span>
    </p>
   </div>
   <div class='ocr_carea' id='block_1_48' title="bbox 471 4734 2046 4808">
    <p class='ocr_par' dir='ltr' id='par_1_48' title="bbox 471 4734 2046 4808">
     <span class='ocr_line' id='line_1_48' title="bbox 471 4734 2046 4808; baseline 0.001 -16"><span class='ocrx_word' id='word_1_364' title='bbox 471 4749 633 4808; x_wconf 90' lang='lat' dir='ltr'><strong>atque</strong></span> <span class='ocrx_word' id='word_1_365' title='bbox 663 4737 764 4792; x_wconf 91' lang='lat' dir='ltr'><strong>illis</strong></span> <span class='ocrx_word' id='word_1_366' title='bbox 792 4738 951 4791; x_wconf 81' lang='lat' dir='ltr'><strong>rectis</strong></span> <span class='ocrx_word' id='word_1_367' title='bbox 981 4747 1034 4789; x_wconf 93' lang='lat' dir='ltr'><strong>ut</strong></span> <span class='ocrx_word' id='word_1_368' title='bbox 1059 4735 1216 4788; x_wconf 91' lang='lat' dir='ltr'><strong>etiam</strong></span> <span class='ocrx_word' id='word_1_369' title='bbox 1246 4734 1356 4805; x_wconf 82' lang='lat' dir='ltr'><strong>ipse</strong></span> <span class='ocrx_word' id='word_1_370' title='bbox 1373 4747 1549 4790; x_wconf 91' lang='lat' dir='ltr'><strong>rectus</strong></span> <span class='ocrx_word' id='word_1_371' title='bbox 1578 4736 1778 4803; x_wconf 79' lang='lat' dir='ltr'><strong>fierem,</strong></span> <span class='ocrx_word' id='word_1_372' title='bbox 1802 4739 2046 4794; x_wconf 79' lang='lat' dir='ltr'><strong>dilectio-</strong></span> 
     </span>
    </p>
   </div>
   <div class='ocr_carea' id='block_1_49' title="bbox 467 4817 2049 4899">
    <p class='ocr_par' dir='ltr' id='par_1_49' title="bbox 467 4817 2049 4899">
     <span class='ocr_line' id='line_1_49' title="bbox 467 4817 2049 4899; baseline 0.001 -15"><span class='ocrx_word' id='word_1_373' title='bbox 467 4845 536 4886; x_wconf 88' lang='lat' dir='ltr'><strong>ne</strong></span> <span class='ocrx_word' id='word_1_374' title='bbox 559 4829 910 4884; x_wconf 73' lang='lat' dir='ltr'><strong>coluereham.</strong></span> <span class='ocrx_word' id='word_1_375' title='bbox 944 4827 1059 4881; x_wconf 77' lang='lat' dir='ltr'><strong>iam</strong></span> <span class='ocrx_word' id='word_1_376' title='bbox 1088 4826 1214 4880; x_wconf 85' lang='lat' dir='ltr'><strong>illud</strong></span> <span class='ocrx_word' id='word_1_377' title='bbox 1245 4826 1382 4896; x_wconf 91' lang='lat' dir='ltr'><strong>quod</strong></span> <span class='ocrx_word' id='word_1_378' title='bbox 1418 4817 1673 4898; x_wconf 86' lang='lat' dir='ltr'><strong>adjnngit,</strong></span> <span class='ocrx_word' id='word_1_379' title='bbox 1716 4843 2049 4899; x_wconf 83' lang='lat' dir='ltr'><strong>consequens</strong></span> 
     </span>
    </p>
   </div>
   <div class='ocr_carea' id='block_1_50' title="bbox 469 4915 2048 4987">
    <p class='ocr_par' dir='ltr' id='par_1_50' title="bbox 469 4915 2048 4987">
     <span class='ocr_line' id='line_1_50' title="bbox 469 4915 2048 4987; baseline 0.003 -15"><span class='ocrx_word' id='word_1_380' title='bbox 469 4930 612 4974; x_wconf 80' lang='lat' dir='ltr'><strong>erat:</strong></span> <span class='ocrx_word' id='word_1_381' title='bbox 644 4917 883 4983; x_wconf 83' lang='lat' dir='ltr'><strong>Omnem,</strong></span> <span class='ocrx_word' id='word_1_382' title='bbox 915 4918 1109 4987; x_wconf 90' lang='lat' dir='ltr'><strong>inquit,</strong></span> <span class='ocrx_word' id='word_1_383' title='bbox 1143 4915 1273 4970; x_wconf 74' lang='lat' dir='ltr'><strong>viain</strong></span> <span class='ocrx_word' id='word_1_384' title='bbox 1295 4917 1516 4987; x_wconf 86' lang='lat' dir='ltr'><strong>iniquam</strong></span> <span class='ocrx_word' id='word_1_385' title='bbox 1543 4919 1659 4972; x_wconf 85' lang='lat' dir='ltr'><strong>odio</strong></span> <span class='ocrx_word' id='word_1_386' title='bbox 1687 4919 1860 4973; x_wconf 84' lang='lat' dir='ltr'><strong>habui.</strong></span> <span class='ocrx_word' id='word_1_387' title='bbox 1893 4919 2048 4977; x_wconf 88' lang='lat' dir='ltr'><strong>Unde</strong></span> 
     </span>
    </p>
   </div>
   <div class='ocr_carea' id='block_1_51' title="bbox 466 5010 2050 5080">
    <p class='ocr_par' dir='ltr' id='par_1_51' title="bbox 466 5010 2050 5080">
     <span class='ocr_line' id='line_1_51' title="bbox 466 5010 2050 5080; baseline 0.001 -14"><span class='ocrx_word' id='word_1_388' title='bbox 466 5013 608 5066; x_wconf 89' lang='lat' dir='ltr'><strong>enim</strong></span> <span class='ocrx_word' id='word_1_389' title='bbox 639 5011 751 5065; x_wconf 82' lang='lat' dir='ltr'><strong>ﬁeri</strong></span> <span class='ocrx_word' id='word_1_390' title='bbox 786 5019 1020 5080; x_wconf 77' lang='lat' dir='ltr'><strong>poterat,</strong></span> <span class='ocrx_word' id='word_1_391' title='bbox 1063 5018 1119 5063; x_wconf 91' lang='lat' dir='ltr'><strong>ut</strong></span> <span class='ocrx_word' id='word_1_392' title='bbox 1149 5010 1379 5080; x_wconf 90' lang='lat' dir='ltr'><strong>iniquam</strong></span> <span class='ocrx_word' id='word_1_393' title='bbox 1411 5012 1546 5064; x_wconf 88' lang='lat' dir='ltr'><strong>viam</strong></span> <span class='ocrx_word' id='word_1_394' title='bbox 1577 5027 1680 5066; x_wconf 92' lang='lat' dir='ltr'><strong>non</strong></span> <span class='ocrx_word' id='word_1_395' title='bbox 1707 5011 1908 5067; x_wconf 85' lang='lat' dir='ltr'><strong>odisset</strong></span> <span class='ocrx_word' id='word_1_396' title='bbox 1928 5013 2050 5067; x_wconf 90' lang='lat' dir='ltr'><strong>dili-</strong></span> 
     </span>
    </p>
   </div>
   <div class='ocr_carea' id='block_1_52' title="bbox 465 5102 2046 5175">
    <p class='ocr_par' dir='ltr' id='par_1_52' title="bbox 465 5102 2046 5175">
     <span class='ocr_line' id='line_1_52' title="bbox 465 5102 2046 5175; baseline 0.003 -20"><span class='ocrx_word' id='word_1_397' title='bbox 465 5117 597 5174; x_wconf 67' lang='lat' dir='ltr'><strong>gens</strong></span> <span class='ocrx_word' id='word_1_398' title='bbox 629 5102 866 5159; x_wconf 83' lang='lat' dir='ltr'><strong>rectam?</strong></span> <span class='ocrx_word' id='word_1_399' title='bbox 887 5102 1016 5156; x_wconf 80' lang='lat' dir='ltr'><strong>Nam</strong></span> <span class='ocrx_word' id='word_1_400' title='bbox 1043 5102 1181 5156; x_wconf 90' lang='lat' dir='ltr'><strong>sicut</strong></span> <span class='ocrx_word' id='word_1_401' title='bbox 1202 5117 1386 5155; x_wconf 88' lang='lat' dir='ltr'><strong>aurum</strong></span> <span class='ocrx_word' id='word_1_402' title='bbox 1415 5111 1468 5155; x_wconf 91' lang='lat' dir='ltr'><strong>et</strong></span> <span class='ocrx_word' id='word_1_403' title='bbox 1496 5103 1722 5174; x_wconf 85' lang='lat' dir='ltr'><strong>lapidem</strong></span> <span class='ocrx_word' id='word_1_404' title='bbox 1752 5105 2046 5175; x_wconf 86' lang='lat' dir='ltr'><strong>pretiosum</strong></span> 
     </span>
    </p>
   </div>
   <div class='ocr_carea' id='block_1_53' title="bbox 464 5193 2046 5265">
    <p class='ocr_par' dir='ltr' id='par_1_53' title="bbox 464 5193 2046 5265">
     <span class='ocr_line' id='line_1_53' title="bbox 464 5193 2046 5265; baseline 0.003 -17"><span class='ocrx_word' id='word_1_405' title='bbox 464 5195 508 5249; x_wconf 87' lang='lat' dir='ltr'><strong>si</strong></span> <span class='ocrx_word' id='word_1_406' title='bbox 536 5195 799 5265; x_wconf 81' lang='lat' dir='ltr'><strong>diligeret,</strong></span> <span class='ocrx_word' id='word_1_407' title='bbox 821 5194 1019 5248; x_wconf 89' lang='lat' dir='ltr'><strong>odisset</strong></span> <span class='ocrx_word' id='word_1_408' title='bbox 1043 5193 1278 5263; x_wconf 80' lang='lat' dir='ltr'><strong>proiecto</strong></span> <span class='ocrx_word' id='word_1_409' title='bbox 1306 5195 1558 5265; x_wconf 88' lang='lat' dir='ltr'><strong>quidquid</strong></span> <span class='ocrx_word' id='word_1_410' title='bbox 1587 5201 1632 5250; x_wconf 92' lang='lat' dir='ltr'><strong>ei</strong></span> <span class='ocrx_word' id='word_1_411' title='bbox 1667 5198 1844 5252; x_wconf 90' lang='lat' dir='ltr'><strong>talium</strong></span> <span class='ocrx_word' id='word_1_412' title='bbox 1869 5214 2046 5254; x_wconf 90' lang='lat' dir='ltr'><strong>rerum</strong></span> 
     </span>
    </p>
   </div>
   <div class='ocr_carea' id='block_1_54' title="bbox 467 5283 2048 5356">
    <p class='ocr_par' dir='ltr' id='par_1_54' title="bbox 467 5283 2048 5356">
     <span class='ocr_line' id='line_1_54' title="bbox 467 5283 2048 5356; baseline 0.004 -16"><span class='ocrx_word' id='word_1_413' title='bbox 467 5285 718 5340; x_wconf 87' lang='lat' dir='ltr'><strong>damnum</strong></span> <span class='ocrx_word' id='word_1_414' title='bbox 761 5293 942 5355; x_wconf 68' lang='lat' dir='ltr'><strong>posset</strong></span> <span class='ocrx_word' id='word_1_415' title='bbox 986 5283 1220 5338; x_wconf 78' lang='lat' dir='ltr'><strong>inferre:</strong></span> <span class='ocrx_word' id='word_1_416' title='bbox 1252 5286 1320 5339; x_wconf 90' lang='lat' dir='ltr'><strong>ita</strong></span> <span class='ocrx_word' id='word_1_417' title='bbox 1369 5287 1617 5356; x_wconf 89' lang='lat' dir='ltr'><strong>quoniam</strong></span> <span class='ocrx_word' id='word_1_418' title='bbox 1662 5289 1754 5344; x_wconf 89' lang='lat' dir='ltr'><strong>Dei</strong></span> <span class='ocrx_word' id='word_1_419' title='bbox 1803 5291 2048 5346; x_wconf 89' lang='lat' dir='ltr'><strong>mandata</strong></span> 
     </span>
    </p>
   </div>
   <div class='ocr_carea' id='block_1_55' title="bbox 469 5377 2046 5452">
    <p class='ocr_par' dir='ltr' id='par_1_55' title="bbox 469 5377 2046 5452">
     <span class='ocr_line' id='line_1_55' title="bbox 469 5377 2046 5452; baseline 0.005 -21"><span class='ocrx_word' id='word_1_420' title='bbox 469 5379 757 5447; x_wconf 81' lang='lat' dir='ltr'><strong>diligebat,</strong></span> <span class='ocrx_word' id='word_1_421' title='bbox 808 5377 993 5431; x_wconf 87' lang='lat' dir='ltr'><strong>oderat</strong></span> <span class='ocrx_word' id='word_1_422' title='bbox 1041 5377 1331 5447; x_wconf 86' lang='lat' dir='ltr'><strong>iniquitatis</strong></span> <span class='ocrx_word' id='word_1_423' title='bbox 1373 5379 1509 5434; x_wconf 86' lang='lat' dir='ltr'><strong>viam</strong></span> <span class='ocrx_word' id='word_1_424' title='bbox 1540 5420 1555 5447; x_wconf 90' lang='lat'><strong>,</strong></span> <span class='ocrx_word' id='word_1_425' title='bbox 1597 5382 2046 5452; x_wconf 89' lang='lat' dir='ltr'><strong>quemadmodum</strong></span> 
     </span>
    </p>
   </div>
   <div class='ocr_carea' id='block_1_56' title="bbox 469 5467 2048 5540">
    <p class='ocr_par' dir='ltr' id='par_1_56' title="bbox 469 5467 2048 5540">
     <span class='ocr_line' id='line_1_56' title="bbox 469 5467 2048 5540; baseline 0.007 -20"><span class='ocrx_word' id='word_1_426' title='bbox 469 5467 680 5538; x_wconf 76' lang='lat' dir='ltr'><strong>aliquod</strong></span> <span class='ocrx_word' id='word_1_427' title='bbox 723 5468 1162 5520; x_wconf 88' lang='lat' dir='ltr'><strong>inuuanissimnm</strong></span> <span class='ocrx_word' id='word_1_428' title='bbox 1217 5471 1403 5524; x_wconf 84' lang='lat' dir='ltr'><strong>marini</strong></span> <span class='ocrx_word' id='word_1_429' title='bbox 1447 5473 1649 5526; x_wconf 89' lang='lat' dir='ltr'><strong>itineris</strong></span> <span class='ocrx_word' id='word_1_430' title='bbox 1692 5487 1916 5540; x_wconf 82' lang='lat' dir='ltr'><strong>saxum,</strong></span> <span class='ocrx_word' id='word_1_431' title='bbox 1957 5475 2048 5531; x_wconf 88' lang='lat' dir='ltr'><strong>ubi</strong></span> 
     </span>
    </p>
   </div>
   <div class='ocr_carea' id='block_1_57' title="bbox 473 5560 2043 5637">
    <p class='ocr_par' dir='ltr' id='par_1_57' title="bbox 473 5560 2043 5637">
     <span class='ocr_line' id='line_1_57' title="bbox 473 5560 2043 5637; baseline 0.006 -26"><span class='ocrx_word' id='word_1_432' title='bbox 473 5569 577 5611; x_wconf 83' lang='lat' dir='ltr'><strong>tam</strong></span> <span class='ocrx_word' id='word_1_433' title='bbox 621 5560 970 5626; x_wconf 87' lang='lat' dir='ltr'><strong>pretiosarum</strong></span> <span class='ocrx_word' id='word_1_434' title='bbox 1000 5575 1175 5614; x_wconf 87' lang='lat' dir='ltr'><strong>rerum</strong></span> <span class='ocrx_word' id='word_1_435' title='bbox 1205 5577 1422 5615; x_wconf 85' lang='lat' dir='ltr'><strong>necesse</strong></span> <span class='ocrx_word' id='word_1_436' title='bbox 1446 5573 1527 5616; x_wconf 65' lang='lat' dir='ltr'><strong>Bst</strong></span> <span class='ocrx_word' id='word_1_437' title='bbox 1557 5564 1659 5632; x_wconf 86' lang='lat' dir='ltr'><strong>pati</strong></span> <span class='ocrx_word' id='word_1_438' title='bbox 1691 5565 2043 5637; x_wconf 78' lang='lat' dir='ltr'><strong>naufragium.</strong></span> 
     </span>
    </p>
   </div>
   <div class='ocr_carea' id='block_1_58' title="bbox 476 5651 2046 5727">
    <p class='ocr_par' dir='ltr' id='par_1_58' title="bbox 476 5651 2046 5727">
     <span class='ocr_line' id='line_1_58' title="bbox 476 5651 2046 5727; baseline 0.009 -28"><span class='ocrx_word' id='word_1_439' title='bbox 476 5651 627 5715; x_wconf 76' lang='lat' dir='ltr'><strong>Quod</strong></span> <span class='ocrx_word' id='word_1_440' title='bbox 659 5658 714 5702; x_wconf 86' lang='lat' dir='ltr'><strong>ut</strong></span> <span class='ocrx_word' id='word_1_441' title='bbox 744 5663 848 5702; x_wconf 89' lang='lat' dir='ltr'><strong>non</strong></span> <span class='ocrx_word' id='word_1_442' title='bbox 889 5651 1192 5720; x_wconf 82' lang='lat' dir='ltr'><strong>contingat,</strong></span> <span class='ocrx_word' id='word_1_443' title='bbox 1232 5653 1385 5722; x_wconf 85' lang='lat' dir='ltr'><strong>longe</strong></span> <span class='ocrx_word' id='word_1_444' title='bbox 1417 5653 1537 5707; x_wconf 91' lang='lat' dir='ltr'><strong>inde</strong></span> <span class='ocrx_word' id='word_1_445' title='bbox 1567 5654 1795 5710; x_wconf 85' lang='lat' dir='ltr'><strong>velilicat</strong></span> <span class='ocrx_word' id='word_1_446' title='bbox 1818 5699 1832 5723; x_wconf 90' lang='lat'><strong>,</strong></span> <span class='ocrx_word' id='word_1_447' title='bbox 1875 5659 1962 5727; x_wconf 90' lang='lat' dir='ltr'><strong>qui</strong></span> <span class='ocrx_word' id='word_1_448' title='bbox 1995 5660 2046 5713; x_wconf 91' lang='lat' dir='ltr'><strong>in</strong></span> 
     </span>
    </p>
   </div>
   <div class='ocr_carea' id='block_1_59' title="bbox 476 5740 2048 5809">
    <p class='ocr_par' dir='ltr' id='par_1_59' title="bbox 476 5740 2048 5809">
     <span class='ocr_line' id='line_1_59' title="bbox 476 5740 2048 5809; baseline 0.009 -16"><span class='ocrx_word' id='word_1_449' title='bbox 476 5740 622 5809; x_wconf 73' lang='lat' dir='ltr'><strong>ligno</strong></span> <span class='ocrx_word' id='word_1_450' title='bbox 673 5742 847 5796; x_wconf 84' lang='lat' dir='ltr'><strong>crucis</strong></span> <span class='ocrx_word' id='word_1_451' title='bbox 875 5755 994 5796; x_wconf 92' lang='lat' dir='ltr'><strong>cum</strong></span> <span class='ocrx_word' id='word_1_452' title='bbox 1039 5743 1408 5798; x_wconf 86' lang='lat' dir='ltr'><strong>mandatorum</strong></span> <span class='ocrx_word' id='word_1_453' title='bbox 1450 5744 1748 5802; x_wconf 83' lang='lat' dir='ltr'><strong>divinorum</strong></span> <span class='ocrx_word' id='word_1_454' title='bbox 1782 5749 2048 5807; x_wconf 87' lang='lat' dir='ltr'><strong>mercibus</strong></span> 
     </span>
    </p>
   </div>
   <div class='ocr_carea' id='block_1_60' title="bbox 476 5830 703 5902">
    <p class='ocr_par' dir='ltr' id='par_1_60' title="bbox 476 5830 703 5902">
     <span class='ocr_line' id='line_1_60' title="bbox 476 5830 703 5902; baseline -0.009 -16"><span class='ocrx_word' id='word_1_455' title='bbox 476 5830 703 5902; x_wconf 75' lang='lat' dir='ltr'><strong>navigat.</strong></span> 
     </span>
    </p>
   </div>
   <div class='ocr_carea' id='block_1_61' title="bbox 1735 402 2532 465">
    <p class='ocr_par' dir='ltr' id='par_1_61' title="bbox 1735 402 2532 465">
     <span class='ocr_line' id='line_1_61' title="bbox 1735 402 2532 465; baseline 0 -2"><span class='ocrx_word' id='word_1_456' title='bbox 1735 410 1791 463; x_wconf 93' lang='lat' dir='ltr'><strong>S.</strong></span> <span class='ocrx_word' id='word_1_457' title='bbox 1834 402 2194 465; x_wconf 79' lang='lat' dir='ltr'><strong>AUGUSTINI</strong></span> <span class='ocrx_word' id='word_1_458' title='bbox 2235 406 2532 463; x_wconf 80' lang='lat' dir='ltr'><strong>EPISCOl’l</strong></span> 
     </span>
    </p>
   </div>
   <div class='ocr_carea' id='block_1_62' title="bbox 3629 419 3772 476">
    <p class='ocr_par' dir='ltr' id='par_1_62' title="bbox 3629 419 3772 476">
     <span class='ocr_line' id='line_1_62' title="bbox 3629 419 3772 476; baseline -0.014 0"><span class='ocrx_word' id='word_1_459' title='bbox 3629 419 3772 476; x_wconf 58' lang='lat'><strong>1530</strong></span> 
     </span>
    </p>
   </div>
   <div class='ocr_carea' id='block_1_63' title="bbox 2787 509 3618 582">
    <p class='ocr_par' dir='ltr' id='par_1_63' title="bbox 2787 509 3618 582">
     <span class='ocr_line' id='line_1_63' title="bbox 2787 509 3618 582; baseline 0.008 -2"><span class='ocrx_word' id='word_1_460' title='bbox 2787 539 2954 581; x_wconf 77' lang='grc' dir='ltr'>εειιιιο</span> <span class='ocrx_word' id='word_1_461' title='bbox 2981 542 3149 582; x_wconf 71' lang='lat' dir='ltr'><strong>XXVII.</strong></span> <span class='ocrx_word' id='word_1_462' title='bbox 3304 509 3305 512; x_wconf 11' lang='grc' dir='ltr'>Ἰ</span> <span class='ocrx_word' id='word_1_463' title='bbox 3612 509 3618 514; x_wconf 22' lang='grc' dir='ltr'><em>Α</em></span> 
     </span>
    </p>
   </div>
   <div class='ocr_carea' id='block_1_64' title="bbox 2249 609 3764 693">
    <p class='ocr_par' dir='ltr' id='par_1_64' title="bbox 2249 609 3764 693">
     <span class='ocr_line' id='line_1_64' title="bbox 2249 609 3764 693; baseline 0.008 -29"><span class='ocrx_word' id='word_1_464' title='bbox 2249 610 2300 664; x_wconf 81' lang='grc' dir='ltr'><strong>Ι.</strong></span> <span class='ocrx_word' id='word_1_465' title='bbox 2330 609 2478 681; x_wconf 86' lang='lat' dir='ltr'><strong>[vers.</strong></span> <span class='ocrx_word' id='word_1_466' title='bbox 2518 611 2666 686; x_wconf 70' lang='lat' dir='ltr'><strong>l29.]</strong></span> <span class='ocrx_word' id='word_1_467' title='bbox 2713 613 2884 670; x_wconf 83' lang='lat' dir='ltr'><strong>Verba</strong></span> <span class='ocrx_word' id='word_1_468' title='bbox 2922 617 3118 673; x_wconf 85' lang='lat' dir='ltr'><strong>Psahui</strong></span> <span class='ocrx_word' id='word_1_469' title='bbox 3150 619 3264 675; x_wconf 63' lang='lat' dir='ltr'><strong>hinc</strong></span> <span class='ocrx_word' id='word_1_470' title='bbox 3292 632 3417 676; x_wconf 86' lang='lat' dir='ltr'><strong>sunt</strong></span> <span class='ocrx_word' id='word_1_471' title='bbox 3453 621 3519 677; x_wconf 89' lang='lat' dir='ltr'><strong>de</strong></span> <span class='ocrx_word' id='word_1_472' title='bbox 3550 620 3764 693; x_wconf 77' lang='lat' dir='ltr'><strong>quibus,</strong></span> 
     </span>
    </p>
   </div>
   <div class='ocr_carea' id='block_1_65' title="bbox 2174 697 3770 776">
    <p class='ocr_par' dir='ltr' id='par_1_65' title="bbox 2174 697 3770 776">
     <span class='ocr_line' id='line_1_65' title="bbox 2174 697 3770 776; baseline 0.01 -23"><span class='ocrx_word' id='word_1_473' title='bbox 2174 697 2464 769; x_wconf 88' lang='lat' dir='ltr'><strong>adjuvante</strong></span> <span class='ocrx_word' id='word_1_474' title='bbox 2503 702 2726 759; x_wconf 90' lang='lat' dir='ltr'><strong>Domino</strong></span> <span class='ocrx_word' id='word_1_475' title='bbox 2751 705 3103 776; x_wconf 72' lang='lat' dir='ltr'><strong>,&#39;disputaturi</strong></span> <span class='ocrx_word' id='word_1_476' title='bbox 3133 725 3318 765; x_wconf 85' lang='lat' dir='ltr'><strong>sumus</strong></span> <span class='ocrx_word' id='word_1_477' title='bbox 3356 729 3369 766; x_wconf 88' lang='lat'><strong><em>:</em></strong></span> <span class='ocrx_word' id='word_1_478' title='bbox 3405 711 3667 768; x_wconf 77' lang='lat' dir='ltr'><strong>Mirabilia</strong></span> <span class='ocrx_word' id='word_1_479' title='bbox 3696 725 3770 769; x_wconf 86' lang='lat' dir='ltr'><strong>te-</strong></span> 
     </span>
    </p>
   </div>
   <div class='ocr_carea' id='block_1_66' title="bbox 2173 791 3766 866">
    <p class='ocr_par' dir='ltr' id='par_1_66' title="bbox 2173 791 3766 866">
     <span class='ocr_line' id='line_1_66' title="bbox 2173 791 3766 866; baseline 0.01 -24"><span class='ocrx_word' id='word_1_480' title='bbox 2173 791 2408 844; x_wconf 86' lang='lat' dir='ltr'><strong>stimonia</strong></span> <span class='ocrx_word' id='word_1_481' title='bbox 2436 799 2564 856; x_wconf 82' lang='lat' dir='ltr'><strong>tua;</strong></span> <span class='ocrx_word' id='word_1_482' title='bbox 2610 802 2815 866; x_wconf 80' lang='lat' dir='ltr'><strong>propter</strong></span> <span class='ocrx_word' id='word_1_483' title='bbox 2858 798 2952 852; x_wconf 85' lang='lat' dir='ltr'><strong>hoc</strong></span> <span class='ocrx_word' id='word_1_484' title='bbox 2974 809 3194 854; x_wconf 83' lang='lat' dir='ltr'><strong>scrutata</strong></span> <span class='ocrx_word' id='word_1_485' title='bbox 3221 811 3295 855; x_wconf 88' lang='lat' dir='ltr'><strong>est</strong></span> <span class='ocrx_word' id='word_1_486' title='bbox 3321 819 3380 855; x_wconf 86' lang='lat' dir='ltr'><strong>ea</strong></span> <span class='ocrx_word' id='word_1_487' title='bbox 3422 803 3592 857; x_wconf 86' lang='lat' dir='ltr'><strong>anima</strong></span> <span class='ocrx_word' id='word_1_488' title='bbox 3630 823 3766 859; x_wconf 80' lang='lat' dir='ltr'><strong>mea.</strong></span> 
     </span>
    </p>
   </div>
   <div class='ocr_carea' id='block_1_67' title="bbox 2171 882 3771 961">
    <p class='ocr_par' dir='ltr' id='par_1_67' title="bbox 2171 882 3771 961">
     <span class='ocr_line' id='line_1_67' title="bbox 2171 882 3771 961; baseline 0.011 -27"><span class='ocrx_word' id='word_1_489' title='bbox 2171 882 2300 949; x_wconf 84' lang='lat' dir='ltr'><strong>Quis</strong></span> <span class='ocrx_word' id='word_1_490' title='bbox 2368 895 2644 941; x_wconf 79' lang='lat' dir='ltr'><strong>enumerat</strong></span> <span class='ocrx_word' id='word_1_491' title='bbox 2698 889 2886 943; x_wconf 90' lang='lat' dir='ltr'><strong>saltem</strong></span> <span class='ocrx_word' id='word_1_492' title='bbox 2948 893 3240 961; x_wconf 82' lang='lat' dir='ltr'><strong>generatim</strong></span> <span class='ocrx_word' id='word_1_493' title='bbox 3286 897 3583 949; x_wconf 87' lang='lat' dir='ltr'><strong>testimonia</strong></span> <span class='ocrx_word' id='word_1_494' title='bbox 3632 897 3771 952; x_wconf 85' lang='lat' dir='ltr'><strong>Dei?</strong></span> 
     </span>
    </p>
   </div>
   <div class='ocr_carea' id='block_1_68' title="bbox 2171 971 3769 1056">
    <p class='ocr_par' dir='ltr' id='par_1_68' title="bbox 2171 971 3769 1056">
     <span class='ocr_line' id='line_1_68' title="bbox 2171 971 3769 1056; baseline 0.01 -30"><span class='ocrx_word' id='word_1_495' title='bbox 2171 971 2376 1029; x_wconf 75' lang='lat' dir='ltr'><strong>Codum</strong></span> <span class='ocrx_word' id='word_1_496' title='bbox 2402 986 2454 1030; x_wconf 92' lang='lat' dir='ltr'><strong>et</strong></span> <span class='ocrx_word' id='word_1_497' title='bbox 2484 987 2622 1031; x_wconf 84' lang='lat' dir='ltr'><strong>terra</strong></span> <span class='ocrx_word' id='word_1_498' title='bbox 2646 1019 2661 1044; x_wconf 90' lang='lat'><strong>,</strong></span> <span class='ocrx_word' id='word_1_499' title='bbox 2694 980 2920 1035; x_wconf 84' lang='lat' dir='ltr'><strong>visibilia</strong></span> <span class='ocrx_word' id='word_1_500' title='bbox 2947 991 3002 1037; x_wconf 90' lang='lat' dir='ltr'><strong>et</strong></span> <span class='ocrx_word' id='word_1_501' title='bbox 3031 983 3291 1038; x_wconf 87' lang='lat' dir='ltr'><strong>iuvisibila</strong></span> <span class='ocrx_word' id='word_1_502' title='bbox 3324 1001 3484 1056; x_wconf 85' lang='lat' dir='ltr'><strong>Opera</strong></span> <span class='ocrx_word' id='word_1_503' title='bbox 3513 987 3650 1056; x_wconf 87' lang='lat' dir='ltr'><strong>ejus,</strong></span> <span class='ocrx_word' id='word_1_504' title='bbox 3683 987 3769 1042; x_wconf 84' lang='lat' dir='ltr'><strong>di-</strong></span> 
     </span>
    </p>
   </div>
   <div class='ocr_carea' id='block_1_69' title="bbox 2171 1066 3765 1148">
    <p class='ocr_par' dir='ltr' id='par_1_69' title="bbox 2171 1066 3765 1148">
     <span class='ocr_line' id='line_1_69' title="bbox 2171 1066 3765 1148; baseline 0.013 -33"><span class='ocrx_word' id='word_1_505' title='bbox 2171 1073 2294 1117; x_wconf 90' lang='lat' dir='ltr'><strong>cunt</strong></span> <span class='ocrx_word' id='word_1_506' title='bbox 2320 1066 2712 1134; x_wconf 82' lang='lat' dir='ltr'><strong>quodammodo</strong></span> <span class='ocrx_word' id='word_1_507' title='bbox 2741 1071 3101 1128; x_wconf 88' lang='lat' dir='ltr'><strong>testimonium</strong></span> <span class='ocrx_word' id='word_1_508' title='bbox 3131 1074 3383 1130; x_wconf 87' lang='lat' dir='ltr'><strong>bonitatis</strong></span> <span class='ocrx_word' id='word_1_509' title='bbox 3413 1087 3464 1132; x_wconf 91' lang='lat' dir='ltr'><strong>et</strong></span> <span class='ocrx_word' id='word_1_510' title='bbox 3492 1080 3765 1148; x_wconf 58' lang='lat' dir='ltr'><strong>magnitua</strong></span> 
     </span>
    </p>
   </div>
   <div class='ocr_carea' id='block_1_70' title="bbox 2171 1152 3768 1240">
    <p class='ocr_par' dir='ltr' id='par_1_70' title="bbox 2171 1152 3768 1240">
     <span class='ocr_line' id='line_1_70' title="bbox 2171 1152 3768 1240; baseline 0.012 -33"><span class='ocrx_word' id='word_1_511' title='bbox 2171 1152 2308 1210; x_wconf 83' lang='lat' dir='ltr'><strong>(linis</strong></span> <span class='ocrx_word' id='word_1_512' title='bbox 2359 1157 2518 1224; x_wconf 82' lang='lat' dir='ltr'><strong>ejus;</strong></span> <span class='ocrx_word' id='word_1_513' title='bbox 2585 1167 2639 1212; x_wconf 89' lang='lat' dir='ltr'><strong>et</strong></span> <span class='ocrx_word' id='word_1_514' title='bbox 2696 1159 2810 1230; x_wconf 89' lang='lat' dir='ltr'><strong>ipse</strong></span> <span class='ocrx_word' id='word_1_515' title='bbox 2867 1177 3055 1218; x_wconf 88' lang='lat' dir='ltr'><strong>cursus</strong></span> <span class='ocrx_word' id='word_1_516' title='bbox 3103 1157 3374 1235; x_wconf 65' lang='lat' dir='ltr'><strong>frequens</strong></span> <span class='ocrx_word' id='word_1_517' title='bbox 3429 1168 3768 1240; x_wconf 74' lang='lat' dir='ltr'><strong>usitatuSque</strong></span> 
     </span>
    </p>
   </div>
   <div class='ocr_carea' id='block_1_71' title="bbox 2170 1253 3764 1323">
    <p class='ocr_par' dir='ltr' id='par_1_71' title="bbox 2170 1253 3764 1323">
     <span class='ocr_line' id='line_1_71' title="bbox 2170 1253 3764 1323; baseline 0.011 -27"><span class='ocrx_word' id='word_1_518' title='bbox 2170 1253 2371 1298; x_wconf 75' lang='lat' dir='ltr'><strong>natura:</strong></span> <span class='ocrx_word' id='word_1_519' title='bbox 2392 1288 2405 1312; x_wconf 92' lang='lat'><strong>,</strong></span> <span class='ocrx_word' id='word_1_520' title='bbox 2437 1263 2543 1317; x_wconf 91' lang='lat' dir='ltr'><strong>quo</strong></span> <span class='ocrx_word' id='word_1_521' title='bbox 2575 1260 2871 1319; x_wconf 89' lang='lat' dir='ltr'><strong>temporum</strong></span> <span class='ocrx_word' id='word_1_522' title='bbox 2906 1254 3169 1323; x_wconf 87' lang='lat' dir='ltr'><strong>rapacitas</strong></span> <span class='ocrx_word' id='word_1_523' title='bbox 3199 1256 3426 1310; x_wconf 82' lang='lat' dir='ltr'><strong>volvitur</strong></span> <span class='ocrx_word' id='word_1_524' title='bbox 3452 1301 3465 1320; x_wconf 88' lang='lat'><strong>,</strong></span> <span class='ocrx_word' id='word_1_525' title='bbox 3498 1258 3549 1312; x_wconf 91' lang='lat' dir='ltr'><strong>in</strong></span> <span class='ocrx_word' id='word_1_526' title='bbox 3582 1273 3764 1315; x_wconf 84' lang='lat' dir='ltr'><strong>rerum</strong></span> 
     </span>
    </p>
   </div>
   <div class='ocr_carea' id='block_1_72' title="bbox 2169 1341 3759 1420">
    <p class='ocr_par' dir='ltr' id='par_1_72' title="bbox 2169 1341 3759 1420">
     <span class='ocr_line' id='line_1_72' title="bbox 2169 1341 3759 1420; baseline 0.013 -34"><span class='ocrx_word' id='word_1_527' title='bbox 2169 1349 2502 1406; x_wconf 87' lang='lat' dir='ltr'><strong>quarumque</strong></span> <span class='ocrx_word' id='word_1_528' title='bbox 2550 1341 2833 1409; x_wconf 88' lang='lat' dir='ltr'><strong>generibus</strong></span> <span class='ocrx_word' id='word_1_529' title='bbox 2857 1385 2872 1408; x_wconf 91' lang='lat'><strong>,</strong></span> <span class='ocrx_word' id='word_1_530' title='bbox 2899 1345 3141 1412; x_wconf 77' lang='lat' dir='ltr'><strong>quamvis</strong></span> <span class='ocrx_word' id='word_1_531' title='bbox 3182 1349 3560 1416; x_wconf 87' lang='lat' dir='ltr'><strong>temporalibus</strong></span> <span class='ocrx_word' id='word_1_532' title='bbox 3594 1361 3759 1420; x_wconf 73' lang='lat' dir='ltr'><strong>atque</strong></span> 
     </span>
    </p>
   </div>
   <div class='ocr_carea' id='block_1_73' title="bbox 2168 1429 3758 1508">
    <p class='ocr_par' dir='ltr' id='par_1_73' title="bbox 2168 1429 3758 1508">
     <span class='ocr_line' id='line_1_73' title="bbox 2168 1429 3758 1508; baseline 0.011 -29"><span class='ocrx_word' id='word_1_533' title='bbox 2168 1429 2510 1495; x_wconf 84' lang='lat' dir='ltr'><strong>mortalibus,</strong></span> <span class='ocrx_word' id='word_1_534' title='bbox 2543 1447 2660 1500; x_wconf 73' lang='lat' dir='ltr'><strong>qua:</strong></span> <span class='ocrx_word' id='word_1_535' title='bbox 2713 1443 2858 1489; x_wconf 89' lang='lat' dir='ltr'><strong>certe</strong></span> <span class='ocrx_word' id='word_1_536' title='bbox 2914 1436 3302 1494; x_wconf 87' lang='lat' dir='ltr'><strong>consuetudine</strong></span> <span class='ocrx_word' id='word_1_537' title='bbox 3359 1441 3662 1508; x_wconf 80' lang='lat' dir='ltr'><strong>vilueruut,</strong></span> <span class='ocrx_word' id='word_1_538' title='bbox 3711 1445 3758 1498; x_wconf 89' lang='lat' dir='ltr'><strong>si</strong></span> 
     </span>
    </p>
   </div>
   <div class='ocr_carea' id='block_1_74' title="bbox 2170 1519 3758 1603">
    <p class='ocr_par' dir='ltr' id='par_1_74' title="bbox 2170 1519 3758 1603">
     <span class='ocr_line' id='line_1_74' title="bbox 2170 1519 3758 1603; baseline 0.013 -31"><span class='ocrx_word' id='word_1_539' title='bbox 2170 1519 2286 1588; x_wconf 82' lang='lat' dir='ltr'><strong>pius</strong></span> <span class='ocrx_word' id='word_1_540' title='bbox 2335 1523 2698 1580; x_wconf 88' lang='lat' dir='ltr'><strong>considerator</strong></span> <span class='ocrx_word' id='word_1_541' title='bbox 2766 1528 3043 1598; x_wconf 80' lang='lat' dir='ltr'><strong>advertat,</strong></span> <span class='ocrx_word' id='word_1_542' title='bbox 3105 1533 3345 1603; x_wconf 87' lang='lat' dir='ltr'><strong>perhibet</strong></span> <span class='ocrx_word' id='word_1_543' title='bbox 3395 1538 3758 1594; x_wconf 68' lang='lat' dir='ltr'><strong>testimonium</strong></span> 
     </span>
    </p>
   </div>
   <div class='ocr_carea' id='block_1_75' title="bbox 2165 1611 3758 1694">
    <p class='ocr_par' dir='ltr' id='par_1_75' title="bbox 2165 1611 3758 1694">
     <span class='ocr_line' id='line_1_75' title="bbox 2165 1611 3758 1694; baseline 0.011 -28"><span class='ocrx_word' id='word_1_544' title='bbox 2165 1611 2432 1668; x_wconf 89' lang='lat' dir='ltr'><strong>Creatori.</strong></span> <span class='ocrx_word' id='word_1_545' title='bbox 2474 1616 2609 1683; x_wconf 84' lang='lat' dir='ltr'><strong>Quid</strong></span> <span class='ocrx_word' id='word_1_546' title='bbox 2635 1628 2813 1673; x_wconf 90' lang='lat' dir='ltr'><strong>autem</strong></span> <span class='ocrx_word' id='word_1_547' title='bbox 2843 1620 3032 1676; x_wconf 87' lang='lat' dir='ltr'><strong>horum</strong></span> <span class='ocrx_word' id='word_1_548' title='bbox 3065 1625 3312 1694; x_wconf 84' lang='lat' dir='ltr'><strong>estquod</strong></span> <span class='ocrx_word' id='word_1_549' title='bbox 3346 1621 3447 1679; x_wconf 88' lang='lat' dir='ltr'><strong>non</strong></span> <span class='ocrx_word' id='word_1_550' title='bbox 3489 1629 3556 1680; x_wconf 86' lang='lat' dir='ltr'><strong>sit</strong></span> <span class='ocrx_word' id='word_1_551' title='bbox 3593 1631 3758 1684; x_wconf 85' lang='lat' dir='ltr'><strong>mira-</strong></span> 
     </span>
    </p>
   </div>
   <div class='ocr_carea' id='block_1_76' title="bbox 2167 1703 3761 1783">
    <p class='ocr_par' dir='ltr' id='par_1_76' title="bbox 2167 1703 3761 1783">
     <span class='ocr_line' id='line_1_76' title="bbox 2167 1703 3761 1783; baseline 0.011 -25"><span class='ocrx_word' id='word_1_552' title='bbox 2167 1703 2274 1760; x_wconf 88' lang='lat' dir='ltr'><strong>bile</strong></span> <span class='ocrx_word' id='word_1_553' title='bbox 2300 1748 2314 1771; x_wconf 91' lang='lat'><strong>,</strong></span> <span class='ocrx_word' id='word_1_554' title='bbox 2345 1708 2388 1760; x_wconf 90' lang='lat' dir='ltr'><strong>si</strong></span> <span class='ocrx_word' id='word_1_555' title='bbox 2426 1724 2589 1764; x_wconf 91' lang='lat' dir='ltr'><strong>unum</strong></span> <span class='ocrx_word' id='word_1_556' title='bbox 2613 1712 2860 1783; x_wconf 90' lang='lat' dir='ltr'><strong>quodque</strong></span> <span class='ocrx_word' id='word_1_557' title='bbox 2889 1731 2993 1769; x_wconf 89' lang='lat' dir='ltr'><strong>non</strong></span> <span class='ocrx_word' id='word_1_558' title='bbox 3025 1731 3121 1782; x_wconf 82' lang='lat' dir='ltr'><strong>usu</strong></span> <span class='ocrx_word' id='word_1_559' title='bbox 3141 1757 3154 1780; x_wconf 91' lang='lat'><strong>,</strong></span> <span class='ocrx_word' id='word_1_560' title='bbox 3187 1717 3279 1771; x_wconf 87' lang='lat' dir='ltr'><strong>sed</strong></span> <span class='ocrx_word' id='word_1_561' title='bbox 3330 1720 3534 1775; x_wconf 87' lang='lat' dir='ltr'><strong>ratione</strong></span> <span class='ocrx_word' id='word_1_562' title='bbox 3570 1723 3761 1777; x_wconf 74' lang='lat' dir='ltr'><strong>metia-</strong></span> 
     </span>
    </p>
   </div>
   <div class='ocr_carea' id='block_1_77' title="bbox 2166 1799 3761 1882">
    <p class='ocr_par' dir='ltr' id='par_1_77' title="bbox 2166 1799 3761 1882">
     <span class='ocr_line' id='line_1_77' title="bbox 2166 1799 3761 1882; baseline 0.013 -32"><span class='ocrx_word' id='word_1_563' title='bbox 2166 1800 2331 1872; x_wconf 87' lang='lat' dir='ltr'><strong>mur?</strong></span> <span class='ocrx_word' id='word_1_564' title='bbox 2361 1799 2416 1854; x_wconf 92' lang='lat' dir='ltr'><strong>Si</strong></span> <span class='ocrx_word' id='word_1_565' title='bbox 2472 1817 2601 1856; x_wconf 88' lang='lat' dir='ltr'><strong>vcro</strong></span> <span class='ocrx_word' id='word_1_566' title='bbox 2653 1813 2906 1876; x_wconf 88' lang='lat' dir='ltr'><strong>tanquam</strong></span> <span class='ocrx_word' id='word_1_567' title='bbox 2959 1809 3057 1862; x_wconf 79' lang='lat' dir='ltr'><strong>Sub</strong></span> <span class='ocrx_word' id='word_1_568' title='bbox 3099 1810 3254 1864; x_wconf 88' lang='lat' dir='ltr'><strong>unitts</strong></span> <span class='ocrx_word' id='word_1_569' title='bbox 3292 1814 3761 1882; x_wconf 71' lang='lat' dir='ltr'><strong>Contemplationis</strong></span> 
     </span>
    </p>
   </div>
   <div class='ocr_carea' id='block_1_78' title="bbox 2164 1893 3756 1968">
    <p class='ocr_par' dir='ltr' id='par_1_78' title="bbox 2164 1893 3756 1968">
     <span class='ocr_line' id='line_1_78' title="bbox 2164 1893 3756 1968; baseline 0.012 -26"><span class='ocrx_word' id='word_1_570' title='bbox 2164 1900 2382 1959; x_wconf 78' lang='lat' dir='ltr'><strong>aspectu</strong></span> <span class='ocrx_word' id='word_1_571' title='bbox 2401 1893 2547 1948; x_wconf 86' lang='lat' dir='ltr'><strong>velut</strong></span> <span class='ocrx_word' id='word_1_572' title='bbox 2572 1895 2864 1951; x_wconf 88' lang='lat' dir='ltr'><strong>audeamus</strong></span> <span class='ocrx_word' id='word_1_573' title='bbox 2887 1909 3074 1952; x_wconf 91' lang='lat' dir='ltr'><strong>cuncta</strong></span> <span class='ocrx_word' id='word_1_574' title='bbox 3105 1902 3364 1968; x_wconf 89' lang='lat' dir='ltr'><strong>contueri,</strong></span> <span class='ocrx_word' id='word_1_575' title='bbox 3398 1917 3577 1959; x_wconf 91' lang='lat' dir='ltr'><strong>nonne</strong></span> <span class='ocrx_word' id='word_1_576' title='bbox 3603 1905 3662 1959; x_wconf 84' lang='lat' dir='ltr'><strong>lit</strong></span> <span class='ocrx_word' id='word_1_577' title='bbox 3699 1906 3756 1961; x_wconf 88' lang='lat' dir='ltr'><strong>in</strong></span> 
     </span>
    </p>
   </div>
   <div class='ocr_carea' id='block_1_79' title="bbox 2167 1980 3754 2064">
    <p class='ocr_par' dir='ltr' id='par_1_79' title="bbox 2167 1980 3754 2064">
     <span class='ocr_line' id='line_1_79' title="bbox 2167 1980 3754 2064; baseline 0.012 -31"><span class='ocrx_word' id='word_1_578' title='bbox 2167 1980 2321 2035; x_wconf 91' lang='lat' dir='ltr'><strong>nobis</strong></span> <span class='ocrx_word' id='word_1_579' title='bbox 2361 1984 2501 2051; x_wconf 88' lang='lat' dir='ltr'><strong>quod</strong></span> <span class='ocrx_word' id='word_1_580' title='bbox 2548 1986 2621 2040; x_wconf 87' lang='lat' dir='ltr'><strong>ait</strong></span> <span class='ocrx_word' id='word_1_581' title='bbox 2649 1987 2902 2057; x_wconf 86' lang='lat' dir='ltr'><strong>propheta</strong></span> <span class='ocrx_word' id='word_1_582' title='bbox 2935 2009 2947 2044; x_wconf 94' lang='lat'>:</span> <span class='ocrx_word' id='word_1_583' title='bbox 2994 1990 3318 2046; x_wconf 75' lang='lat' dir='ltr'><strong>Cousiderari</strong></span> <span class='ocrx_word' id='word_1_584' title='bbox 3346 2010 3498 2064; x_wconf 86' lang='lat' dir='ltr'><strong>opera</strong></span> <span class='ocrx_word' id='word_1_585' title='bbox 3539 2005 3660 2063; x_wconf 90' lang='lat' dir='ltr'><strong>tua,</strong></span> <span class='ocrx_word' id='word_1_586' title='bbox 3703 2009 3754 2053; x_wconf 83' lang='lat' dir='ltr'><strong>et</strong></span> 
     </span>
    </p>
   </div>
   <div class='ocr_carea' id='block_1_80' title="bbox 2165 2066 3756 2149">
    <p class='ocr_par' dir='ltr' id='par_1_80' title="bbox 2165 2066 3756 2149">
     <span class='ocr_line' id='line_1_80' title="bbox 2165 2066 3756 2149; baseline 0.011 -31"><span class='ocrx_word' id='word_1_587' title='bbox 2165 2066 2589 2136; x_wconf 75' lang='lat' dir='ltr'><strong>expaviUIubuc.</strong></span> <span class='ocrx_word' id='word_1_588' title='bbox 2636 2072 2870 2143; x_wconf 73' lang='lat'><strong>111,1)?</strong></span> <span class='ocrx_word' id='word_1_589' title='bbox 2916 2073 2984 2128; x_wconf 71' lang='lat' dir='ltr'><strong>Et</strong></span> <span class='ocrx_word' id='word_1_590' title='bbox 3021 2084 3195 2129; x_wconf 87' lang='lat' dir='ltr'><strong>tamen</strong></span> <span class='ocrx_word' id='word_1_591' title='bbox 3243 2077 3339 2130; x_wconf 90' lang='lat' dir='ltr'><strong>istc</strong></span> <span class='ocrx_word' id='word_1_592' title='bbox 3370 2093 3474 2132; x_wconf 92' lang='lat' dir='ltr'><strong>non</strong></span> <span class='ocrx_word' id='word_1_593' title='bbox 3517 2090 3598 2133; x_wconf 89' lang='lat' dir='ltr'><strong>est</strong></span> <span class='ocrx_word' id='word_1_594' title='bbox 3640 2080 3756 2149; x_wconf 80' lang='lat' dir='ltr'><strong>ipsa</strong></span> 
     </span>
    </p>
   </div>
   <div class='ocr_carea' id='block_1_81' title="bbox 2164 2158 3758 2238">
    <p class='ocr_par' dir='ltr' id='par_1_81' title="bbox 2164 2158 3758 2238">
     <span class='ocr_line' id='line_1_81' title="bbox 2164 2158 3758 2238; baseline 0.011 -29"><span class='ocrx_word' id='word_1_595' title='bbox 2164 2169 2342 2210; x_wconf 90' lang='lat' dir='ltr'><strong>rerum</strong></span> <span class='ocrx_word' id='word_1_596' title='bbox 2373 2158 2726 2216; x_wconf 80' lang='lat' dir='ltr'><strong>admiratione</strong></span> <span class='ocrx_word' id='word_1_597' title='bbox 2773 2165 3121 2233; x_wconf 84' lang='lat' dir='ltr'><strong>perterritus,</strong></span> <span class='ocrx_word' id='word_1_598' title='bbox 3152 2166 3245 2221; x_wconf 86' lang='lat' dir='ltr'><strong>sed</strong></span> <span class='ocrx_word' id='word_1_599' title='bbox 3275 2182 3390 2222; x_wconf 89' lang='lat' dir='ltr'><strong>eam</strong></span> <span class='ocrx_word' id='word_1_600' title='bbox 3419 2171 3595 2238; x_wconf 89' lang='lat' dir='ltr'><strong>potius</strong></span> <span class='ocrx_word' id='word_1_601' title='bbox 3622 2171 3758 2227; x_wconf 76' lang='lat' dir='ltr'><strong>dixit</strong></span> 
     </span>
    </p>
   </div>
   <div class='ocr_carea' id='block_1_82' title="bbox 2162 2254 3756 2330">
    <p class='ocr_par' dir='ltr' id='par_1_82' title="bbox 2162 2254 3756 2330">
     <span class='ocr_line' id='line_1_82' title="bbox 2162 2254 3756 2330; baseline 0.01 -28"><span class='ocrx_word' id='word_1_602' title='bbox 2162 2262 2280 2303; x_wconf 76' lang='lat' dir='ltr'><strong>esse</strong></span> <span class='ocrx_word' id='word_1_603' title='bbox 2302 2265 2514 2308; x_wconf 79' lang='lat' dir='ltr'><strong>causam</strong></span> <span class='ocrx_word' id='word_1_604' title='bbox 2538 2268 2632 2307; x_wconf 90' lang='lat' dir='ltr'><strong>cur</strong></span> <span class='ocrx_word' id='word_1_605' title='bbox 2657 2270 2718 2308; x_wconf 88' lang='lat' dir='ltr'><strong>ea</strong></span> <span class='ocrx_word' id='word_1_606' title='bbox 2744 2254 2989 2311; x_wconf 89' lang='lat' dir='ltr'><strong>debuerit</strong></span> <span class='ocrx_word' id='word_1_607' title='bbox 3012 2260 3258 2323; x_wconf 82' lang='lat' dir='ltr'><strong>scrutari,</strong></span> <span class='ocrx_word' id='word_1_608' title='bbox 3290 2260 3410 2330; x_wconf 88' lang='lat' dir='ltr'><strong>quia</strong></span> <span class='ocrx_word' id='word_1_609' title='bbox 3441 2263 3574 2315; x_wconf 89' lang='lat' dir='ltr'><strong>mira</strong></span> <span class='ocrx_word' id='word_1_610' title='bbox 3600 2276 3756 2318; x_wconf 88' lang='lat' dir='ltr'><strong>sunt.</strong></span> 
     </span>
    </p>
   </div>
   <div class='ocr_carea' id='block_1_83' title="bbox 2161 2339 3756 2414">
    <p class='ocr_par' dir='ltr' id='par_1_83' title="bbox 2161 2339 3756 2414">
     <span class='ocr_line' id='line_1_83' title="bbox 2161 2339 3756 2414; baseline 0.011 -21"><span class='ocrx_word' id='word_1_611' title='bbox 2161 2339 2294 2394; x_wconf 81' lang='lat' dir='ltr'><strong>Cum</strong></span> <span class='ocrx_word' id='word_1_612' title='bbox 2322 2345 2462 2397; x_wconf 87' lang='lat' dir='ltr'><strong>enim</strong></span> <span class='ocrx_word' id='word_1_613' title='bbox 2487 2343 2710 2400; x_wconf 77' lang='lat' dir='ltr'><strong>dixisset</strong></span> <span class='ocrx_word' id='word_1_614' title='bbox 2736 2388 2751 2414; x_wconf 92' lang='lat'><strong>,</strong></span> <span class='ocrx_word' id='word_1_615' title='bbox 2779 2347 3040 2401; x_wconf 79' lang='lat' dir='ltr'><strong>Mirabilia</strong></span> <span class='ocrx_word' id='word_1_616' title='bbox 3067 2351 3351 2405; x_wconf 83' lang='lat' dir='ltr'><strong>testimonia</strong></span> <span class='ocrx_word' id='word_1_617' title='bbox 3377 2361 3466 2405; x_wconf 83' lang='lat' dir='ltr'><strong>tua</strong></span> <span class='ocrx_word' id='word_1_618' title='bbox 3486 2367 3506 2405; x_wconf 91' lang='lat'><strong><em>:</em></strong></span> <span class='ocrx_word' id='word_1_619' title='bbox 3533 2361 3756 2411; x_wconf 83' lang='lat' dir='ltr'><strong>secutus</strong></span> 
     </span>
    </p>
   </div>
   <div class='ocr_carea' id='block_1_84' title="bbox 2161 2435 3758 2515">
    <p class='ocr_par' dir='ltr' id='par_1_84' title="bbox 2161 2435 3758 2515">
     <span class='ocr_line' id='line_1_84' title="bbox 2161 2435 3758 2515; baseline 0.008 -27"><span class='ocrx_word' id='word_1_620' title='bbox 2161 2435 2424 2504; x_wconf 76' lang='lat' dir='ltr'><strong>adjunxit,</strong></span> <span class='ocrx_word' id='word_1_621' title='bbox 2452 2449 2656 2508; x_wconf 83' lang='lat' dir='ltr'><strong>propter</strong></span> <span class='ocrx_word' id='word_1_622' title='bbox 2681 2440 2775 2493; x_wconf 77' lang='lat' dir='ltr'><strong>ltoc</strong></span> <span class='ocrx_word' id='word_1_623' title='bbox 2792 2450 3016 2494; x_wconf 79' lang='lat' dir='ltr'><strong>scrutata</strong></span> <span class='ocrx_word' id='word_1_624' title='bbox 3039 2452 3110 2495; x_wconf 88' lang='lat' dir='ltr'><strong>est</strong></span> <span class='ocrx_word' id='word_1_625' title='bbox 3135 2459 3192 2494; x_wconf 87' lang='lat' dir='ltr'><strong>ea</strong></span> <span class='ocrx_word' id='word_1_626' title='bbox 3215 2443 3389 2496; x_wconf 85' lang='lat' dir='ltr'><strong>animo</strong></span> <span class='ocrx_word' id='word_1_627' title='bbox 3417 2460 3570 2508; x_wconf 87' lang='lat' dir='ltr'><strong>mea;</strong></span> <span class='ocrx_word' id='word_1_628' title='bbox 3598 2446 3758 2515; x_wconf 87' lang='lat' dir='ltr'><strong>quasi</strong></span> 
     </span>
    </p>
   </div>
   <div class='ocr_carea' id='block_1_85' title="bbox 2163 2526 3755 2604">
    <p class='ocr_par' dir='ltr' id='par_1_85' title="bbox 2163 2526 3755 2604">
     <span class='ocr_line' id='line_1_85' title="bbox 2163 2526 3755 2604; baseline 0.007 -23"><span class='ocrx_word' id='word_1_629' title='bbox 2163 2526 2335 2584; x_wconf 75' lang='lat' dir='ltr'><strong>iactus</strong></span> <span class='ocrx_word' id='word_1_630' title='bbox 2373 2531 2442 2584; x_wconf 91' lang='lat' dir='ltr'><strong>sit</strong></span> <span class='ocrx_word' id='word_1_631' title='bbox 2482 2531 2595 2601; x_wconf 89' lang='lat' dir='ltr'><strong>ipse</strong></span> <span class='ocrx_word' id='word_1_632' title='bbox 2654 2533 3048 2604; x_wconf 83' lang='lat' dir='ltr'><strong>pervestigandi</strong></span> <span class='ocrx_word' id='word_1_633' title='bbox 3101 2534 3415 2590; x_wconf 81' lang='lat' dir='ltr'><strong>difﬁcultate</strong></span> <span class='ocrx_word' id='word_1_634' title='bbox 3454 2537 3755 2593; x_wconf 84' lang='lat' dir='ltr'><strong>curiosior.</strong></span> 
     </span>
    </p>
   </div>
   <div class='ocr_carea' id='block_1_86' title="bbox 2121 2621 3750 2698">
    <p class='ocr_par' dir='ltr' id='par_1_86' title="bbox 2121 2621 3750 2698">
     <span class='ocr_line' id='line_1_86' title="bbox 2121 2621 3750 2698; baseline 0.009 -27"><span class='ocrx_word' id='word_1_635' title='bbox 2121 2640 2127 2645; x_wconf 88' lang='lat'><strong><em>-</em></strong></span> <span class='ocrx_word' id='word_1_636' title='bbox 2161 2621 2369 2686; x_wconf 86' lang='lat' dir='ltr'><strong>Quanto</strong></span> <span class='ocrx_word' id='word_1_637' title='bbox 2397 2624 2539 2677; x_wconf 86' lang='lat' dir='ltr'><strong>enim</strong></span> <span class='ocrx_word' id='word_1_638' title='bbox 2576 2640 2798 2693; x_wconf 71' lang='lat' dir='ltr'><strong>quaeque</strong></span> <span class='ocrx_word' id='word_1_639' title='bbox 2825 2641 2912 2680; x_wconf 90' lang='lat' dir='ltr'><strong>res</strong></span> <span class='ocrx_word' id='word_1_640' title='bbox 2937 2625 3295 2682; x_wconf 80' lang='lat' dir='ltr'><strong>abstrusiares</strong></span> <span class='ocrx_word' id='word_1_641' title='bbox 3325 2627 3486 2684; x_wconf 87' lang='lat' dir='ltr'><strong>habet</strong></span> <span class='ocrx_word' id='word_1_642' title='bbox 3513 2638 3706 2684; x_wconf 85' lang='lat' dir='ltr'><strong>causas</strong></span> <span class='ocrx_word' id='word_1_643' title='bbox 3731 2670 3750 2698; x_wconf 90' lang='lat'><strong>,</strong></span> 
     </span>
    </p>
   </div>
   <div class='ocr_carea' id='block_1_87' title="bbox 2163 2714 2756 2768">
    <p class='ocr_par' dir='ltr' id='par_1_87' title="bbox 2163 2714 2756 2768">
     <span class='ocr_line' id='line_1_87' title="bbox 2163 2714 2756 2768; baseline 0.003 -2"><span class='ocrx_word' id='word_1_644' title='bbox 2163 2720 2308 2766; x_wconf 88' lang='lat' dir='ltr'><strong>tanto</strong></span> <span class='ocrx_word' id='word_1_645' title='bbox 2331 2723 2413 2768; x_wconf 85' lang='lat' dir='ltr'><strong>est</strong></span> <span class='ocrx_word' id='word_1_646' title='bbox 2443 2714 2756 2768; x_wconf 84' lang='lat' dir='ltr'><strong>mirabilior.</strong></span> 
     </span>
    </p>
   </div>
   <div class='ocr_carea' id='block_1_88' title="bbox 2230 2805 3756 2883">
    <p class='ocr_par' dir='ltr' id='par_1_88' title="bbox 2230 2805 3756 2883">
     <span class='ocr_line' id='line_1_88' title="bbox 2230 2805 3756 2883; baseline 0.007 -25"><span class='ocrx_word' id='word_1_647' title='bbox 2230 2805 2284 2860; x_wconf 73' lang='lat'><strong>2.</strong></span> <span class='ocrx_word' id='word_1_648' title='bbox 2325 2805 2379 2861; x_wconf 91' lang='lat' dir='ltr'><strong>Si</strong></span> <span class='ocrx_word' id='word_1_649' title='bbox 2415 2822 2541 2876; x_wconf 86' lang='lat' dir='ltr'><strong>ergo</strong></span> <span class='ocrx_word' id='word_1_650' title='bbox 2579 2807 2731 2861; x_wconf 89' lang='lat' dir='ltr'><strong>nobis</strong></span> <span class='ocrx_word' id='word_1_651' title='bbox 2759 2807 2920 2861; x_wconf 89' lang='lat' dir='ltr'><strong>homo</strong></span> <span class='ocrx_word' id='word_1_652' title='bbox 2961 2808 3078 2862; x_wconf 91' lang='lat' dir='ltr'><strong>talis</strong></span> <span class='ocrx_word' id='word_1_653' title='bbox 3107 2817 3384 2877; x_wconf 89' lang='lat' dir='ltr'><strong>occurrat,</strong></span> <span class='ocrx_word' id='word_1_654' title='bbox 3415 2811 3502 2881; x_wconf 93' lang='lat' dir='ltr'><strong>qui</strong></span> <span class='ocrx_word' id='word_1_655' title='bbox 3527 2822 3756 2883; x_wconf 75' lang='lat' dir='ltr'><strong>propter</strong></span> 
     </span>
    </p>
   </div>
   <div class='ocr_carea' id='block_1_89' title="bbox 2161 2894 3758 2970">
    <p class='ocr_par' dir='ltr' id='par_1_89' title="bbox 2161 2894 3758 2970">
     <span class='ocr_line' id='line_1_89' title="bbox 2161 2894 3758 2970; baseline 0.006 -22"><span class='ocrx_word' id='word_1_656' title='bbox 2161 2894 2262 2950; x_wconf 89' lang='lat' dir='ltr'><strong>hoc</strong></span> <span class='ocrx_word' id='word_1_657' title='bbox 2290 2896 2431 2950; x_wconf 88' lang='lat' dir='ltr'><strong>dicat</strong></span> <span class='ocrx_word' id='word_1_658' title='bbox 2469 2911 2527 2951; x_wconf 92' lang='lat' dir='ltr'><strong>se</strong></span> <span class='ocrx_word' id='word_1_659' title='bbox 2566 2900 2792 2951; x_wconf 87' lang='lat' dir='ltr'><strong>scrutari</strong></span> <span class='ocrx_word' id='word_1_660' title='bbox 2835 2899 3137 2953; x_wconf 88' lang='lat' dir='ltr'><strong>testimonia</strong></span> <span class='ocrx_word' id='word_1_661' title='bbox 3179 2900 3305 2967; x_wconf 88' lang='lat' dir='ltr'><strong>Dei,</strong></span> <span class='ocrx_word' id='word_1_662' title='bbox 3339 2901 3460 2970; x_wconf 90' lang='lat' dir='ltr'><strong>quia</strong></span> <span class='ocrx_word' id='word_1_663' title='bbox 3490 2904 3758 2958; x_wconf 85' lang='lat' dir='ltr'><strong>mirabilia</strong></span> 
     </span>
    </p>
   </div>
   <div class='ocr_carea' id='block_1_90' title="bbox 2160 2989 3760 3064">
    <p class='ocr_par' dir='ltr' id='par_1_90' title="bbox 2160 2989 3760 3064">
     <span class='ocr_line' id='line_1_90' title="bbox 2160 2989 3760 3064; baseline 0.004 -24"><span class='ocrx_word' id='word_1_664' title='bbox 2160 2997 2281 3042; x_wconf 89' lang='lat' dir='ltr'><strong>sunt</strong></span> <span class='ocrx_word' id='word_1_665' title='bbox 2305 3030 2320 3052; x_wconf 94' lang='lat'><strong>,</strong></span> <span class='ocrx_word' id='word_1_666' title='bbox 2359 3003 2477 3042; x_wconf 91' lang='lat' dir='ltr'><strong>cum</strong></span> <span class='ocrx_word' id='word_1_667' title='bbox 2523 2989 2676 3058; x_wconf 85' lang='lat' dir='ltr'><strong>plena</strong></span> <span class='ocrx_word' id='word_1_668' title='bbox 2708 2990 2775 3042; x_wconf 86' lang='lat' dir='ltr'><strong>sit</strong></span> <span class='ocrx_word' id='word_1_669' title='bbox 2813 2990 2890 3044; x_wconf 65' lang='lat' dir='ltr'><strong>eis</strong></span> <span class='ocrx_word' id='word_1_670' title='bbox 2919 2999 2972 3044; x_wconf 89' lang='lat' dir='ltr'><strong>et</strong></span> <span class='ocrx_word' id='word_1_671' title='bbox 3007 3007 3126 3060; x_wconf 65' lang='lat' dir='ltr'><strong>qtae</strong></span> <span class='ocrx_word' id='word_1_672' title='bbox 3155 2992 3512 3061; x_wconf 88' lang='lat' dir='ltr'><strong>conspicitur,</strong></span> <span class='ocrx_word' id='word_1_673' title='bbox 3545 3002 3599 3047; x_wconf 88' lang='lat' dir='ltr'><strong>et</strong></span> <span class='ocrx_word' id='word_1_674' title='bbox 3636 3010 3760 3064; x_wconf 77' lang='lat' dir='ltr'><strong>qua:</strong></span> 
     </span>
    </p>
   </div>
   <div class='ocr_carea' id='block_1_91' title="bbox 2159 3079 3751 3153">
    <p class='ocr_par' dir='ltr' id='par_1_91' title="bbox 2159 3079 3751 3153">
     <span class='ocr_line' id='line_1_91' title="bbox 2159 3079 3751 3153; baseline 0.003 -19"><span class='ocrx_word' id='word_1_675' title='bbox 2159 3095 2265 3134; x_wconf 85' lang='lat' dir='ltr'><strong>non</strong></span> <span class='ocrx_word' id='word_1_676' title='bbox 2303 3079 2627 3150; x_wconf 89' lang='lat' dir='ltr'><strong>conspicitur</strong></span> <span class='ocrx_word' id='word_1_677' title='bbox 2650 3123 2664 3145; x_wconf 96' lang='lat'><strong>,</strong></span> <span class='ocrx_word' id='word_1_678' title='bbox 2697 3081 2939 3135; x_wconf 84' lang='lat' dir='ltr'><strong>universa</strong></span> <span class='ocrx_word' id='word_1_679' title='bbox 2985 3091 3268 3146; x_wconf 87' lang='lat' dir='ltr'><strong>creatura;</strong></span> <span class='ocrx_word' id='word_1_680' title='bbox 3313 3098 3489 3138; x_wconf 89' lang='lat' dir='ltr'><strong>nonne</strong></span> <span class='ocrx_word' id='word_1_681' title='bbox 3528 3099 3751 3153; x_wconf 84' lang='lat' dir='ltr'><strong>compe-</strong></span> 
     </span>
    </p>
   </div>
   <div class='ocr_carea' id='block_1_92' title="bbox 2157 3171 3760 3245">
    <p class='ocr_par' dir='ltr' id='par_1_92' title="bbox 2157 3171 3760 3245">
     <span class='ocr_line' id='line_1_92' title="bbox 2157 3171 3760 3245; baseline 0.001 -18"><span class='ocrx_word' id='word_1_682' title='bbox 2157 3173 2356 3227; x_wconf 89' lang='lat' dir='ltr'><strong>scimus</strong></span> <span class='ocrx_word' id='word_1_683' title='bbox 2387 3187 2506 3225; x_wconf 85' lang='lat' dir='ltr'><strong>eum</strong></span> <span class='ocrx_word' id='word_1_684' title='bbox 2529 3210 2544 3236; x_wconf 92' lang='lat'><strong>,</strong></span> <span class='ocrx_word' id='word_1_685' title='bbox 2572 3171 2810 3226; x_wconf 89' lang='lat' dir='ltr'><strong>dicentes</strong></span> <span class='ocrx_word' id='word_1_686' title='bbox 2839 3187 2851 3224; x_wconf 90' lang='lat'><strong>:</strong></span> <span class='ocrx_word' id='word_1_687' title='bbox 2881 3172 3076 3226; x_wconf 70' lang='lat' dir='ltr'><strong>A&#39;ltiora</strong></span> <span class='ocrx_word' id='word_1_688' title='bbox 3100 3183 3154 3226; x_wconf 85' lang='lat' dir='ltr'><strong>te</strong></span> <span class='ocrx_word' id='word_1_689' title='bbox 3181 3191 3242 3226; x_wconf 89' lang='lat' dir='ltr'><strong>ne</strong></span> <span class='ocrx_word' id='word_1_690' title='bbox 3264 3175 3542 3245; x_wconf 76' lang='lat' dir='ltr'><strong>qutesieris,</strong></span> <span class='ocrx_word' id='word_1_691' title='bbox 3573 3185 3618 3228; x_wconf 89' lang='lat' dir='ltr'><strong>et</strong></span> <span class='ocrx_word' id='word_1_692' title='bbox 3648 3179 3760 3244; x_wconf 81' lang='lat' dir='ltr'><strong>[or-</strong></span> 
     </span>
    </p>
   </div>
   <div class='ocr_carea' id='block_1_93' title="bbox 2157 3263 3761 3336">
    <p class='ocr_par' dir='ltr' id='par_1_93' title="bbox 2157 3263 3761 3336">
     <span class='ocr_line' id='line_1_93' title="bbox 2157 3263 3761 3336; baseline 0.002 -19"><span class='ocrx_word' id='word_1_693' title='bbox 2157 3265 2284 3317; x_wconf 86' lang='lat' dir='ltr'><strong>tiora</strong></span> <span class='ocrx_word' id='word_1_694' title='bbox 2316 3273 2362 3317; x_wconf 85' lang='lat' dir='ltr'><strong>te</strong></span> <span class='ocrx_word' id='word_1_695' title='bbox 2402 3281 2463 3317; x_wconf 87' lang='lat' dir='ltr'><strong>ne</strong></span> <span class='ocrx_word' id='word_1_696' title='bbox 2491 3273 2738 3317; x_wconf 76' lang='lat' dir='ltr'><strong>scrutatus</strong></span> <span class='ocrx_word' id='word_1_697' title='bbox 2767 3263 2928 3332; x_wconf 77' lang='lat' dir='ltr'><strong>[ueris</strong></span> <span class='ocrx_word' id='word_1_698' title='bbox 2946 3279 2965 3328; x_wconf 89' lang='lat'><strong><em>;</em></strong></span> <span class='ocrx_word' id='word_1_699' title='bbox 2993 3264 3082 3317; x_wconf 85' lang='lat' dir='ltr'><strong>sed</strong></span> <span class='ocrx_word' id='word_1_700' title='bbox 3099 3280 3222 3336; x_wconf 78' lang='lat' dir='ltr'><strong>qua:</strong></span> <span class='ocrx_word' id='word_1_701' title='bbox 3267 3265 3350 3318; x_wconf 84' lang='lat' dir='ltr'><strong>tibi</strong></span> <span class='ocrx_word' id='word_1_702' title='bbox 3383 3266 3620 3335; x_wconf 68' lang='lat' dir='ltr'><strong>praecepit</strong></span> <span class='ocrx_word' id='word_1_703' title='bbox 3649 3265 3761 3320; x_wconf 86' lang='lat' dir='ltr'><strong>Do-</strong></span> 
     </span>
    </p>
   </div>
   <div class='ocr_carea' id='block_1_94' title="bbox 2157 3354 3758 3426">
    <p class='ocr_par' dir='ltr' id='par_1_94' title="bbox 2157 3354 3758 3426">
     <span class='ocr_line' id='line_1_94' title="bbox 2157 3354 3758 3426; baseline 0.002 -18"><span class='ocrx_word' id='word_1_704' title='bbox 2157 3358 2344 3422; x_wconf 86' lang='lat' dir='ltr'><strong>minus,</strong></span> <span class='ocrx_word' id='word_1_705' title='bbox 2363 3354 2454 3408; x_wconf 86' lang='lat' dir='ltr'><strong>illa</strong></span> <span class='ocrx_word' id='word_1_706' title='bbox 2474 3356 2637 3425; x_wconf 85' lang='lat' dir='ltr'><strong>cogita</strong></span> <span class='ocrx_word' id='word_1_707' title='bbox 2663 3371 2859 3426; x_wconf 84' lang='lat' dir='ltr'><strong>semper</strong></span> <span class='ocrx_word' id='word_1_708' title='bbox 2886 3357 2902 3423; x_wconf 94' lang='lat'><strong>(</strong></span> <span class='ocrx_word' id='word_1_709' title='bbox 2927 3355 3087 3410; x_wconf 83' lang='lat' dir='ltr'><strong>Eccli.</strong></span> <span class='ocrx_word' id='word_1_710' title='bbox 3119 3373 3196 3422; x_wconf 90' lang='grc' dir='ltr'>ιιι,</span> <span class='ocrx_word' id='word_1_711' title='bbox 3222 3355 3294 3410; x_wconf 66' lang='lat'><strong>22</strong></span> <span class='ocrx_word' id='word_1_712' title='bbox 3311 3357 3366 3424; x_wconf 81' lang='lat'><strong>)?</strong></span> <span class='ocrx_word' id='word_1_713' title='bbox 3397 3356 3500 3411; x_wconf 88' lang='lat' dir='ltr'><strong>Sed</strong></span> <span class='ocrx_word' id='word_1_714' title='bbox 3524 3358 3568 3410; x_wconf 91' lang='lat' dir='ltr'><strong>si</strong></span> <span class='ocrx_word' id='word_1_715' title='bbox 3598 3358 3758 3412; x_wconf 88' lang='lat' dir='ltr'><strong>nobis</strong></span> 
     </span>
    </p>
   </div>
   <div class='ocr_carea' id='block_1_95' title="bbox 2156 3447 3760 3518">
    <p class='ocr_par' dir='ltr' id='par_1_95' title="bbox 2156 3447 3760 3518">
     <span class='ocr_line' id='line_1_95' title="bbox 2156 3447 3760 3518; baseline 0 -16"><span class='ocrx_word' id='word_1_716' title='bbox 2156 3449 2507 3517; x_wconf 80' lang='lat' dir='ltr'><strong>reSpoudeat,</strong></span> <span class='ocrx_word' id='word_1_717' title='bbox 2541 3455 2594 3502; x_wconf 88' lang='lat' dir='ltr'><strong>et</strong></span> <span class='ocrx_word' id='word_1_718' title='bbox 2621 3447 2796 3514; x_wconf 87' lang='lat' dir='ltr'><strong>dicat,</strong></span> <span class='ocrx_word' id='word_1_719' title='bbox 2827 3447 2954 3502; x_wconf 62' lang='lat' dir='ltr'><strong>Haec</strong></span> <span class='ocrx_word' id='word_1_720' title='bbox 2995 3448 3107 3517; x_wconf 88' lang='lat' dir='ltr'><strong>ipsa</strong></span> <span class='ocrx_word' id='word_1_721' title='bbox 3137 3463 3254 3518; x_wconf 81' lang='lat' dir='ltr'><strong>qua:</strong></span> <span class='ocrx_word' id='word_1_722' title='bbox 3294 3448 3544 3518; x_wconf 55' lang='lat' dir='ltr'><strong>pra&#39;tcepit</strong></span> <span class='ocrx_word' id='word_1_723' title='bbox 3572 3447 3760 3503; x_wconf 83' lang='lat' dir='ltr'><strong>Domi-</strong></span> 
     </span>
    </p>
   </div>
   <div class='ocr_carea' id='block_1_96' title="bbox 2157 3538 3757 3609">
    <p class='ocr_par' dir='ltr' id='par_1_96' title="bbox 2157 3538 3757 3609">
     <span class='ocr_line' id='line_1_96' title="bbox 2157 3538 3757 3609; baseline 0 -15"><span class='ocrx_word' id='word_1_724' title='bbox 2157 3554 2255 3594; x_wconf 87' lang='lat' dir='ltr'><strong>nus</strong></span> <span class='ocrx_word' id='word_1_725' title='bbox 2278 3581 2292 3602; x_wconf 88' lang='lat'><strong>,</strong></span> <span class='ocrx_word' id='word_1_726' title='bbox 2316 3549 2369 3594; x_wconf 91' lang='lat' dir='ltr'><strong>et</strong></span> <span class='ocrx_word' id='word_1_727' title='bbox 2404 3555 2520 3608; x_wconf 68' lang='lat' dir='ltr'><strong>qum</strong></span> <span class='ocrx_word' id='word_1_728' title='bbox 2550 3538 2747 3608; x_wconf 87' lang='lat' dir='ltr'><strong>jnbetis</strong></span> <span class='ocrx_word' id='word_1_729' title='bbox 2787 3546 2845 3592; x_wconf 90' lang='lat' dir='ltr'><strong>ut</strong></span> <span class='ocrx_word' id='word_1_730' title='bbox 2884 3540 3148 3609; x_wconf 84' lang='lat' dir='ltr'><strong>cogitem,</strong></span> <span class='ocrx_word' id='word_1_731' title='bbox 3183 3539 3443 3594; x_wconf 87' lang='lat' dir='ltr'><strong>mirabilia</strong></span> <span class='ocrx_word' id='word_1_732' title='bbox 3481 3546 3605 3593; x_wconf 88' lang='lat' dir='ltr'><strong>sunt</strong></span> <span class='ocrx_word' id='word_1_733' title='bbox 3636 3540 3757 3609; x_wconf 82' lang='lat' dir='ltr'><strong>ejus</strong></span> 
     </span>
    </p>
   </div>
   <div class='ocr_carea' id='block_1_97' title="bbox 2157 3631 3759 3701">
    <p class='ocr_par' dir='ltr' id='par_1_97' title="bbox 2157 3631 3759 3701">
     <span class='ocr_line' id='line_1_97' title="bbox 2157 3631 3759 3701; baseline 0.001 -15"><span class='ocrx_word' id='word_1_734' title='bbox 2157 3633 2456 3686; x_wconf 88' lang='lat' dir='ltr'><strong>testimonia</strong></span> <span class='ocrx_word' id='word_1_735' title='bbox 2485 3649 2500 3696; x_wconf 88' lang='lat'><strong>;</strong></span> <span class='ocrx_word' id='word_1_736' title='bbox 2537 3646 2656 3685; x_wconf 90' lang='lat' dir='ltr'><strong>eum</strong></span> <span class='ocrx_word' id='word_1_737' title='bbox 2684 3631 2880 3701; x_wconf 88' lang='lat' dir='ltr'><strong>quippe</strong></span> <span class='ocrx_word' id='word_1_738' title='bbox 2903 3640 2960 3686; x_wconf 89' lang='lat' dir='ltr'><strong>et</strong></span> <span class='ocrx_word' id='word_1_739' title='bbox 2989 3631 3266 3685; x_wconf 87' lang='lat' dir='ltr'><strong>Dominmn</strong></span> <span class='ocrx_word' id='word_1_740' title='bbox 3290 3674 3302 3694; x_wconf 95' lang='lat'><strong>,</strong></span> <span class='ocrx_word' id='word_1_741' title='bbox 3333 3632 3452 3700; x_wconf 89' lang='lat' dir='ltr'><strong>quia</strong></span> <span class='ocrx_word' id='word_1_742' title='bbox 3480 3631 3628 3700; x_wconf 86' lang='lat' dir='ltr'><strong>jubet</strong></span> <span class='ocrx_word' id='word_1_743' title='bbox 3658 3641 3759 3698; x_wconf 80' lang='lat' dir='ltr'><strong>,‘et</strong></span> 
     </span>
    </p>
   </div>
   <div class='ocr_carea' id='block_1_98' title="bbox 2157 3723 3755 3793">
    <p class='ocr_par' dir='ltr' id='par_1_98' title="bbox 2157 3723 3755 3793">
     <span class='ocr_line' id='line_1_98' title="bbox 2157 3723 3755 3793; baseline 0.002 -16"><span class='ocrx_word' id='word_1_744' title='bbox 2157 3723 2351 3778; x_wconf 89' lang='lat' dir='ltr'><strong>boumn</strong></span> <span class='ocrx_word' id='word_1_745' title='bbox 2383 3733 2435 3776; x_wconf 90' lang='lat' dir='ltr'><strong>et</strong></span> <span class='ocrx_word' id='word_1_746' title='bbox 2467 3738 2734 3793; x_wconf 85' lang='lat' dir='ltr'><strong>magnum,</strong></span> <span class='ocrx_word' id='word_1_747' title='bbox 2765 3724 2885 3793; x_wconf 85' lang='lat' dir='ltr'><strong>quia</strong></span> <span class='ocrx_word' id='word_1_748' title='bbox 2919 3723 3040 3777; x_wconf 87' lang='lat' dir='ltr'><strong>talia</strong></span> <span class='ocrx_word' id='word_1_749' title='bbox 3066 3723 3253 3792; x_wconf 86' lang='lat' dir='ltr'><strong>jubet,</strong></span> <span class='ocrx_word' id='word_1_750' title='bbox 3283 3733 3404 3779; x_wconf 79' lang='lat' dir='ltr'><strong>esse</strong></span> <span class='ocrx_word' id='word_1_751' title='bbox 3444 3731 3710 3779; x_wconf 75' lang='lat' dir='ltr'><strong>testanmr</strong></span> <span class='ocrx_word' id='word_1_752' title='bbox 3740 3742 3755 3780; x_wconf 91' lang='lat'><strong>:</strong></span> 
     </span>
    </p>
   </div>
   <div class='ocr_carea' id='block_1_99' title="bbox 2155 3812 3759 3884">
    <p class='ocr_par' dir='ltr' id='par_1_99' title="bbox 2155 3812 3759 3884">
     <span class='ocr_line' id='line_1_99' title="bbox 2155 3812 3759 3884; baseline 0.002 -16"><span class='ocrx_word' id='word_1_753' title='bbox 2155 3812 2414 3884; x_wconf 90' lang='lat' dir='ltr'><strong>numquid</strong></span> <span class='ocrx_word' id='word_1_754' title='bbox 2445 3814 2760 3869; x_wconf 88' lang='lat' dir='ltr'><strong>audebimus</strong></span> <span class='ocrx_word' id='word_1_755' title='bbox 2807 3813 3077 3869; x_wconf 87' lang='lat' dir='ltr'><strong>hominem</strong></span> <span class='ocrx_word' id='word_1_756' title='bbox 3121 3815 3189 3868; x_wconf 88' lang='lat' dir='ltr'><strong>ab</strong></span> <span class='ocrx_word' id='word_1_757' title='bbox 3213 3829 3400 3870; x_wconf 90' lang='lat' dir='ltr'><strong>eorum</strong></span> <span class='ocrx_word' id='word_1_758' title='bbox 3427 3816 3759 3872; x_wconf 83' lang='lat' dir='ltr'><strong>scrutatione</strong></span> 
     </span>
    </p>
   </div>
   <div class='ocr_carea' id='block_1_100' title="bbox 2154 3903 3760 3975">
    <p class='ocr_par' dir='ltr' id='par_1_100' title="bbox 2154 3903 3760 3975">
     <span class='ocr_line' id='line_1_100' title="bbox 2154 3903 3760 3975; baseline 0.001 -16"><span class='ocrx_word' id='word_1_759' title='bbox 2154 3919 2445 3968; x_wconf 87' lang='lat' dir='ltr'><strong>revocare,</strong></span> <span class='ocrx_word' id='word_1_760' title='bbox 2477 3919 2542 3958; x_wconf 87' lang='lat' dir='ltr'><strong>ac</strong></span> <span class='ocrx_word' id='word_1_761' title='bbox 2582 3920 2688 3960; x_wconf 89' lang='lat' dir='ltr'><strong>non</strong></span> <span class='ocrx_word' id='word_1_762' title='bbox 2726 3903 2901 3974; x_wconf 86' lang='lat' dir='ltr'><strong>potius</strong></span> <span class='ocrx_word' id='word_1_763' title='bbox 2943 3913 3000 3958; x_wconf 93' lang='lat' dir='ltr'><strong>ut</strong></span> <span class='ocrx_word' id='word_1_764' title='bbox 3037 3904 3226 3959; x_wconf 85' lang='lat' dir='ltr'><strong>scdulo</strong></span> <span class='ocrx_word' id='word_1_765' title='bbox 3262 3904 3314 3959; x_wconf 86' lang='lat' dir='ltr'><strong>id</strong></span> <span class='ocrx_word' id='word_1_766' title='bbox 3344 3913 3493 3975; x_wconf 85' lang='lat' dir='ltr'><strong>agat,</strong></span> <span class='ocrx_word' id='word_1_767' title='bbox 3517 3913 3572 3959; x_wconf 91' lang='lat' dir='ltr'><strong>et</strong></span> <span class='ocrx_word' id='word_1_768' title='bbox 3595 3913 3760 3960; x_wconf 57' lang='lat' dir='ltr'><strong>tanta;</strong></span> 
     </span>
    </p>
   </div>
   <div class='ocr_carea' id='block_1_101' title="bbox 2155 3997 3759 4066">
    <p class='ocr_par' dir='ltr' id='par_1_101' title="bbox 2155 3997 3759 4066">
     <span class='ocr_line' id='line_1_101' title="bbox 2155 3997 3759 4066; baseline -0.001 -15"><span class='ocrx_word' id='word_1_769' title='bbox 2155 3998 2230 4051; x_wconf 84' lang='lat' dir='ltr'><strong>rei</strong></span> <span class='ocrx_word' id='word_1_770' title='bbox 2260 4012 2476 4065; x_wconf 88' lang='lat' dir='ltr'><strong>operam</strong></span> <span class='ocrx_word' id='word_1_771' title='bbox 2505 4007 2755 4066; x_wconf 85' lang='lat' dir='ltr'><strong>quantam</strong></span> <span class='ocrx_word' id='word_1_772' title='bbox 2805 4005 2982 4066; x_wconf 85' lang='lat' dir='ltr'><strong>potest</strong></span> <span class='ocrx_word' id='word_1_773' title='bbox 3023 3997 3296 4065; x_wconf 87' lang='lat' dir='ltr'><strong>impendat</strong></span> <span class='ocrx_word' id='word_1_774' title='bbox 3319 4037 3333 4060; x_wconf 94' lang='lat'><strong>,</strong></span> <span class='ocrx_word' id='word_1_775' title='bbox 3375 3997 3759 4051; x_wconf 74' lang='lat' dir='ltr'><strong>hortabimur?</strong></span> 
     </span>
    </p>
   </div>
   <div class='ocr_carea' id='block_1_102' title="bbox 2154 4088 3758 4160">
    <p class='ocr_par' dir='ltr' id='par_1_102' title="bbox 2154 4088 3758 4160">
     <span class='ocr_line' id='line_1_102' title="bbox 2154 4088 3758 4160; baseline 0.002 -18"><span class='ocrx_word' id='word_1_776' title='bbox 2154 4089 2235 4142; x_wconf 85' lang='lat' dir='ltr'><strong>An</strong></span> <span class='ocrx_word' id='word_1_777' title='bbox 2269 4088 2406 4144; x_wconf 82' lang='lat' dir='ltr'><strong>forte</strong></span> <span class='ocrx_word' id='word_1_778' title='bbox 2449 4091 2542 4144; x_wconf 87' lang='lat' dir='ltr'><strong>Dei</strong></span> <span class='ocrx_word' id='word_1_779' title='bbox 2590 4099 2854 4160; x_wconf 82' lang='lat' dir='ltr'><strong>praecepta</strong></span> <span class='ocrx_word' id='word_1_780' title='bbox 2902 4090 3202 4145; x_wconf 80' lang='lat' dir='ltr'><strong>testimonia</strong></span> <span class='ocrx_word' id='word_1_781' title='bbox 3245 4089 3456 4159; x_wconf 87' lang='lat' dir='ltr'><strong>quidem</strong></span> <span class='ocrx_word' id='word_1_782' title='bbox 3502 4089 3758 4147; x_wconf 84' lang='lat' dir='ltr'><strong>bonitatis</strong></span> 
     </span>
    </p>
   </div>
   <div class='ocr_carea' id='block_1_103' title="bbox 2151 4179 3758 4251">
    <p class='ocr_par' dir='ltr' id='par_1_103' title="bbox 2151 4179 3758 4251">
     <span class='ocr_line' id='line_1_103' title="bbox 2151 4179 3758 4251; baseline 0.001 -17"><span class='ocrx_word' id='word_1_783' title='bbox 2151 4179 2270 4249; x_wconf 88' lang='lat' dir='ltr'><strong>ejus</strong></span> <span class='ocrx_word' id='word_1_784' title='bbox 2297 4196 2417 4236; x_wconf 80' lang='lat' dir='ltr'><strong>esse</strong></span> <span class='ocrx_word' id='word_1_785' title='bbox 2457 4181 2740 4238; x_wconf 81' lang='lat' dir='ltr'><strong>fatebimur</strong></span> <span class='ocrx_word' id='word_1_786' title='bbox 2763 4222 2778 4245; x_wconf 94' lang='lat'><strong>,</strong></span> <span class='ocrx_word' id='word_1_787' title='bbox 2812 4181 2905 4236; x_wconf 89' lang='lat' dir='ltr'><strong>sed</strong></span> <span class='ocrx_word' id='word_1_788' title='bbox 2945 4181 3211 4235; x_wconf 86' lang='lat' dir='ltr'><strong>mirabilia</strong></span> <span class='ocrx_word' id='word_1_789' title='bbox 3253 4196 3371 4235; x_wconf 86' lang='lat' dir='ltr'><strong>esse</strong></span> <span class='ocrx_word' id='word_1_790' title='bbox 3401 4183 3758 4251; x_wconf 79' lang='lat' dir='ltr'><strong>negabimus?</strong></span> 
     </span>
    </p>
   </div>
   <div class='ocr_carea' id='block_1_104' title="bbox 2153 4271 3757 4342">
    <p class='ocr_par' dir='ltr' id='par_1_104' title="bbox 2153 4271 3757 4342">
     <span class='ocr_line' id='line_1_104' title="bbox 2153 4271 3757 4342; baseline 0.002 -20"><span class='ocrx_word' id='word_1_791' title='bbox 2153 4271 2290 4339; x_wconf 84' lang='lat' dir='ltr'><strong>Quid</strong></span> <span class='ocrx_word' id='word_1_792' title='bbox 2315 4273 2457 4326; x_wconf 89' lang='lat' dir='ltr'><strong>enim</strong></span> <span class='ocrx_word' id='word_1_793' title='bbox 2486 4273 2700 4337; x_wconf 91' lang='lat' dir='ltr'><strong>mirum,</strong></span> <span class='ocrx_word' id='word_1_794' title='bbox 2734 4273 2778 4327; x_wconf 91' lang='lat' dir='ltr'><strong>si</strong></span> <span class='ocrx_word' id='word_1_795' title='bbox 2823 4272 2959 4326; x_wconf 88' lang='lat' dir='ltr'><strong>bona</strong></span> <span class='ocrx_word' id='word_1_796' title='bbox 2995 4274 3219 4342; x_wconf 88' lang='lat' dir='ltr'><strong>imperat</strong></span> <span class='ocrx_word' id='word_1_797' title='bbox 3250 4273 3421 4326; x_wconf 86' lang='lat' dir='ltr'><strong>bonus</strong></span> <span class='ocrx_word' id='word_1_798' title='bbox 3453 4272 3757 4328; x_wconf 77' lang='lat' dir='ltr'><strong>Dominus?</strong></span> 
     </span>
    </p>
   </div>
   <div class='ocr_carea' id='block_1_105' title="bbox 2157 4363 3756 4434">
    <p class='ocr_par' dir='ltr' id='par_1_105' title="bbox 2157 4363 3756 4434">
     <span class='ocr_line' id='line_1_105' title="bbox 2157 4363 3756 4434; baseline 0.003 -18"><span class='ocrx_word' id='word_1_799' title='bbox 2157 4363 2267 4418; x_wconf 79' lang='lat' dir='ltr'><strong>lino</strong></span> <span class='ocrx_word' id='word_1_800' title='bbox 2293 4379 2419 4419; x_wconf 90' lang='lat' dir='ltr'><strong>vero</strong></span> <span class='ocrx_word' id='word_1_801' title='bbox 2449 4363 2673 4434; x_wconf 86' lang='lat' dir='ltr'><strong>idipsum</strong></span> <span class='ocrx_word' id='word_1_802' title='bbox 2715 4373 2797 4418; x_wconf 90' lang='lat' dir='ltr'><strong>est</strong></span> <span class='ocrx_word' id='word_1_803' title='bbox 2826 4366 3044 4421; x_wconf 87' lang='lat' dir='ltr'><strong>omnino</strong></span> <span class='ocrx_word' id='word_1_804' title='bbox 3090 4366 3390 4420; x_wconf 87' lang='lat' dir='ltr'><strong>mirandum</strong></span> <span class='ocrx_word' id='word_1_805' title='bbox 3416 4407 3430 4430; x_wconf 94' lang='lat'><strong>,</strong></span> <span class='ocrx_word' id='word_1_806' title='bbox 3458 4377 3514 4422; x_wconf 90' lang='lat' dir='ltr'><strong>et</strong></span> <span class='ocrx_word' id='word_1_807' title='bbox 3558 4384 3654 4420; x_wconf 87' lang='lat' dir='ltr'><strong>eor</strong></span> <span class='ocrx_word' id='word_1_808' title='bbox 3683 4367 3756 4422; x_wconf 89' lang='lat' dir='ltr'><strong>ita</strong></span> 
     </span>
    </p>
   </div>
   <div class='ocr_carea' id='block_1_106' title="bbox 2153 4455 3757 4526">
    <p class='ocr_par' dir='ltr' id='par_1_106' title="bbox 2153 4455 3757 4526">
     <span class='ocr_line' id='line_1_106' title="bbox 2153 4455 3757 4526; baseline 0.002 -17"><span class='ocrx_word' id='word_1_809' title='bbox 2153 4455 2224 4508; x_wconf 88' lang='lat' dir='ltr'><strong>sit</strong></span> <span class='ocrx_word' id='word_1_810' title='bbox 2255 4455 2718 4525; x_wconf 89' lang='lat' dir='ltr'><strong>perscrutandum,</strong></span> <span class='ocrx_word' id='word_1_811' title='bbox 2747 4455 2888 4525; x_wconf 87' lang='lat' dir='ltr'><strong>quod</strong></span> <span class='ocrx_word' id='word_1_812' title='bbox 2916 4469 3037 4511; x_wconf 88' lang='lat' dir='ltr'><strong>cum</strong></span> <span class='ocrx_word' id='word_1_813' title='bbox 3071 4457 3211 4512; x_wconf 83' lang='lat' dir='ltr'><strong>Dens</strong></span> <span class='ocrx_word' id='word_1_814' title='bbox 3241 4458 3412 4511; x_wconf 86' lang='lat' dir='ltr'><strong>bonus</strong></span> <span class='ocrx_word' id='word_1_815' title='bbox 3442 4457 3580 4512; x_wconf 87' lang='lat' dir='ltr'><strong>bona</strong></span> <span class='ocrx_word' id='word_1_816' title='bbox 3613 4473 3757 4526; x_wconf 46' lang='lat' dir='ltr'><strong>pra»</strong></span> 
     </span>
    </p>
   </div>
   <div class='ocr_carea' id='block_1_107' title="bbox 2154 4547 3756 4619">
    <p class='ocr_par' dir='ltr' id='par_1_107' title="bbox 2154 4547 3756 4619">
     <span class='ocr_line' id='line_1_107' title="bbox 2154 4547 3756 4619; baseline 0.002 -18"><span class='ocrx_word' id='word_1_817' title='bbox 2154 4551 2378 4617; x_wconf 84' lang='lat' dir='ltr'><strong>ceperit,</strong></span> <span class='ocrx_word' id='word_1_818' title='bbox 2403 4550 2482 4603; x_wconf 88' lang='lat' dir='ltr'><strong>eis</strong></span> <span class='ocrx_word' id='word_1_819' title='bbox 2505 4558 2680 4603; x_wconf 86' lang='lat' dir='ltr'><strong>tamen</strong></span> <span class='ocrx_word' id='word_1_820' title='bbox 2716 4547 2925 4602; x_wconf 85' lang='lat' dir='ltr'><strong>dederit</strong></span> <span class='ocrx_word' id='word_1_821' title='bbox 2952 4549 3144 4604; x_wconf 88' lang='lat' dir='ltr'><strong>bonam</strong></span> <span class='ocrx_word' id='word_1_822' title='bbox 3182 4551 3378 4619; x_wconf 80' lang='lat' dir='ltr'><strong>legem,</strong></span> <span class='ocrx_word' id='word_1_823' title='bbox 3405 4565 3540 4618; x_wconf 86' lang='lat' dir='ltr'><strong>quos</strong></span> <span class='ocrx_word' id='word_1_824' title='bbox 3565 4551 3756 4605; x_wconf 86' lang='lat' dir='ltr'><strong>eadem</strong></span> 
     </span>
    </p>
   </div>
   <div class='ocr_carea' id='block_1_108' title="bbox 2155 4641 3757 4710">
    <p class='ocr_par' dir='ltr' id='par_1_108' title="bbox 2155 4641 3757 4710">
     <span class='ocr_line' id='line_1_108' title="bbox 2155 4641 3757 4710; baseline 0.002 -16"><span class='ocrx_word' id='word_1_825' title='bbox 2155 4641 2239 4695; x_wconf 79' lang='lat' dir='ltr'><strong>lex</strong></span> <span class='ocrx_word' id='word_1_826' title='bbox 2269 4641 2540 4695; x_wconf 90' lang='lat' dir='ltr'><strong>viviﬁcare</strong></span> <span class='ocrx_word' id='word_1_827' title='bbox 2566 4656 2670 4694; x_wconf 91' lang='lat' dir='ltr'><strong>non</strong></span> <span class='ocrx_word' id='word_1_828' title='bbox 2701 4649 2918 4708; x_wconf 83' lang='lat' dir='ltr'><strong>posset,</strong></span> <span class='ocrx_word' id='word_1_829' title='bbox 2945 4657 3042 4696; x_wconf 77' lang='lat' dir='ltr'><strong>nec</strong></span> <span class='ocrx_word' id='word_1_830' title='bbox 3073 4642 3178 4694; x_wconf 87' lang='lat' dir='ltr'><strong>ulla</strong></span> <span class='ocrx_word' id='word_1_831' title='bbox 3208 4652 3353 4696; x_wconf 84' lang='lat' dir='ltr'><strong>esset</strong></span> <span class='ocrx_word' id='word_1_832' title='bbox 3379 4657 3442 4695; x_wconf 84' lang='lat' dir='ltr'><strong>ex</strong></span> <span class='ocrx_word' id='word_1_833' title='bbox 3469 4643 3605 4696; x_wconf 85' lang='lat' dir='ltr'><strong>bona</strong></span> <span class='ocrx_word' id='word_1_834' title='bbox 3639 4645 3757 4710; x_wconf 81' lang='lat' dir='ltr'><strong>tege</strong></span> 
     </span>
    </p>
   </div>
   <div class='ocr_carea' id='block_1_109' title="bbox 2149 4733 3753 4804">
    <p class='ocr_par' dir='ltr' id='par_1_109' title="bbox 2149 4733 3753 4804">
     <span class='ocr_line' id='line_1_109' title="bbox 2149 4733 3753 4804; baseline 0 -16"><span class='ocrx_word' id='word_1_835' title='bbox 2149 4734 2374 4804; x_wconf 83' lang='lat' dir='ltr'><strong>justitia.</strong></span> <span class='ocrx_word' id='word_1_836' title='bbox 2406 4733 2464 4788; x_wconf 88' lang='lat' dir='ltr'><strong>Si</strong></span> <span class='ocrx_word' id='word_1_837' title='bbox 2504 4735 2637 4787; x_wconf 84' lang='lat' dir='ltr'><strong>enim</strong></span> <span class='ocrx_word' id='word_1_838' title='bbox 2675 4734 2795 4787; x_wconf 87' lang='lat' dir='ltr'><strong>data</strong></span> <span class='ocrx_word' id='word_1_839' title='bbox 2841 4745 2966 4789; x_wconf 84' lang='lat' dir='ltr'><strong>esset</strong></span> <span class='ocrx_word' id='word_1_840' title='bbox 3013 4737 3093 4788; x_wconf 75' lang='lat' dir='ltr'><strong>lea:</strong></span> <span class='ocrx_word' id='word_1_841' title='bbox 3132 4750 3244 4803; x_wconf 77' lang='lat' dir='ltr'><strong>qua:</strong></span> <span class='ocrx_word' id='word_1_842' title='bbox 3283 4745 3444 4803; x_wconf 81' lang='lat' dir='ltr'><strong>posset</strong></span> <span class='ocrx_word' id='word_1_843' title='bbox 3473 4736 3753 4803; x_wconf 76' lang='lat' dir='ltr'><strong>viri/icore,</strong></span> 
     </span>
    </p>
   </div>
   <div class='ocr_carea' id='block_1_110' title="bbox 2157 4825 3757 4897">
    <p class='ocr_par' dir='ltr' id='par_1_110' title="bbox 2157 4825 3757 4897">
     <span class='ocr_line' id='line_1_110' title="bbox 2157 4825 3757 4897; baseline 0.001 -17"><span class='ocrx_word' id='word_1_844' title='bbox 2157 4825 2363 4880; x_wconf 71' lang='lat' dir='ltr'><strong>coruino</strong></span> <span class='ocrx_word' id='word_1_845' title='bbox 2389 4842 2454 4880; x_wconf 79' lang='lat' dir='ltr'><strong>ea:</strong></span> <span class='ocrx_word' id='word_1_846' title='bbox 2478 4825 2586 4897; x_wconf 86' lang='lat' dir='ltr'><strong>lege</strong></span> <span class='ocrx_word' id='word_1_847' title='bbox 2627 4837 2754 4880; x_wconf 84' lang='lat' dir='ltr'><strong>esset</strong></span> <span class='ocrx_word' id='word_1_848' title='bbox 2786 4827 3008 4897; x_wconf 79' lang='lat' dir='ltr'><strong>justitta.</strong></span> <span class='ocrx_word' id='word_1_849' title='bbox 3055 4827 3161 4881; x_wconf 82' lang='lat' dir='ltr'><strong>Cur</strong></span> <span class='ocrx_word' id='word_1_850' title='bbox 3199 4842 3326 4895; x_wconf 84' lang='lat' dir='ltr'><strong>ergo</strong></span> <span class='ocrx_word' id='word_1_851' title='bbox 3355 4827 3477 4880; x_wconf 88' lang='lat' dir='ltr'><strong>data</strong></span> <span class='ocrx_word' id='word_1_852' title='bbox 3519 4834 3604 4881; x_wconf 85' lang='lat' dir='ltr'><strong>est</strong></span> <span class='ocrx_word' id='word_1_853' title='bbox 3633 4841 3757 4895; x_wconf 62' lang='lat' dir='ltr'><strong>qum</strong></span> 
     </span>
    </p>
   </div>
   <div class='ocr_carea' id='block_1_111' title="bbox 2154 4917 3750 4987">
    <p class='ocr_par' dir='ltr' id='par_1_111' title="bbox 2154 4917 3750 4987">
     <span class='ocr_line' id='line_1_111' title="bbox 2154 4917 3750 4987; baseline 0 -17"><span class='ocrx_word' id='word_1_854' title='bbox 2154 4917 2426 4972; x_wconf 86' lang='lat' dir='ltr'><strong>viviﬁcare</strong></span> <span class='ocrx_word' id='word_1_855' title='bbox 2450 4932 2558 4970; x_wconf 92' lang='lat' dir='ltr'><strong>non</strong></span> <span class='ocrx_word' id='word_1_856' title='bbox 2603 4926 2801 4986; x_wconf 88' lang='lat' dir='ltr'><strong>posset,</strong></span> <span class='ocrx_word' id='word_1_857' title='bbox 2831 4926 2884 4972; x_wconf 88' lang='lat' dir='ltr'><strong>et</strong></span> <span class='ocrx_word' id='word_1_858' title='bbox 2910 4932 2975 4971; x_wconf 81' lang='lat' dir='ltr'><strong>ex</strong></span> <span class='ocrx_word' id='word_1_859' title='bbox 3003 4932 3104 4987; x_wconf 84' lang='lat' dir='ltr'><strong>qua</strong></span> <span class='ocrx_word' id='word_1_860' title='bbox 3142 4926 3287 4972; x_wconf 86' lang='lat' dir='ltr'><strong>esset</strong></span> <span class='ocrx_word' id='word_1_861' title='bbox 3327 4919 3473 4972; x_wconf 89' lang='lat' dir='ltr'><strong>nulla</strong></span> <span class='ocrx_word' id='word_1_862' title='bbox 3509 4917 3750 4987; x_wconf 72' lang='lat' dir='ltr'><strong>justitia?</strong></span> 
     </span>
    </p>
   </div>
   <div class='ocr_carea' id='block_1_112' title="bbox 2156 5007 3756 5079">
    <p class='ocr_par' dir='ltr' id='par_1_112' title="bbox 2156 5007 3756 5079">
     <span class='ocr_line' id='line_1_112' title="bbox 2156 5007 3756 5079; baseline 0.001 -17"><span class='ocrx_word' id='word_1_863' title='bbox 2156 5007 2361 5078; x_wconf 84' lang='lat' dir='ltr'><strong>Nempe</strong></span> <span class='ocrx_word' id='word_1_864' title='bbox 2396 5009 2694 5064; x_wconf 79' lang='lat' dir='ltr'><strong>mirandum</strong></span> <span class='ocrx_word' id='word_1_865' title='bbox 2722 5018 2838 5071; x_wconf 89' lang='lat' dir='ltr'><strong>est,</strong></span> <span class='ocrx_word' id='word_1_866' title='bbox 2867 5024 3061 5079; x_wconf 88' lang='lat' dir='ltr'><strong>nempe</strong></span> <span class='ocrx_word' id='word_1_867' title='bbox 3095 5010 3439 5079; x_wconf 86' lang='lat' dir='ltr'><strong>stupendum.</strong></span> <span class='ocrx_word' id='word_1_868' title='bbox 3477 5009 3602 5064; x_wconf 76' lang='lat' dir='ltr'><strong>ihee</strong></span> <span class='ocrx_word' id='word_1_869' title='bbox 3629 5022 3756 5064; x_wconf 86' lang='lat' dir='ltr'><strong>sunt</strong></span> 
     </span>
    </p>
   </div>
   <div class='ocr_carea' id='block_1_113' title="bbox 2154 5101 3756 5172">
    <p class='ocr_par' dir='ltr' id='par_1_113' title="bbox 2154 5101 3756 5172">
     <span class='ocr_line' id='line_1_113' title="bbox 2154 5101 3756 5172; baseline -0.001 -16"><span class='ocrx_word' id='word_1_870' title='bbox 2154 5116 2282 5172; x_wconf 88' lang='lat' dir='ltr'><strong>ergo</strong></span> <span class='ocrx_word' id='word_1_871' title='bbox 2333 5101 2597 5156; x_wconf 84' lang='lat' dir='ltr'><strong>mirabilia</strong></span> <span class='ocrx_word' id='word_1_872' title='bbox 2647 5102 2949 5156; x_wconf 86' lang='lat' dir='ltr'><strong>testimonia</strong></span> <span class='ocrx_word' id='word_1_873' title='bbox 2999 5101 3142 5156; x_wconf 88' lang='lat' dir='ltr'><strong>Dei:</strong></span> <span class='ocrx_word' id='word_1_874' title='bbox 3180 5111 3394 5171; x_wconf 87' lang='lat' dir='ltr'><strong>propter</strong></span> <span class='ocrx_word' id='word_1_875' title='bbox 3445 5103 3545 5156; x_wconf 88' lang='lat' dir='ltr'><strong>hoc</strong></span> <span class='ocrx_word' id='word_1_876' title='bbox 3597 5101 3756 5171; x_wconf 88' lang='lat' dir='ltr'><strong>hujus</strong></span> 
     </span>
    </p>
   </div>
   <div class='ocr_carea' id='block_1_114' title="bbox 2154 5193 3752 5263">
    <p class='ocr_par' dir='ltr' id='par_1_114' title="bbox 2154 5193 3752 5263">
     <span class='ocr_line' id='line_1_114' title="bbox 2154 5193 3752 5263; baseline 0.001 -16"><span class='ocrx_word' id='word_1_877' title='bbox 2154 5193 2332 5248; x_wconf 88' lang='lat' dir='ltr'><strong>anima</strong></span> <span class='ocrx_word' id='word_1_878' title='bbox 2373 5201 2604 5249; x_wconf 87' lang='lat' dir='ltr'><strong>scrutata</strong></span> <span class='ocrx_word' id='word_1_879' title='bbox 2653 5205 2735 5246; x_wconf 89' lang='lat' dir='ltr'><strong>est</strong></span> <span class='ocrx_word' id='word_1_880' title='bbox 2773 5208 2837 5247; x_wconf 88' lang='lat' dir='ltr'><strong>ea</strong></span> <span class='ocrx_word' id='word_1_881' title='bbox 2863 5233 2877 5256; x_wconf 91' lang='lat'><strong>,</strong></span> <span class='ocrx_word' id='word_1_882' title='bbox 2922 5195 3172 5263; x_wconf 88' lang='lat' dir='ltr'><strong>quoniam</strong></span> <span class='ocrx_word' id='word_1_883' title='bbox 3204 5194 3272 5249; x_wconf 89' lang='lat' dir='ltr'><strong>de</strong></span> <span class='ocrx_word' id='word_1_884' title='bbox 3313 5194 3394 5248; x_wconf 90' lang='lat' dir='ltr'><strong>his</strong></span> <span class='ocrx_word' id='word_1_885' title='bbox 3424 5209 3529 5249; x_wconf 89' lang='lat' dir='ltr'><strong>non</strong></span> <span class='ocrx_word' id='word_1_886' title='bbox 3559 5196 3606 5248; x_wconf 89' lang='lat' dir='ltr'><strong>ei</strong></span> <span class='ocrx_word' id='word_1_887' title='bbox 3645 5195 3752 5248; x_wconf 86' lang='lat' dir='ltr'><strong>dici</strong></span> 
     </span>
    </p>
   </div>
   <div class='ocr_carea' id='block_1_115' title="bbox 3785 5073 3810 5120">
    <p class='ocr_par' dir='ltr' id='par_1_115' title="bbox 3785 5073 3810 5120">
     <span class='ocr_line' id='line_1_115' title="bbox 3785 5073 3810 5120; baseline 0 -38"><span class='ocrx_word' id='word_1_888' title='bbox 3785 5073 3810 5120; x_wconf 47' lang='grc' dir='ltr'><strong>ς</strong></span> 
     </span>
    </p>
   </div>
   <div class='ocr_carea' id='block_1_116' title="bbox 2141 5283 3752 5354">
    <p class='ocr_par' dir='ltr' id='par_1_116' title="bbox 2141 5283 3752 5354">
     <span class='ocr_line' id='line_1_116' title="bbox 2141 5283 3752 5354; baseline -0.001 -15"><span class='ocrx_word' id='word_1_889' title='bbox 2141 5293 2332 5354; x_wconf 80' lang='lat' dir='ltr'><strong>posset</strong></span> <span class='ocrx_word' id='word_1_890' title='bbox 2360 5326 2374 5347; x_wconf 96' lang='lat'><strong>,</strong></span> <span class='ocrx_word' id='word_1_891' title='bbox 2405 5283 2639 5337; x_wconf 84' lang='lat' dir='ltr'><strong>Fortiora</strong></span> <span class='ocrx_word' id='word_1_892' title='bbox 2667 5293 2713 5336; x_wconf 90' lang='lat' dir='ltr'><strong>te</strong></span> <span class='ocrx_word' id='word_1_893' title='bbox 2736 5299 2798 5337; x_wconf 87' lang='lat' dir='ltr'><strong>ne</strong></span> <span class='ocrx_word' id='word_1_894' title='bbox 2845 5294 3094 5338; x_wconf 85' lang='lat' dir='ltr'><strong>scrutatus</strong></span> <span class='ocrx_word' id='word_1_895' title='bbox 3126 5286 3312 5354; x_wconf 73' lang='lat' dir='ltr'><strong>fueris;</strong></span> <span class='ocrx_word' id='word_1_896' title='bbox 3340 5286 3428 5339; x_wconf 80' lang='lat' dir='ltr'><strong>sed</strong></span> <span class='ocrx_word' id='word_1_897' title='bbox 3470 5301 3584 5351; x_wconf 83' lang='lat' dir='ltr'><strong>quw</strong></span> <span class='ocrx_word' id='word_1_898' title='bbox 3621 5301 3752 5351; x_wconf 66' lang='lat' dir='ltr'><strong>pra--</strong></span> 
     </span>
    </p>
   </div>
   <div class='ocr_carea' id='block_1_117' title="bbox 2157 5373 3753 5445">
    <p class='ocr_par' dir='ltr' id='par_1_117' title="bbox 2157 5373 3753 5445">
     <span class='ocr_line' id='line_1_117' title="bbox 2157 5373 3753 5445; baseline 0 -18"><span class='ocrx_word' id='word_1_899' title='bbox 2157 5376 2286 5445; x_wconf 86' lang='lat' dir='ltr'><strong>cepit</strong></span> <span class='ocrx_word' id='word_1_900' title='bbox 2311 5374 2399 5428; x_wconf 82' lang='lat' dir='ltr'><strong>tibi</strong></span> <span class='ocrx_word' id='word_1_901' title='bbox 2440 5373 2688 5428; x_wconf 84' lang='lat' dir='ltr'><strong>Dominus</strong></span> <span class='ocrx_word' id='word_1_902' title='bbox 2707 5417 2721 5437; x_wconf 91' lang='lat'><strong>,</strong></span> <span class='ocrx_word' id='word_1_903' title='bbox 2752 5375 2844 5428; x_wconf 86' lang='lat' dir='ltr'><strong>illa</strong></span> <span class='ocrx_word' id='word_1_904' title='bbox 2867 5375 3033 5445; x_wconf 81' lang='lat' dir='ltr'><strong>cogita</strong></span> <span class='ocrx_word' id='word_1_905' title='bbox 3059 5392 3272 5444; x_wconf 87' lang='lat' dir='ltr'><strong>semper.</strong></span> <span class='ocrx_word' id='word_1_906' title='bbox 3316 5376 3435 5444; x_wconf 86' lang='lat' dir='ltr'><strong>Ipsa</strong></span> <span class='ocrx_word' id='word_1_907' title='bbox 3465 5386 3588 5430; x_wconf 89' lang='lat' dir='ltr'><strong>sunt</strong></span> <span class='ocrx_word' id='word_1_908' title='bbox 3608 5377 3753 5430; x_wconf 89' lang='lat' dir='ltr'><strong>enim</strong></span> 
     </span>
    </p>
   </div>
   <div class='ocr_carea' id='block_1_118' title="bbox 2157 5466 3754 5538">
    <p class='ocr_par' dir='ltr' id='par_1_118' title="bbox 2157 5466 3754 5538">
     <span class='ocr_line' id='line_1_118' title="bbox 2157 5466 3754 5538; baseline 0.001 -18"><span class='ocrx_word' id='word_1_909' title='bbox 2157 5481 2274 5534; x_wconf 78' lang='lat' dir='ltr'><strong>quze</strong></span> <span class='ocrx_word' id='word_1_910' title='bbox 2307 5466 2555 5533; x_wconf 73' lang='lat' dir='ltr'><strong>pra-cepit</strong></span> <span class='ocrx_word' id='word_1_911' title='bbox 2586 5466 2739 5521; x_wconf 89' lang='lat' dir='ltr'><strong>nobis</strong></span> <span class='ocrx_word' id='word_1_912' title='bbox 2769 5467 3024 5522; x_wconf 86' lang='lat' dir='ltr'><strong>Dominus</strong></span> <span class='ocrx_word' id='word_1_913' title='bbox 3049 5485 3063 5532; x_wconf 86' lang='lat'>;</span> <span class='ocrx_word' id='word_1_914' title='bbox 3096 5480 3148 5522; x_wconf 90' lang='lat' dir='ltr'><strong>et</strong></span> <span class='ocrx_word' id='word_1_915' title='bbox 3179 5468 3298 5523; x_wconf 88' lang='lat' dir='ltr'><strong>ideo</strong></span> <span class='ocrx_word' id='word_1_916' title='bbox 3328 5468 3606 5538; x_wconf 78' lang='lat' dir='ltr'><strong>cogitanda</strong></span> <span class='ocrx_word' id='word_1_917' title='bbox 3630 5477 3754 5523; x_wconf 91' lang='lat' dir='ltr'><strong>sunt</strong></span> 
     </span>
    </p>
   </div>
   <div class='ocr_carea' id='block_1_119' title="bbox 2157 5556 3754 5630">
    <p class='ocr_par' dir='ltr' id='par_1_119' title="bbox 2157 5556 3754 5630">
     <span class='ocr_line' id='line_1_119' title="bbox 2157 5556 3754 5630; baseline 0.001 -17"><span class='ocrx_word' id='word_1_918' title='bbox 2157 5571 2387 5624; x_wconf 78' lang='lat' dir='ltr'><strong>seraper.</strong></span> <span class='ocrx_word' id='word_1_919' title='bbox 2433 5556 2617 5610; x_wconf 79' lang='lat' dir='ltr'><strong>Potius</strong></span> <span class='ocrx_word' id='word_1_920' title='bbox 2662 5557 2844 5627; x_wconf 87' lang='lat' dir='ltr'><strong>itaque</strong></span> <span class='ocrx_word' id='word_1_921' title='bbox 2885 5559 3159 5615; x_wconf 82' lang='lat' dir='ltr'><strong>videamus</strong></span> <span class='ocrx_word' id='word_1_922' title='bbox 3203 5560 3362 5630; x_wconf 85' lang='lat' dir='ltr'><strong>hujus</strong></span> <span class='ocrx_word' id='word_1_923' title='bbox 3411 5561 3586 5614; x_wconf 88' lang='lat' dir='ltr'><strong>anima</strong></span> <span class='ocrx_word' id='word_1_924' title='bbox 3634 5575 3754 5630; x_wconf 70' lang='lat' dir='ltr'><strong>quae</strong></span> 
     </span>
    </p>
   </div>
   <div class='ocr_carea' id='block_1_120' title="bbox 2157 5647 2987 5716">
    <p class='ocr_par' dir='ltr' id='par_1_120' title="bbox 2157 5647 2987 5716">
     <span class='ocr_line' id='line_1_120' title="bbox 2157 5647 2987 5716; baseline -0.001 -15"><span class='ocrx_word' id='word_1_925' title='bbox 2157 5654 2388 5701; x_wconf 88' lang='lat' dir='ltr'><strong>scrutata</strong></span> <span class='ocrx_word' id='word_1_926' title='bbox 2418 5655 2519 5711; x_wconf 89' lang='lat' dir='ltr'><strong>est,</strong></span> <span class='ocrx_word' id='word_1_927' title='bbox 2550 5647 2673 5716; x_wconf 88' lang='lat' dir='ltr'><strong>quid</strong></span> <span class='ocrx_word' id='word_1_928' title='bbox 2706 5649 2987 5702; x_wconf 77' lang='lat' dir='ltr'><strong>invenerit.</strong></span> 
     </span>
    </p>
   </div>
   <div class='ocr_carea' id='block_1_121' title="bbox 2228 5735 3755 5812">
    <p class='ocr_par' dir='ltr' id='par_1_121' title="bbox 2228 5735 3755 5812">
     <span class='ocr_line' id='line_1_121' title="bbox 2228 5735 3755 5812; baseline 0.004 -23"><span class='ocrx_word' id='word_1_929' title='bbox 2228 5738 2281 5790; x_wconf 78' lang='grc'><strong>5.</strong></span> <span class='ocrx_word' id='word_1_930' title='bbox 2325 5735 2481 5808; x_wconf 76' lang='grc' dir='ltr'><strong>[υρνδ.</strong></span> <span class='ocrx_word' id='word_1_931' title='bbox 2517 5738 2674 5810; x_wconf 80' lang='lat' dir='ltr'><strong>l50.]</strong></span> <span class='ocrx_word' id='word_1_932' title='bbox 2717 5739 3089 5810; x_wconf 79' lang='lat' dir='ltr'><strong>Manifestatio,</strong></span> <span class='ocrx_word' id='word_1_933' title='bbox 3123 5741 3314 5812; x_wconf 88' lang='lat' dir='ltr'><strong>inquit,</strong></span> <span class='ocrx_word' id='word_1_934' title='bbox 3347 5751 3610 5797; x_wconf 77' lang='lat' dir='ltr'><strong>verborum</strong></span> <span class='ocrx_word' id='word_1_935' title='bbox 3643 5754 3755 5795; x_wconf 72' lang='lat' dir='ltr'><strong>tuo-</strong></span> 
     </span>
    </p>
   </div>
   <div class='ocr_carea' id='block_1_122' title="bbox 2159 5827 3752 5903">
    <p class='ocr_par' dir='ltr' id='par_1_122' title="bbox 2159 5827 3752 5903">
     <span class='ocr_line' id='line_1_122' title="bbox 2159 5827 3752 5903; baseline 0.002 -23"><span class='ocrx_word' id='word_1_936' title='bbox 2159 5844 2268 5880; x_wconf 87' lang='lat' dir='ltr'><strong>rum</strong></span> <span class='ocrx_word' id='word_1_937' title='bbox 2295 5827 2548 5880; x_wconf 82' lang='lat' dir='ltr'><strong>illuminot</strong></span> <span class='ocrx_word' id='word_1_938' title='bbox 2575 5871 2587 5893; x_wconf 93' lang='lat'><strong>,</strong></span> <span class='ocrx_word' id='word_1_939' title='bbox 2619 5841 2664 5881; x_wconf 90' lang='lat' dir='ltr'><strong>et</strong></span> <span class='ocrx_word' id='word_1_940' title='bbox 2704 5831 2982 5900; x_wconf 83' lang='lat' dir='ltr'><strong>intelligere</strong></span> <span class='ocrx_word' id='word_1_941' title='bbox 3021 5834 3141 5903; x_wconf 77' lang='lat' dir='ltr'><strong>facit</strong></span> <span class='ocrx_word' id='word_1_942' title='bbox 3187 5834 3441 5903; x_wconf 72' lang='lat' dir='ltr'><strong>paruulos.</strong></span> <span class='ocrx_word' id='word_1_943' title='bbox 3488 5836 3624 5902; x_wconf 83' lang='lat' dir='ltr'><strong>Quid</strong></span> <span class='ocrx_word' id='word_1_944' title='bbox 3667 5838 3752 5882; x_wconf 85' lang='lat' dir='ltr'><strong>est</strong></span> 
     </span>
    </p>
   </div>
   <div class='ocr_carea' id='block_1_123' title="bbox 2159 5920 3748 5991">
    <p class='ocr_par' dir='ltr' id='par_1_123' title="bbox 2159 5920 3748 5991">
     <span class='ocr_line' id='line_1_123' title="bbox 2159 5920 3748 5991; baseline 0.001 -16"><span class='ocrx_word' id='word_1_945' title='bbox 2159 5920 2440 5990; x_wconf 86' lang='lat' dir='ltr'><strong>parvulus,</strong></span> <span class='ocrx_word' id='word_1_946' title='bbox 2481 5922 2581 5976; x_wconf 81' lang='lat' dir='ltr'><strong>nisi</strong></span> <span class='ocrx_word' id='word_1_947' title='bbox 2617 5921 2829 5979; x_wconf 89' lang='lat' dir='ltr'><strong>humilis</strong></span> <span class='ocrx_word' id='word_1_948' title='bbox 2858 5933 2911 5981; x_wconf 87' lang='lat' dir='ltr'><strong>ct</strong></span> <span class='ocrx_word' id='word_1_949' title='bbox 2941 5924 3221 5985; x_wconf 84' lang='lat' dir='ltr'><strong>inﬁrmus?</strong></span> <span class='ocrx_word' id='word_1_950' title='bbox 3249 5925 3362 5980; x_wconf 71' lang='lat' dir='ltr'><strong>Noli</strong></span> <span class='ocrx_word' id='word_1_951' title='bbox 3392 5936 3518 5991; x_wconf 62' lang='lat' dir='ltr'><strong>erga</strong></span> <span class='ocrx_word' id='word_1_952' title='bbox 3549 5935 3748 5990; x_wconf 46' lang='lat' dir='ltr'><strong>super</strong></span> 
     </span>
    </p>
   </div>
  </div>
