4090 6484
317 363 446 429 1581

313 483 456 548 bire,
486 479 593 536 noli
619 477 685 535 de
725 487 834 546 tua,
865 491 984 548 qum
1012 475 1155 531 nulla
1182 484 1282 540 est,
1312 474 1504 529 virtute
1536 485 1890 542 praesumere;

314 583 369 632 et
392 572 658 642 intelliges
681 585 846 641 quare
875 568 944 624 sit
971 583 1000 622 a
1029 568 1170 623 bono
1197 560 1303 621 Deo
1331 565 1471 620 bona
1499 565 1580 619 lex
1607 564 1750 628 data,
1778 579 1896 634 qua:

315 676 491 722 tamen
518 665 786 720 vivificare
824 679 930 717 non
974 662 1161 733 possit.
1193 660 1273 716 Ad
1305 660 1406 715 hoc
1441 659 1582 714 enim
1623 657 1745 712 data
1774 667 1855 712 est
1878 698 1892 722 ,

312 768 372 815 ut
401 768 453 814 te
481 758 548 814 de
574 771 767 828 magno
799 754 1076 827 parvulum
1105 753 1321 820 faceret,
1349 761 1407 807 ut
1434 763 1483 807 te
1500 749 1574 808 'ad
1604 751 1898 808 faciendam

247 831 256 836 ⁶
313 851 484 922 legem
513 851 656 905 vires
698 848 765 904 de
809 857 898 903 tuo
942 863 1046 902 non
1091 845 1288 902 habere
1328 852 1680 911 monstraret;
1725 859 1788 900 ac
1821 844 1900 900 sit:

313 945 430 1014 Opis
455 941 661 1012 indigus
687 951 740 996 et
765 955 964 1012 egenus
993 940 1058 995 ad
1089 939 1312 1011 gratiam
1346 939 1688 1010 confugeres,
1713 947 1768 994 et
1791 939 1900 992 cla-

315 1049 490 1089 mares
521 1051 535 1088 :
565 1033 800 1087 Miserere
823 1033 918 1086 inci
941 1073 958 1101 ,
989 1031 1230 1100 Domine,
1261 1033 1497 1102 quoniam
1523 1033 1753 1100 inﬁrmus
1789 1049 1901 1088 sum

316 1124 488 1196 (Paul.
519 1138 590 1191 vi,
622 1121 712 1195 5).
741 1116 853 1180 Hoc
887 1133 1014 1196 ergo
1056 1123 1344 1179 scrutando
1371 1125 1629 1179 intellexit
1657 1124 1742 1178 hic
1779 1138 1901 1194 par-

317 1218 496 1283 vulus,
523 1216 663 1288 quod
686 1217 937 1272 minimus
961 1217 1334 1286 Apostolorum
1357 1215 1571 1282 Paulus,
1599 1215 1649 1270 id
1674 1225 1758 1271 est
1779 1229 1902 1287 par-

319 1311 491 1374 vulus,
526 1310 778 1373 ostendit,
811 1309 931 1365 ideo
959 1310 1134 1365 datam
1162 1309 1330 1381 legem
1359 1323 1478 1380 qua:
1503 1311 1766 1367 vivificare
1795 1313 1901 1366 no'n

318 1409 522 1474 posset,
549 1401 667 1471 quia
708 1402 950 1455 conclusit
990 1401 1256 1471 Scriptura
1286 1402 1454 1455 omnia
1480 1401 1572 1455 sub
1591 1385 1819 1470 'peccato,
1848 1412 1902 1456 ut

320 1494 586 1566 promissio
607 1510 670 1548 er-
688 1493 788 1560 ﬁde
801 1492 832 1546 J
839 1510 924 1548 esu
945 1492 1131 1548 Christi
1151 1493 1357 1548 daretur
1375 1491 1684 1549 credentibus
1707 1492 1900 1564 ((ialat.

319 1599 398 1651 tu,
430 1585 520 1651 2f,
551 1583 675 1656 22).
701 1584 795 1653 ita,
823 1585 1066 1653 Domine,
1090 1586 1158 1641 ita
1185 1586 1286 1653 fac,
1315 1585 1617 1641 misericors
1646 1586 1902 1652 Domine;

321 1678 523 1748 impera
549 1679 691 1749 quod
719 1695 826 1736 non
869 1680 1038 1749 possit
1085 1680 1335 1750 impleri,
1367 1679 1476 1734 imo
1519 1680 1720 1749 impera
1763 1680 1902 1749 quod

321 1773 533 1826 nonnisi
561 1787 657 1842 per
685 1781 825 1827 tuam
856 1775 1077 1843 gratiam
1109 1775 1278 1844 possit
1302 1774 1507 1846 impleri
1538 1793 1552 1830 :
1581 1783 1637 1830 ut
1659 1781 1780 1830 'cum
1811 1775 1906 1832 ho-

321 1864 494 1919 mines
517 1877 612 1934 per
634 1879 758 1920 suas
782 1865 923 1921 vires
953 1867 1002 1922 id
1035 1867 1258 1936 implere
1289 1867 1658 1938 nequiverint,
1680 1885 1826 1924 omne
1850 1886 1907 1925 os

321 1955 632 2023 obstruetur,
657 1965 710 2013 et
739 1973 896 2014 nemo
917 1959 1019 2015 sibi
1047 1974 1270 2030 magnus
1289 1959 1548 2017 videatur.
1577 1961 1695 2018 Sint
1721 1978 1907 2020 omnes

325 2049 528 2119 parvuli
553 2092 568 2117 ,
594 2058 648 2106 et
671 2065 798 2106 reus
828 2052 920 2106 fiat
941 2053 1116 2108 omnis
1141 2054 1370 2110 mundus
1401 2054 1494 2110 tibi
1522 2072 1537 2110 :
1565 2056 1690 2127 quia
1736 2075 1755 2108 ‹
1801 2072 1906 2112 non

319 2137 700 2209 iustificabitur
719 2156 785 2196 ex
814 2141 930 2212 lege
954 2141 1129 2198 omnis
1153 2158 1280 2198 caro
1301 2159 1480 2200 coram
1503 2153 1593 2211 te;
1624 2161 1718 2214 per
1739 2145 1908 2215 legem

323 2231 468 2286 enim
499 2233 736 2302 cognitio
767 2235 989 2303 peccati.
1020 2233 1174 2290 Nunc
1207 2245 1385 2291 autem
1409 2236 1527 2292 sine
1563 2237 1681 2308 lege
1705 2237 1908 2308 justitia

324 2327 414 2376 tua
444 2324 779 2380 manifestata
819 2334 940 2393 εει,
969 2327 1330 2383 testimonium
1376 2327 1580 2384 habens
1616 2343 1646 2383 a
1677 2328 1818 2400 Lege
1857 2339 1911 2384 et

323 2406 613 2485 Prophetis
658 2435 677 2468 ι
722 2415 898 2488 (Rom.
931 2433 1009 2484 ιιι,
1054 2417 1273 2491 1931).
1322 2418 1447 2474 lltec
1484 2427 1610 2474 sunt
1649 2419 1912 2474 mirabilia

325 2505 634 2560 testimonia
656 2515 765 2572 tua,
788 2522 906 2577 qua:
927 2518 1160 2563 scrutata
1186 2517 1269 2564 est
1293 2509 1470 2564 anima
1493 2511 1694 2580 parvuli
1719 2510 1908 2581 hujus;

325 2607 380 2651 ct
401 2596 524 2652 ideo
546 2597 772 2664 invenit,
797 2599 920 2668 quia
947 2599 1248 2656 humiliatus
1268 2610 1367 2666 est,
1388 2610 1443 2656 et
1463 2602 1715 2671 parvulus
1742 2601 1913 2659 laetus

325 2698 427 2744 est.
459 2688 588 2756 Quis
611 2689 751 2766 epim
780 2689 902 2744 facit
927 2691 1172 2746 mandata
1205 2699 1290 2746 tua
1318 2691 1456 2748 sicut
1489 2692 1729 2748 facienda
1755 2703 1909 2758 sunt,

324 2780 378 2836 id
413 2790 533 2848 εει,
563 2797 631 2836 ex
659 2781 760 2838 ﬁde
788 2794 907 2853 qua:
936 2798 1028 2854 per
1055 2783 1390 2840 dilectionem
1421 2795 1671 2854 operatur
1701 2784 1910 2858 (Galat.

327 2881 378 2939 v,
413 2872 506 2944 6),
543 2874 640 2927 nisi
669 2874 784 2944 ejus
812 2875 862 2929 in
892 2876 1054 2931 corde
1097 2891 1194 2946 per
1230 2876 1487 2946 Spiritum
1530 2888 1772 2935 sanctum
1800 2878 1913 2949 ipsa

325 2963 542 3020 dilectio
570 2964 894 3020 ditl‘undatur
921 2966 1096 3039 (Rom.
1129 2983 1181 3036 v,
1208 2969 1242 3023 5
1262 2968 1315 3038 )?

397 3057 453 3113 4.
494 3055 654 3130 [vers.
691 3057 850 3132 15L]
892 3059 1002 3115 Hoc
1021 3060 1179 3115 etiam
1202 3060 1304 3115 iste
1323 3060 1577 3131 parvulus
1595 3060 1910 3118 confitetur:

331 3147 403 3204 0s
425 3166 608 3216 meum,
640 3150 828 3221 inquit,
856 3154 1069 3221 aperui,
1094 3161 1142 3206 et
1165 3153 1350 3206 attraxi
1377 3154 1611 3222 spiritum
1633 3195 1648 3218 ,
1677 3155 1912 3224 quoniam

327 3244 572 3297 mandata
602 3252 689 3297 tua
728 3244 1094 3300 desiderabam.
1126 3244 1263 3312 Quid
1301 3245 1672 3312 desiderabat,
1703 3247 1801 3300 nisi
1839 3246 1917 3300 fas

328 3351 454 3392 cere
471 3336 719 3391 mandata
739 3337 952 3393 divina?
978 3337 1083 3394 Sed
1112 3353 1216 3393 non
1244 3347 1360 3394 erat
1386 3337 1526 3394 unde
1547 3338 1745 3394 iaeeret
1770 3340 1916 3394 iutir-

330 3444 453 3485 mus
492 3430 648 3486 fortia
670 3471 684 3496 ,
715 3432 969 3501 parvulus
1010 3447 1197 3503 magna
1231 3441 1244 3485 ι
1275 3437 1485 3502 aperuit
1528 3446 1623 3500 os,
1657 3432 1916 3488 confitens

329 3521 472 3592 quod
491 3537 585 3593 per
608 3539 668 3580 se
689 3525 801 3594 ipse
821 3540 925 3581 non
951 3525 1176 3592 faceret;
1203 3535 1256 3581 et
1275 3526 1491 3581 attraxit
1510 3525 1652 3582 unde
1671 3524 1871 3582 faceret
1897 3544 1912 3582 :

334 3615 548 3683 aperuit
574 3630 636 3670 os
675 3616 902 3686 petendo
923 3653 938 3684 ,
971 3617 1300 3687 quwrendo,
1333 3617 1619 3689 pulsando;
1651 3629 1704 3674 et
1729 3620 1918 3676 sitiens

333 3703 514 3763 hausit
536 3705 790 3777 Spiritum
834 3708 1030 3764 bonum
1054 3750 1070 3776 ,
1101 3708 1246 3766 unde
1287 3709 1505 3775 faceret,
1534 3709 1675 3780 quod
1705 3725 1800 3781 per
1827 3722 1917 3766 se-

337 3791 516 3869 ipsum
545 3815 648 3856 non
683 3810 914 3871 poterat,
944 3802 1248 3858 mandatum
1278 3812 1522 3858 sanctum
1557 3813 1610 3858 et
1631 3803 1830 3872 justum
1863 3813 1918 3859 et

334 3881 535 3948 bonum
585 3892 694 3964 (Id.
721 3906 794 3949 vu
820 3937 835 3960 ,
871 3894 992 3964 12).
1041 3894 1094 3950 Si
1124 3894 1266 3950 enim
1293 3910 1391 3951 nos
1417 3911 1539 3951 cum
1572 3894 1740 3951 simus
1769 3896 1913 3961 mali,

334 3987 580 4042 novimus
605 3987 739 4042 bona
769 3988 892 4044 data
921 3988 1051 4043 dare
1089 3988 1213 4043 filiis
1250 3989 1484 4052 nostris;
1524 3999 1728 4060 quanto
1751 3990 1920 4060 magis

336 4075 500 4135 Pater
527 4091 708 4136 uoster
729 4081 800 4137 de
822 4083 962 4139 caelo
983 4082 1074 4137 dat
1101 4083 1354 4150 Spiritum
1393 4083 1588 4138 bonum
1620 4084 1922 4153 petentibus

335 4164 459 4227 eum
491 4172 652 4245 (Luc.
690 4189 744 4228 ιι
769 4216 785 4242 ,
816 4175 883 4230 10
904 4209 920 4242 ,
953 4176 1098 4244 1ὅ)ἳ
1127 4176 1241 4231 Non
1285 4177 1427 4232 enim
1475 4177 1563 4246 qui
1606 4177 1794 4246 spiritu
1823 4187 1922 4232 suo

335 4274 522 4333 agunt,
553 4265 646 4320 sed
677 4276 936 4336 quntquot
964 4267 1164 4338 Spiritu
1191 4267 1286 4323 Dei
1316 4277 1563 4339 aguntur,
1594 4259 1646 4322 hi
1677 4268 1768 4323 filii
1799 4277 1923 4323 sunt

338 4352 434 4408 Dei
466 4354 483 4421 (
509 4355 656 4408 Rom.
685 4372 772 4411 vut
799 4397 814 4423 ,
846 4356 951 4430 ii)
981 4375 993 4411 :
1023 4375 1128 4414 non
1157 4360 1276 4429 quia
1306 4361 1403 4430 ipsi
1434 4358 1561 4414 nihil
1591 4368 1790 4430 agunt;
1824 4358 1920 4415 sed

339 4461 407 4500 ne
433 4446 566 4501 nihil
606 4447 732 4502 boni
769 4459 928 4519 agant
949 4491 964 4516 ,
994 4464 1022 4503 τι
1065 4450 1205 4504 bono
1229 4461 1456 4521 aguntur
1485 4460 1542 4506 ut
1581 4463 1760 4522 agant.
1788 4452 1920 4506 Nam

339 4542 488 4592 tanto
515 4539 681 4610 magis
705 4539 936 4595 efficitur
953 4541 1179 4611 quisque
1209 4542 1346 4596 filius
1373 4543 1562 4611 bonus,
1592 4552 1790 4615 quanto
1816 4545 1922 4599 lar-

337 4629 457 4700 gius
485 4631 534 4685 ei
565 4630 720 4685 datur
748 4646 776 4684 a
806 4631 962 4686 Patre
987 4633 1214 4702 Spiritus
1242 4633 1434 4689 bonus.

411 4721 466 4776 5.
510 4719 670 4794 [vers.
721 4721 887 4796 152.]
927 4724 1168 4802 Denique
1191 4725 1292 4781 iste
1328 4725 1501 4781 adhuc
1527 4727 1678 4796 petit.
1711 4727 1783 4782 Os
1807 4728 1922 4797 qui-

339 4810 463 4868 dem
507 4814 751 4883 aperuit,
791 4823 846 4870 et
907 4815 1125 4871 attraxit
1169 4818 1446 4886 spiritum;
1499 4819 1591 4873 sed
1640 4820 1814 4874 adhuc
1854 4819 1920 4873 ad

303 4905 555 4962 «Patrem
584 4909 795 4977 pulsat,
822 4918 876 4964 et
901 4910 1092 4980 qumrit
1123 4929 1136 4965 :
1166 4910 1335 4976 bibit,
1365 4911 1457 4966 sed
1486 4921 1684 4982 quanto
1708 4915 1922 4968 suavius

340 5002 531 5063 sensit.
561 5009 708 5056 tanto
733 5002 1005 5058 ardentius
1029 5003 1202 5059 adhuc
1227 5005 1355 5060 sitit.
1385 5004 1520 5059 Audi
1551 5005 1707 5059 Verba
1738 5006 1922 5060 sitien-

341 5093 410 5148 tis
436 5101 449 5146 ὲ
480 5093 696 5165 Respice
717 5136 730 5162 ,
759 5095 946 5166 inquit,
977 5097 1030 5150 in
1060 5113 1169 5163 me,
1195 5105 1243 5152 et
1270 5097 1503 5152 miserere
1529 5097 1636 5149 ntei-
1651 5097 1923 5151 semiudum

342 5186 588 5248 indicium
616 5189 930 5259 diligentium
955 5204 1136 5245 nomen
1173 5199 1316 5244 tuum
1353 5207 1374 5244 :
1415 5190 1467 5245 id
1497 5199 1598 5257 est,
1630 5190 1922 5246 secundum

339 5280 594 5348 judicium
612 5281 752 5350 quod
775 5282 824 5335 in
847 5297 940 5338 eos
963 5280 1153 5348 fecisti,
1173 5285 1261 5353 qui
1284 5283 1511 5354 diligunt
1530 5296 1722 5337 nomen
1742 5291 1886 5336 tuum
1907 5293 1923 5349 ;

339 5372 594 5440 quoniam
617 5381 674 5428 ut
692 5372 971 5444 diligerent
995 5383 1067 5438 te,
1098 5375 1244 5445 prius
1271 5376 1500 5431 dilexisti
1529 5390 1641 5431 eos.
1671 5375 1758 5430 Sic
1781 5375 1922 5430 enim

339 5462 576 5520 Joannes
601 5467 876 5535 apostolus
899 5468 992 5534 ait,
1029 5466 1140 5522 Nos
1164 5465 1455 5538 diligimus,
1489 5467 1677 5537 inquit,
1713 5464 1877 5521 Deum
1905 5484 1925 5522 :

338 5566 390 5610 et
424 5557 568 5611 velut
593 5571 750 5612 causa
801 5569 1162 5628 qua‘rerelur,
1194 5576 1310 5630 qua:
1356 5575 1454 5615 nos
1497 5559 1716 5630 diligere
1759 5559 1920 5625 fecit;

336 5647 599 5714 acljunxit,
625 5648 875 5716 Quoniam
893 5651 1000 5717 ipse
1014 5651 1152 5720 prior
1166 5649 1340 5704 dilexit
1358 5666 1446 5704 nos
1466 5649 1484 5720 (
1501 5649 1518 5703 I
1538 5650 1695 5704 Joan.
1720 5667 1790 5716 tv,
1807 5651 1921 5718 i9).

408 5739 463 5792 6.
493 5741 658 5810 (vers.
689 5742 811 5797 155.
833 5740 852 5813 ]
897 5741 1024 5796 Vide
1043 5751 1098 5796 et
1121 5740 1222 5796 iste
1247 5741 1371 5811 quid
1393 5743 1728 5812 apertissime
1746 5742 1920 5798 dicat:

340 5827 552 5885 Gressus
578 5849 712 5886 meos
740 5833 900 5904 dirige
938 5833 1211 5886 secundum
1243 5834 1493 5903 itaqutum
1526 5843 1666 5887 tuum
1693 5875 1706 5899 ,
1741 5843 1785 5888 et
1823 5851 1923 5891 non

1375 352 1768 414 ENARRATIO
1808 352 1871 410 IN
1911 352 2235 414 PSALMUM
2271 353 2502 413 CXVlll.

3445 367 3584 425 1053

2005 468 2288 526 dominetur
2317 473 2412 526 mei
2455 475 2616 528 omnis
2661 474 2914 545 iniquitas.
2951 477 3048 535 Ubi
3093 480 3221 551 qttid
3268 482 3409 537 aliud
3456 483 3586 540 dicit

2001 571 2158 630 quam
2183 603 2198 628 ,
2229 561 2449 618 Rectum
2477 574 2529 620 et
2555 566 2780 622 liberum
2810 583 2896 624 me
2921 569 3002 625 fac
3025 572 3316 627 secundum
3355 577 3586 645 promis-

2002 661 2121 705 Sum
2145 654 2328 708 tuum?
2351 655 2560 723 Quanto
2584 666 2760 713 autem
2783 661 2950 731 magis
2971 673 3154 732 regnat
3175 664 3224 719 in
3248 681 3586 738 quocumque

2003 742 2100 804 Dei
2146 745 2416 814 Charitas,
2460 757 2607 805 tanto
2647 752 2825 807 minus
2869 753 2920 809 ei
2964 754 3268 812 dominatur
3312 759 3584 831 iniquitas.

2003 833 2139 900 Quid
2167 853 2293 908 ergo
2323 839 2465 894 aliud
2507 843 2672 910 petit,
2705 859 2862 914 quam
2909 855 2964 902 ut
3002 847 3232 904 donante
3264 851 3373 907 Deo
3403 853 3588 924 diligat

2004 926 2212 987 Deum?
2244 931 2517 1001 Diligeudo
2547 935 2687 990 enim
2721 938 2907 1002 Deum,
2938 939 3105 1011 diligit
3132 943 3387 1013 seipsum,
3422 952 3480 1002 tit
3504 947 3586 1002 di-

2004 1018 2168 1092 ligere
2192 1021 2474 1078 salubriter
2504 1027 2669 1096 possit
2699 1038 2754 1084 et
2797 1032 3094 1099 proximUm
3139 1036 3276 1090 sicut
3301 1038 3533 1108 seipsum
3570 1057 3584 1094 :

2006 1110 2056 1164 in
2097 1111 2288 1181 quibus
2327 1117 2608 1185 praeceptis
2656 1126 2763 1174 tota
2810 1121 2919 1178 Lex
2965 1124 3164 1194 pendet
3206 1138 3260 1182 et
3305 1129 3587 1200 Pmphetre

2006 1204 2218 1274 (Matth.
2248 1218 2357 1260 xxu
2383 1249 2396 1270 ,
2430 1207 2654 1282 57-40).
2690 1212 2827 1280 Quid
2870 1214 3028 1284 igitur
3053 1228 3169 1272 orat
3190 1260 3205 1284 ,
3237 1220 3335 1275 nisi
3366 1232 3421 1276 ut
3448 1239 3588 1294 pra:-

2005 1307 2156 1364 cepla
2185 1312 2303 1365 qua:
2331 1298 2468 1354 Deus
2500 1301 2723 1371 imponit
2743 1303 2998 1374 jubendo,
3029 1309 3233 1381 impleri
3265 1311 3417 1369 faciat
3448 1302 3590 1386 adju-

2005 1391 2176 1442 vando
2195 1386 2218 1441 ι

2081 1482 2131 1535 7.
2167 1481 2522 1559 [vers.,l'5£.]
2560 1486 2664 1542 Sed
2695 1489 2820 1560 quid
2864 1499 2948 1550 est
2991 1495 3130 1564 quod
3167 1497 3333 1564 dicit,
3381 1500 3592 1557 Redime

2008 1590 2086 1627 me
2112 1593 2144 1628 a
2172 1578 2436 1632 calumniis
2480 1580 2740 1637 hominum
2763 1624 2777 1649 ,
2809 1595 2855 1638 et
2883 1589 3162 1642 custodiam
3191 1594 3431 1648 mandata
3460 1589 3593 1650 tua?

2009 1664 2064 1720 Si
2087 1675 2208 1722 Vera
2233 1668 2305 1724 illi
2331 1669 2574 1726 homines
2594 1674 2817 1729 crimina
2840 1676 3114 1748 objiciunt,
3139 1698 3242 1736 non
3266 1684 3592 1741 calumnian-

2011 1765 2096 1812 tur
2125 1776 2138 1812 :
2163 1759 2206 1813 si
2236 1759 2386 1826 falsa,
2415 1762 2542 1832 quid
2571 1772 2654 1820 εει
2680 1767 2822 1836 quod
2850 1782 2909 1823 se
2936 1771 3122 1825 redimi
3149 1770 3470 1832 desiderata
3500 1793 3592 1834 ca-

2011 1847 2246 1913 lutnniis,
2271 1850 2322 1906 id
2350 1861 2432 1908 est
2455 1867 2482 1906 a
2507 1853 2819 1912 criminibus
2841 1857 3007 1928 falsis,
3033 1877 3148 1932 qua:
3168 1863 3240 1918 illi
3269 1881 3462 1922 nocere
3488 1883 3593 1925 non

2011 1942 2268 2010 possunt?
2295 1942 2508 2000 Crimen
2537 1948 2733 2019 quippe
2759 1948 2947 2006 falsum
2975 1994 2988 2019 ,
3019 1955 3158 2024 quod
3186 1941 3268 2010 εει
3293 1949 3556 2014 calumnia
3575 2003 3590 2023 ,

2011 2047 2162 2089 reum
2206 2049 2313 2090 non
2343 2035 2469 2093 facit
2498 2037 2765 2096 hominem
2791 2079 2806 2108 ,
2839 2043 2939 2098 nisi
2983 2045 3122 2114 apud
3151 2047 3384 2116 judicem
3427 2049 3596 2108 hamis

2013 2140 2135 2181 nem
2167 2144 2180 2182 :
2211 2126 2300 2182 ubi
2327 2137 2504 2185 autem
2533 2131 2675 2188 Deus
2700 2133 2861 2203 judex
2892 2146 2994 2202 est,
3021 2137 3196 2194 nullus
3221 2141 3351 2197 falso
3376 2145 3598 2201 crimine

2015 2219 2262 2287 lzeditur;
2291 2223 2415 2294 quia
2445 2240 2549 2280 non
2575 2227 2659 2281 cui
2689 2227 2957 2297 objicltur,
2990 2231 3082 2286 sed
3123 2220 3392 2303 objicienti
3425 2239 3598 2306 potius

2015 2310 2326 2380 imputatur.
2368 2315 2448 2368 An
2498 2315 2582 2370 h‘c
2626 2316 2881 2374 Ecclesiae
2928 2324 3276 2394 prmsignatur
3305 2328 3515 2394 oratio,
3546 2341 3600 2384 et

2015 2402 2248 2459 universi
2291 2407 2468 2476 populi
2497 2403 2770 2464 chrisxiani
2796 2451 2812 2476 ,
2844 2414 2932 2482 qui
2976 2415 3283 2486 redemptus
3327 2429 3408 2473 est
3454 2437 3480 2472 a
3512 2436 3600 2476 ca-

2015 2493 2231 2551 lumniis
2257 2489 2551 2563 hominum,
2583 2502 2775 2572 quibus
2799 2506 3202 2576 exagitabantur
3226 2526 3600 2586 usquequaque

2016 2585 2337 2643 Christiani?
2363 2589 2467 2645 Sed
2497 2595 2749 2664 numquid
2799 2608 3076 2668 pr0pterea
3109 2601 3196 2657 Dei
3230 2606 3475 2660 mandata
3503 2585 3600 2662 eu-

2017 2678 2181 2733 st‘odit
2211 2679 2262 2732 ‘?
2288 2680 2474 2738 Nonne
2505 2685 2643 2739 inter
2671 2686 2812 2756 ipsas
2841 2690 3150 2758 calumnias,
3185 2699 3393 2766 quando
3425 2698 3600 2757 ferve-

2019 2768 2163 2833 bant,
2198 2773 2364 2826 multo
2395 2775 2681 2844 gloriosius
2710 2782 2935 2848 pepnlus
2965 2792 3178 2856 sanetus
3222 2788 3272 2841 in
3306 2788 3602 2848 tribulatio-

2018 2863 2175 2917 nibus
2216 2864 2307 2920 Dei
2353 2865 2598 2923 mai:data
2637 2873 2918 2941 servabat,
2951 2890 3072 2929 eum
3115 2877 3178 2932 ad
3222 2885 3602 2951 perpetrandas

2017 2952 2318 3024 impietatcs
2338 2961 2779 3029 persequentibus
2810 2979 2914 3019 non
2942 2967 3202 3022 cedebat?
3227 2971 3330 3026 Sed
3354 2974 3602 3031 nimirum

2020 3045 2121 3102 huc
2139 3057 2242 3116 est,
2269 3048 2477 3106 Redime
2499 3069 2576 3106 me
2597 3071 2629 3106 a
2657 3056 2921 3111 calumniis
2949 3059 3228 3130 hominum,
3253 3073 3299 3119 et
3324 3067 3604 3122 custodiam

1976 3208 1982 3214 _
2017 3140 2259 3194 mandata
2289 3151 2375 3195 tua
2404 3159 2423 3197 :
2453 3144 2529 3197 Tu
2561 3160 2658 3214 age
2702 3147 2877 3202 infuso
2905 3149 3100 3219 Spiritu
3135 3161 3222 3207 tuo
3246 3193 3260 3221 ,
3295 3171 3363 3211 ne
3393 3173 3479 3211 me
3517 3174 3606 3214 ca-

2018 3231 2232 3286 lumniae
2263 3232 2536 3289 hominum
2571 3238 2862 3294 terroribus
2907 3243 3158 3312 vincant,
3189 3255 3241 3300 et
3265 3262 3292 3301 a
3325 3249 3428 3302 tuis
3456 3266 3607 3305 mth

2019 3323 2156 3378 datis
2180 3324 2245 3379 ad
2269 3341 2362 3380 sua
2388 3328 2523 3380 mala
2549 3328 2683 3383 facta
2707 3331 3006 3389 traducant.
3027 3335 3080 3389 Si
3105 3338 3244 3392 enim
3274 3339 3374 3396 hoc
3397 3348 3605 3398 meebm

2019 3419 2213 3490 egeris,
2243 3420 2293 3474 id
2324 3429 2407 3476 est
2426 3464 2439 3487 ,
2469 3421 2569 3476 hoc
2597 3414 2756 3478 modo
2785 3442 2871 3482 me
2900 3429 2966 3482 ab
2992 3443 3176 3484 eorum
3207 3433 3510 3503 calumniis,
3539 3446 3607 3492 ne

2019 3510 2418 3568 eriminationes
2443 3514 2602 3570 falsas
2630 3522 2762 3588 quas
2789 3517 3044 3588 objiciunt
3073 3523 3444 3592 pertimescam
3470 3571 3485 3595 ,
3517 3541 3609 3599 pa-

2023 3603 2204 3658 tientia
2235 3603 2428 3660 donata
2457 3607 2797 3676 redemeris;
2832 3609 2968 3667 inter
2999 3611 3139 3684 ipsas
3177 3615 3470 3674 calumnias
3509 3636 3608 3676 cu-

2020 3694 2247 3751 stodiam
2275 3697 2520 3754 mandata
2551 3708 2659 3755 tna.

2094 3787 2146 3845 Β.
2183 3789 2346 3862 [vers.
2384 3781 2543 3865 153.]
2586 3791 2794 3848 Faciem
2825 3804 2964 3848 tuam
2987 3839 3001 3864 ,
3035 3796 3239 3867 inquit,
3269 3801 3500 3857 illumina
3526 3823 3611 3859 su.

2025 3896 2114 3951 per
2132 3888 2326 3934 semitm
2347 3885 2487 3936 tuum
2508 3900 2527 3936 :
2550 3882 2599 3937 id
2620 3893 2723 3949 est,
2751 3894 2890 3939 tuam
2916 3887 3218 3956 manifesta,
3241 3891 3609 3950 subveniendo

2023 3973 2079 4028 et
2102 3973 2414 4042 Opitttlando
2438 4015 2451 4039 ,
2485 3976 2845 4045 praesentiam.
2882 3962 2946 4030 fit
2973 3977 3095 4034 doce
3121 3996 3198 4033 me
3217 3981 3611 4052 justi/icationcs

2024 4072 2157 4118 tuas.
2187 4064 2329 4120 Doce
2359 4062 2541 4135 utique
2571 4073 2626 4121 ut
2667 4065 2857 4124 faciam
2903 4085 2915 4120 :
2961 4069 3104 4139 quod
3143 4071 3440 4130 ct'ideutius
3481 4077 3610 4132 alibi

2025 4157 2250 4226 legitur,
2286 4157 2424 4212 Doce
2463 4175 2544 4213 me
2587 4167 2642 4214 ut
2685 4161 2872 4232 faciam
2913 4162 3216 4218 voluntatem
3268 4174 3407 4220 tuam
3437 4167 3608 4239 (Psal.

2025 4265 2184 4314 CXLII,
2221 4249 2336 4319 10).
2363 4249 2463 4318 Qui
2503 4251 2644 4306 enim
2671 4250 2890 4306 audiunt
2913 4289 2928 4319 ,
2963 4252 3087 4331 licet
3113 4257 3367 4310 memoria
3397 4266 3614 4315 teneant

2026 4339 2165 4410 quod
2192 4340 2415 4394 audiunt
2440 4383 2455 4408 ,
2489 4353 2818 4411 nequaquam
2847 4339 3099 4400 didicisse
3129 4348 3345 4416 putandi
3375 4359 3537 4418 sunt,
3567 4352 3614 4407 si

2026 4447 2131 4487 non
2164 4431 2377 4486 faciunt.
2409 4431 2663 4487 Veritatis
2691 4448 2916 4503 namque
2945 4436 3165 4490 Verbum
3192 4446 3293 4504 cst,
3329 4439 3505 4493 Omnis
3528 4443 3613 4511 qui

2025 4524 2216 4577 audivit
2238 4541 2269 4576 a
2293 4522 2452 4578 Patre
2478 4533 2525 4578 et
2553 4523 2764 4590 didicit,
2795 4525 2926 4579 venit
2956 4528 3024 4580 ad
3050 4543 3128 4582 me
3157 4528 3334 4599 (Joan.
3364 4547 3414 4585 vt
3437 4574 3451 4596 ,
3482 4533 3612 4604 45).

2026 4613 2126 4682 Qui
2153 4629 2280 4684 ergo
2307 4630 2410 4668 non
2440 4613 2584 4681 facit,
2615 4615 2664 4668 id
2696 4624 2774 4669 est
2803 4631 2905 4671 non
2931 4618 3093 4685 venit,
3127 4635 3232 4674 non
3261 4621 3466 4678 didicit.

2097 4708 2150 4763 9.
2184 4704 2345 4779 [vers.
2380 4705 2541 4778 £56.]
2581 4706 2845 4760 Recolens
2891 4717 3066 4763 autem
3099 4710 3199 4766 iste
3228 4712 3466 4768 dolorem
3502 4732 3615 4784 poe-

2027 4799 2262 4854 nitentize
2291 4799 2741 4871 prmvaricationis
2765 4814 2894 4865 sum,
2920 4801 3103 4857 Exitus
3129 4821 3393 4874 aquarum,
3419 4809 3609 4879 inquit,

2027 4893 2386 4948 descenderunt
2425 4892 2559 4946 oculi
2597 4895 2728 4962 mei,
2770 4891 2888 4964 quia
2931 4912 3030 4948 non
3069 4898 3410 4951 custodierunt
3455 4901 3614 4970 legem

2027 4993 2164 5037 tuam
2207 4982 2307 5038 :id
2349 4993 2463 5050 est,
2518 4984 2615 5054 ipsi
2672 4986 2811 5040 oculi
2853 4987 2979 5040 mei.
3026 4985 3158 5041 Nam
3203 4988 3254 5042 in
3296 4991 3613 5058 quibusdam

2027 5076 2298 5131 codicibus
2339 5086 2393 5130 et
2437 5078 2536 5132 hoc
2583 5077 2806 5148 legitur,
2842 5078 2974 5145 Quia
3021 5095 3122 5131 non
3168 5080 3410 5134 custodiu'
3456 5093 3613 5152 tegent

2029 5177 2185 5221 luant.
2213 5163 2590 5222 Descenderam
2633 5184 2759 5239 ergo
2786 5169 2950 5223 exitus
2978 5183 3221 5238 aqttarum
3245 5211 3257 5234 ,
3291 5170 3340 5224 id
3371 5183 3451 5227 est
3481 5174 3614 5228 cffu-

2029 5261 2208 5316 siones
2226 5260 2601 5333 lacrymarum.
2627 5261 2692 5315 Et
2714 5277 2773 5316 ea
2801 5262 3068 5316 locutione
3093 5277 3194 5332 qua
3221 5262 3398 5319 dicere
3422 5268 3613 5334 potuit,

2029 5350 2235 5410 Montes
2259 5353 2647 5409 descenderunt
2675 5354 2835 5423 pedes
2863 5355 2985 5420 mei;
3016 5355 3113 5409 etsi
3141 5371 3246 5410 non
3271 5357 3495 5424 diceret,
3521 5374 3615 5432 per

2030 5440 2260 5512 montes,
2289 5445 2403 5508 vel,
2434 5445 2485 5499 in
2516 5447 2724 5499 montes
2759 5463 2770 5496 :
2804 5460 2864 5498 ea
2892 5445 3162 5502 locutione
3187 5446 3401 5516 dicitur,
3432 5451 3614 5507 Scalas

2030 5534 2325 5601 descendit,
2345 5536 2446 5590 etsi
2473 5549 2576 5588 non
2604 5533 2831 5602 dicatur,
2860 5551 2954 5604 per
2972 5536 3177 5603 scalas;
3212 5547 3322 5606 aut,
3346 5539 3612 5598 Piscinam

2031 5631 2324 5696 descendit,
2352 5629 2451 5684 etsi
2481 5644 2584 5682 non
2620 5628 2846 5693 dicatur,
2877 5629 2925 5682 in
2960 5630 3236 5699 piscinam.
3267 5633 3335 5687 Et
3360 5633 3493 5691 bene
3518 5638 3610 5703 ait,

2032 5724 2416 5788 descenderunt,
2449 5720 2744 5774 humilitate
2771 5721 2976 5776 scilicet
3007 5725 3317 5791 pmttitendi.
3346 5727 3616 5784 Ascendcﬁ

2098 5841 2112 5870 ¹
2133 5835 2266 5896 Edd.,
2285 5846 2378 5885 non
2401 5830 2618 5884 custodit.
2643 5832 2802 5894 Abest,
2827 5843 2934 5892 non,
2959 5843 2987 5881 a
3009 5838 3119 5885 Msss
