4090 6470
520 363 654 420 1ἷὶδὸ

515 487 637 532 runt
664 477 826 542 enim,
848 479 1059 550 quando
1087 495 1181 550 per
1202 480 1506 550 superbiam
1532 491 1895 537 contumacem
1923 483 2088 537 erecti

515 568 722 622 tulerant
757 577 811 624 et
835 571 979 625 elati.
1020 570 1241 626 Sursum
1273 570 1414 626 enim
1453 573 1552 628 sibi
1591 587 1709 628 esse
1739 574 2085 640 videbantur,

514 661 730 730 quando
755 663 1056 731 ignorantes
1085 664 1174 718 Dei
1193 663 1470 734 justitiam,
1496 665 1820 721 constituere
1844 667 2090 722 volebant

515 769 664 808 suam
697 754 715 822 (
734 753 884 807 Rom.
926 771 979 818 ι,
1009 755 1077 826 5)
1108 771 1122 808 :
1152 757 1204 810 in
1231 771 1330 826 qua
1363 756 1558 827 fatigati
1594 768 1647 812 et
1675 758 1805 828 legis
1837 758 2088 827 prrevarin

515 843 726 898 catione
756 843 982 906 confusi,
1012 845 1078 900 ab
1108 845 1196 899 illa
1226 846 1454 902 elatione
1481 847 1866 902 descenderunt
1886 835 2085 915 ﬂendo,

514 942 571 985 ut
593 934 851 1000 justitiam
882 933 970 990 Dei
1001 936 1176 1004 potius
1204 937 1546 1007 impetrarent
1568 937 1868 1007 paenitendo
1894 940 1932 991 ί.
1956 939 2090 994 Sunt

512 1024 722 1078 codices
747 1025 834 1093 qui
865 1041 969 1080 non
1003 1025 1606 1094 habent-descenderunt,
1639 1029 1728 1083 scd
1762 1031 2084 1095 transierunt,

515 1124 760 1183 tanquam
784 1128 1162 1186 exaggeranter
1187 1118 1390 1172 diceret
1414 1120 1668 1174 transisse
1694 1118 2090 1175 se'tlendo'lon-

514 1213 592 1258 tes
619 1220 913 1275 aquarum:
963 1217 1019 1262 ut
1065 1209 1165 1263 hoc
1211 1209 1567 1279 intelligamus
1609 1212 1770 1263 exitus
1798 1226 2040 1279 aqum-um
2068 1226 2088 1264 :

514 1293 565 1354 id
596 1303 677 1348 est
701 1297 720 1326 '
744 1337 756 1359 ,
788 1297 904 1364 plus
948 1297 1157 1352 ﬂevisse
1181 1315 1384 1369 ,-quam
1431 1309 1646 1354 manant
1692 1315 1842 1370 aquse
1869 1301 1937 1355 de
1979 1301 2088 1355 suis

512 1386 760 1439 exitibus.
785 1388 893 1442 Cur
917 1398 1090 1444 autem
1123 1405 1228 1444 non
1258 1391 1517 1446 custodita
1546 1393 1659 1462 lege
1689 1393 1764 1446 sic
1785 1393 1956 1458 ﬂetur,
1987 1392 2087 1448 nisi

513 1486 569 1528 ut
595 1476 907 1546 impetratur
929 1480 1094 1549 gratia
1120 1521 1135 1546 ,
1159 1497 1277 1551 qua:
1319 1481 1622 1550 ptenitentis
1661 1483 1801 1538 delet
1838 1483 2086 1555 iniquita-

514 1577 642 1636 tem,
671 1581 724 1624 et
751 1570 1019 1628 credentis
1045 1572 1259 1643 adjuvat
1285 1575 1653 1630 voluntatem?

1108 1715 1278 1765 sanato
1305 1727 1490 1766 xxvm.

581 1836 632 1888 1.
677 1834 826 1908 [vers.
878 1838 998 1903 157,
1047 1838 1196 1912 158.]
1238 1841 1458 1896 “Dixerat
1495 1843 1736 1912 superius
1777 1843 1862 1911 qui
1909 1849 2088 1898 eantat

509 1930 650 1984 hunc
667 1931 946 1998 psalmum,
964 1931 1142 1986 Exitus
1161 1947 1405 2002 aquarum
1425 1935 1682 1989 descendet
1697 1945 1784 1989 un:
1810 1937 1943 1990 oculi
1965 1937 2080 2000 mei,

507 2022 743 2091 quoniam
779 2038 878 2076 non
908 2023 1247 2078 custodierunt
1277 2024 1597 2095 legem-tuam
1623 2041 1642 2079 :
1665 2026 1753 2079 ubi
1780 2042 1837 2080 se
1863 2027 2085 2082 multum

510 2110 720 2166 ﬂevisse
753 2121 972 2167 testatus
999 2123 1079 2167 est
1110 2116 1592 2182 prmvaricationem
1635 2133 1804 2171 suam.
1829 2118 2084 2184 Proinde,

509 2200 652 2253 velut
680 2201 937 2255 rationem
986 2202 1212 2258 reddens
1239 2219 1336 2259 cur
1364 2205 1583 2260 multum
1611 2207 1739 2262 ﬂere
1767 2208 2009 2264 debuerit
2034 2217 2090 2266 et

506 2306 659 2345 Stltlttl
687 2292 915 2360 graviter
941 2292 1123 2348 dolere
1152 2303 1448 2365 peccatum,
1471 2297 1650 2351 Justus
1671 2315 1742 2362 es,
1767 2298 1955 2370 inquit,
1986 2299 2088 2355 Do-

505 2385 658 2446 mine,
689 2390 735 2434 et
763 2391 948 2435 rectum
965 2383 1218 2454 judicium
1249 2395 1408 2439 ttutnt.
1460 2387 1717 2442 Mandusti
1737 2391 1995 2460 justitiam
2019 2401 2089 2445 te-

503 2475 736 2528 alimonia
758 2484 862 2541 tua,
884 2486 928 2528 et
957 2477 1209 2530 veritatem
1233 2488 1370 2532 tuam
1397 2481 1554 2533 valde.
1587 2480 1709 2535 l-lzue
1735 2483 1915 2552 utique
1931 2483 2088 2552 justi-

506 2564 575 2616 tia
630 2563 725 2617 Dei
782 2577 1088 2634 rectumque
1136 2568 1391 2634 judicium
1444 2579 1499 2624 et
1547 2571 1760 2634 veritas,
1818 2574 1961 2627 omni
2006 2583 2086 2629 est

508 2653 785 2709 metuenda
834 2657 1069 2725 peccanti
1105 2659 1248 2712 :hac
1289 2661 1428 2714 enim
1471 2660 1792 2716 dannnnttur
1839 2663 2090 2718 divinitus

505 2746 824 2816 quicumque
864 2747 1218 2815 damnantur;
1251 2766 1346 2806 nec
1386 2761 1468 2806 est
1504 2754 1723 2809 omnino
1767 2756 1856 2825 qui
1893 2755 1963 2811 de
1993 2771 2088 2812 sua

505 2836 848 2891 damnatione
877 2849 1060 2891 contra
1091 2839 1252 2895 Deum
1279 2841 1479 2910 justum
1509 2854 1650 2899 recte
1676 2848 1928 2916 conqueri
1961 2864 2087 2916 pos-

506 2925 593 2978 sit.
629 2924 757 2980 Inde
785 2928 936 2980 lletus
964 2938 1140 2983 rectus
1163 2939 1246 2984 est
1273 2933 1574 3000 ptenitentis
1598 2951 1612 2999 ;
1655 2937 1900 3004 quoniam
1929 2937 1972 2991 si
1995 2954 2091 2993 cor

507 3015 621 3085 cjtts
663 3017 1000 3087 impmnitens
1043 3021 1416 3088 damnaretur,
1448 3025 1738 3094 jttStissitne
1785 3032 1968 3099 utique
1997 3033 2091 3086 da-

509 3120 799 3165 mnaretur.
829 3110 1241 3180 Sanejustitiam
1263 3115 1391 3170 dicit
1413 3122 1710 3173 testimonia
1744 3122 1831 3176 Dei
1854 3123 2086 3192 :jnstom

453 3198 462 3210 ‘
508 3201 701 3271 quippe
729 3217 787 3256 se
817 3203 1004 3272 probat
1030 3206 1328 3278 mandando
1348 3207 1628 3276 justitiam.
1661 3212 1754 3267 Est
1789 3214 1948 3269 etiam
1977 3215 2092 3274 haae

510 3295 724 3359 veritas,
758 3303 814 3347 ut
841 3295 980 3348 Deus
1011 3297 1330 3353 testimoniis
1359 3301 1550 3356 talibus
1576 3301 1888 3360 innotescat.

584 3383 636 3436 2.
668 3383 815 3457 [vers.
840 3385 984 3459 159.]
1008 3387 1109 3442 Sed
1133 3388 1255 3457 quid
1284 3391 1521 3462 estquod
1544 3395 1780 3464 sequitur
1803 3415 1815 3450 :
1836 3397 2091 3472 Tabe/ecit

509 3492 585 3528 me
612 3477 747 3529 zelus
791 3493 967 3540 meus;
999 3479 1100 3542 vel,
1147 3481 1285 3536 sicut
1319 3483 1407 3536 alii
1451 3485 1663 3540 codices
1708 3488 1924 3556 habent,
1954 3492 2091 3548 zelus

511 3579 624 3622 tuus
646 3569 671 3621 ?
697 3568 900 3623 [labent
925 3573 1160 3625 nonnulli
1187 3574 1365 3639 etiam,
1407 3575 1582 3632 domus
1609 3589 1709 3632 tua:
1732 3596 1750 3634 :
1779 3591 1833 3636 et
1857 3599 1984 3650 non,
2009 3594 2089 3638 ta-

510 3659 683 3730 bcfecit
714 3678 830 3726 me;
871 3663 986 3728 sed,
1031 3663 1245 3718 comedit
1275 3683 1370 3719 me.
1411 3667 1561 3735 Quod
1603 3685 1666 3724 ex
1695 3672 1798 3726 alio
1845 3675 2088 3743 psalmo,

511 3761 764 3823 quantutn
793 3753 918 3807 mihi
947 3755 1174 3820 videtur,
1201 3765 1439 3826 putatum
1461 3769 1544 3814 est
1566 3763 1972 3829 emendandum,
1999 3768 2088 3825 ubi

511 3845 763 3915 scriptum
793 3856 894 3911 cst,
920 3837 1072 3902 Zelus
1091 3843 1269 3903 domus
1287 3860 1386 3904 tua:
1407 3851 1617 3906 comedit
1644 3871 1720 3908 me
1742 3871 1759 3908 :
1782 3857 1921 3924 quod
1942 3873 2090 3914 com-

513 3948 860 3991 memoratmn
883 3940 1038 3991 etiam
1061 3939 1111 3992 in
1137 3939 1421 4010 Evangelio
1438 3944 1678 3997 novimus
1705 3944 1874 4014 (Psal.
1901 3965 2086 4017 LXVIII,

512 4027 617 4092 10;
647 4027 802 4081 Joau.
833 4044 886 4093 tt,
923 4020 1030 4098 l7).
1063 4028 1247 4084 Simile
1277 4040 1451 4086 tamen
1481 4034 1680 4103 aliquid
1707 4047 1808 4102 est,
1837 4040 2086 4108 labefecit,

509 4118 556 4172 ei
589 4115 728 4188 quod
756 4117 824 4171 ibi
851 4128 950 4181 est,
985 4121 1214 4173 comedit.
1247 4120 1399 4176 Zelus
1419 4133 1594 4178 autem
1626 4142 1784 4190 meus,
1811 4129 1950 4197 quod
1976 4131 2092 4198 plu-

509 4225 598 4264 res
626 4207 837 4264 codices
863 4209 1078 4275 habent,
1110 4211 1306 4266 nullam
1336 4213 1529 4282 ingerit
1557 4218 1903 4285 qmestionem
1927 4237 1939 4270 :
1961 4222 2087 4290 quid

511 4300 652 4354 enim
698 4299 888 4353 mirum
919 4309 1000 4353 est
1041 4300 1085 4355 si
1111 4302 1224 4355 zelo
1251 4317 1348 4357 suo
1391 4304 1613 4374 quisque
1645 4307 1905 4363 tabescit?
1936 4305 2086 4378 Quod

508 4406 637 4444 vero
659 4388 854 4444 habent
876 4386 1058 4456 aliqui,
1080 4391 1214 4446 zelus
1237 4401 1375 4458 tuus,
1407 4393 1668 4464 signiﬁcat
1689 4397 1952 4453 hominem
1981 4401 2088 4456 Deo

511 4480 793 4544 zelantcm,
825 4493 926 4532 non
965 4477 1096 4543 sibi;
1123 4481 1214 4535 sed
1246 4497 1350 4535 non
1388 4494 1644 4554 repugnat
1669 4486 1712 4538 si
1741 4489 1852 4556 ipse
1879 4487 2088 4546 dicatur

510 4580 565 4626 et
607 4587 763 4624 meus.
809 4570 938 4624 Nam
987 4565 1108 4639 quid
1147 4573 1288 4628 aliud
1326 4574 1454 4630 dicit
1493 4578 1799 4646 Apostolus,
1845 4580 2090 4638 Almalor

511 4663 641 4715 enim
668 4679 751 4716 vos
775 4662 899 4740 Deo,
927 4659 1244 4719 caumlutioue
1268 4657 1363 4720 Dei
1383 4668 1407 4720 1’
1426 4667 1554 4721 Nam
1573 4669 1818 4734 dicendo,
1845 4672 2089 4730 Αέηηιιον

510 4773 614 4815 vos,
655 4755 802 4822 quid,
846 4755 943 4808 nisi
973 4751 1362 4811 tcmulationem
1407 4757 1740 4815 demonstrat
1763 4778 1910 4817 suam
1935 4766 1954 4818 ἲ
1982 4767 2086 4822 Sed

509 4844 630 4914 quia
654 4842 805 4903 ὼχὶι.
839 4842 965 4908 Deo,
1000 4843 1047 4896 id
1079 4853 1178 4908 est,
1210 4859 1313 4898 non
1340 4845 1461 4911 sibi,
1498 4847 1590 4901 sed
1623 4850 1765 4914 Deo;
1799 4852 1918 4906 ideo
1940 4855 2086 4910 addi~

509 4936 606 5000 dit,
631 4935 948 4988 aunulatione
975 4933 1087 4987 Dei.
1118 4933 1263 4989 Hanc
1281 4937 1478 5005 quippe
1498 4953 1594 4992 suo
1621 4933 1819 5009 Spiritu
1844 4943 2088 5001 ﬁdelibus

508 5027 619 5081 suis
649 5025 870 5094 inspirat
897 5025 1032 5078 Deus
1057 5041 1070 5076 :
1094 5024 1289 5079 amoris
1309 5025 1450 5080 enim
1473 5035 1573 5092 est,
1602 5045 1704 5084 non
1727 5031 1926 5087 livoris.
1955 5034 2084 5090 Nam

508 5133 627 5188 qua:
671 5117 768 5171 fuit
807 5133 930 5171 cura
959 5116 979 5147 ³
1012 5125 1069 5170 ιιι
1111 5116 1212 5171 hoc
1249 5116 1536 5188 Apostolus
1579 5120 1816 5178 diceret?
1849 5144 1867 5176 ι
1901 5128 2087 5195 Aptari

509 5209 650 5264 enim
667 5222 782 5270 vos,
810 5225 828 5258 ι
853 5207 1038 5277 inquit,
1060 5225 1079 5259 ι
1104 5207 1193 5262 uni
1210 5208 1324 5264 viro
1338 5209 1597 5279 virginem
1615 5223 1809 5267 castam
1835 5215 2087 5272 exhibere

507 5297 748 5354 Christo:
769 5297 929 5352 timeo
941 5305 1115 5352 autem
1131 5313 1196 5374 ne
1207 5297 1571 5369 sicutserpens
1584 5300 1746 5357 Evam
1761 5305 2089 5362 sednxitvcr-

508 5391 641 5444 sutia
672 5403 764 5443 sua
785 5430 798 5451 ,
833 5388 908 5443 sic
934 5398 986 5442 et
1030 5397 1218 5443 vestrae
1243 5399 1446 5444 mentes
1473 5405 1878 5462 corrumpantur
1902 5411 1930 5450 a
1958 5397 2088 5451 sim-

509 5472 740 5542 plicitate
775 5481 826 5525 et
850 5474 1088 5529 castitate
1124 5487 1241 5540 qua:
1273 5483 1352 5527 est
1379 5473 1428 5526 in
1461 5472 1674 5530 Christo
1703 5496 1720 5528 ι
1755 5477 1817 5547 (ll
1846 5477 1961 5532 Cor.
1991 5497 2041 5534 χι
2066 5522 2081 5547 ,

504 5564 562 5630 2,
595 5565 669 5633 5).
698 5564 1022 5618 Comedebat
1049 5579 1168 5617 eum
1197 5564 1338 5617 zelus
1368 5564 1560 5619 domus
1589 5568 1701 5633 Dei,
1730 5585 1883 5638 quam
1910 5580 2082 5626 tamen

573 5677 590 5705 ι
619 5684 718 5722 Am.
741 5680 818 5719 Er.
842 5683 882 5719 e:
916 5673 1136 5735 tlerique
1166 5679 1290 5729 Mss,
1312 5673 1530 5735 petendo.

567 5737 589 5767 ⁸
615 5743 683 5781 tr.
714 5743 772 5779 t.u
810 5736 853 5775 Ἰ.
887 5745 893 5751 ‘
922 5749 1000 5782 en.
1030 5742 1135 5782 l.u\‘.
1162 5749 1254 5780 non
1281 5737 1478 5794 habent,
1496 5738 1548 5786 id
1567 5744 1654 5788 est.
1756 5747 1812 5790 Μ.

569 5797 593 5831 ³
616 5796 800 5859 Aliquot
816 5801 940 5844 Mss:
967 5803 1084 5880 Nnm
1105 5794 1208 5851 hcce
1218 5796 1310 5859 fuit
1328 5809 1490 5846 causa.

1732 373 1790 424 S.
1833 370 2195 427 Al'GUSTlNl
2232 372 2534 433 EPISCOPI

3630 401 3764 455 15M

2194 487 2396 544 zelabat
2437 491 2668 563 Christo,
2715 513 2819 553 non
2869 501 2990 558 sibi.
3036 505 3277 574 Sponsus
3314 512 3458 566 enim
3505 513 3604 569 sibi
3634 519 3770 573 zelat

2193 597 2440 653 sponsam
2481 602 2628 644 suam
2659 606 2671 644 :
2702 593 2904 650 amicus
2945 607 3120 654 autem
3162 604 3342 672 sponsi
3379 621 3481 660 non
3522 624 3638 663 eam
3670 611 3769 665 sibi

2193 675 2364 766 zelare
2392 675 2583 766 debet,»
2603 682 2938 754 'sed‘s'ponSo.
2962 673 3141 746 Bonus
3169 692 3295 764 ergo
3316 705 3368 749 et
3392 696 3548 766 hujus
3575 699 3771 755 intelli-

2193 765 2406 834 gendus‘
2423 778 2504 858 est
2534 763 2675 827 zelus
2709 791 2724 828 :
2753 791 2964 832 causam
2997 784 3223 852 namque
3249 763 3518 858 subjungit
3543 798 3596 843 et
3618 787 3769 855 dicit,

2198 857 2328 922 Quia
2348 854 2496 914 obliti
2531 873 2645 916 sunt
2684 865 2940 921 verborum
2971 880 3169 926 tuorum
3214 874 3404 930 inimici
3434 861 3549 933 mei.
3593 879 3771 935 Retri-

2193 946 2425 1004 buebant
2447 968 2574 1022 ergo
2599 956 2732 1009 mala
2771 973 2867 1027 pro
2897 959 3086 1028 bonis;
3115 967 3364 1030 quoniam
3400 969 3612 1025 ~zelabat
3651 971 3773 1028 illos

2194 1037 2303 1093 De‘o
2333 1049 2436 1095 tam
2479 1043 2821 1103 vehementer
2849 1059 2901 1105 et
2925 1052 3202 1122 ardenter,
3234 1068 3290 1111 ut
3317 1075 3382 1113 eo
3411 1060 3528 1116 zelo
3566 1057 3771 1120 tabefa-

2192 1140 2334 1185 ctum
2359 1149 2419 1188 se
2461 1135 2696 1204 diceret;
2729 1141 2800 1194 illi
2830 1148 3005 1200 autem
3033 1147 3100 1201 ob
3130 1147 3229 1204 hoc
3261 1150 3310 1204 in
3353 1153 3520 1220 ipsum
3547 1156 3564 1186 ί
3597 1156 3773 1212 ἱηίιιιί-

2192 1223 2342 1279 citias
2368 1229 2726 1286 exercebant:
2752 1233 2872 1304 quia
2915 1239 3096 1308 utique
3125 1250 3182 1294 ut
3214 1242 3375 1297 Deum
3403 1257 3643 1302 amarent
3675 1264 3774 1303 voc

2194 1311 2352 1379 lebat,
2379 1331 2510 1388 quos
2536 1321 2759 1376 amando
2780 1324 3004 1381 zelabat.
3032 1328 3144 1384 Non
3166 1331 3398 1401 ingratus
3423 1337 3562 1389 enim
3584 1337 3771 1407 gratia:

2195 1403 2307 1468 Dci,
2339 1422 2432 1475 per
2469 1425 2627 1479 quam
2671 1411 2840 1468 fuerat
2869 1413 2936 1472 é'x
2969 1403 3768 1496 inimico'reconc'iliatus‘Deo,

2192 1497 2348 1550 etiam
2371 1499 2481 1568 ipse
2511 1518 2635 1556 suos
2656 1503 2906 1576 diligebat
2927 1509 3187 1580 inimicos,
3206 1522 3260 1569 et
3297 1532 3391 1571 eos
3411 1518 3614 1573 zelabat
3637 1521 3769 1586 Deo,

2191 1585 2378 1644 dolens
2404 1599 2457 1645 et
2482 1594 2757 1650 tabescens
2778 1599 2916 1666 quod
2940 1601 3118 1657 essent
3144 1604 3426 1661 verborum
3457 1609 3573 1676 ejus
3597 1585 3768 1666 obliti.

2263 1680 2313 1734 '5.
2352 1679 2498 1754 [vers.
2530 1684 2674 1758 MO]
2723 1687 2922 1745 Deinde
2949 1693 3293 1750 considerans
3324 1697 3456 1766 ipse,
3503 1701 3554 1754 in
3596 1702 3772 1758 verbis

2191 1771 2285 1827 Dei
2311 1790 2412 1844 qua
2441 1775 2648 1832 ﬂamma
2680 1780 2976 1838 dilectionis
3000 1786 3216 1843 arderet
3249 1806 3262 1842 :
3288 1787 3536 1859 Ignitum,
3564 1791 3730 1862 inquit
3754 1837 3772 1860 ,

2191 1864 2439 1934 eloquium
2459 1877 2597 1922 tuum
2625 1871 2788 1936 valde,
2821 1883 2866 1927 et
2885 1891 3055 1930 servus
3076 1887 3193 1931 tuus
3212 1877 3387 1933 dilexit
3404 1875 3551 1935 illud.
3579 1883 3772 1940 Merito
3863 1910 3867 1914 ι

2192 1957 2395 2012 zelabat
2423 1959 2473 2013 in
2504 1961 2612 2015 suis
2641 1962 2869 2019 inimicis
2909 1966 3390 2038 cor‘imptnnitens,
3432 1972 3521 2041 qui
3561 1973 3774 2030 fuerant

2192 2047 2340 2103 obliti
2371 2050 2648 2106 verborum
2679 2054 2770 2107 Dei
2799 2071 2812 2108 :
2842 2055 2907 2108 ad
2948 2056 3049 2112 hoc
3092 2059 3235 2113 enim
3278 2059 3532 2130 ﬂagrabat
3560 2079 3652 2118 eos
3680 2065 3776 2119 ad-

2192 2138 2406 2205 ducere,
2438 2143 2578 2212 quod
2609 2144 2719 2212 ipse
2741 2144 3154 2215 ﬂagrantissime
3183 2149 3454 2221 diligebat.

2262 2232 2314 2286 4.
2342 2231 2498 2305 [verm
2526 2236 2620 2289 Ml
2633 2235 2670 2307 .]
2688 2234 2875 2292 Junior
2891 2249 3133 2309 ego-sum,
3157 2241 3344 2311 inquit,
3363 2247 3408 2296 et
3425 2240 3775 2316 contemptus;

2194 2322 2570 2391 iustiﬁcationes
2595 2335 2705 2386 tuas
2743 2343 2842 2381 non
2870 2346 2982 2382 sum
3011 2330 3191 2384 oblitus
3221 2347 3240 2386 :
3270 2348 3374 2387 non
3415 2334 3550 2388 sicut
3576 2335 3775 2391 inimici

2193 2419 2319 2482 mei,
2341 2416 2429 2485 qui
2455 2417 2604 2472 obliti
2628 2421 3054 2476 suntverbornm
3083 2435 3310 2477 tuorum.
3351 2425 3571 2481 Videtur
3595 2437 3775 2482 autem

2194 2507 2370 2563 minor
2392 2518 2548 2565 celate
2575 2527 2677 2566 non
2703 2513 2898 2568 oblitus
2919 2515 3322 2584 justiilcatioues
3354 2518 3442 2572 Dei
3473 2520 3652 2575 dolere
3678 2503 3778 2591 pro

2194 2600 2422 2656 inimicis
2467 2603 2576 2658 suis
2622 2613 2778 2659 aetate
2821 2607 3109 2675 majoribus
3154 2610 3241 2679 qui
3289 2610 3435 2664 obliti
3465 2620 3606 2665 sunt.
3641 2612 3776 2667 Nam

2194 2691 2320 2760 quid
2349 2703 2451 2756 est,
2481 2693 2667 2747 Iunior
2691 2713 2781 2765 ego
2806 2714 2904 2750 non
2931 2715 3040 2750 sum
3061 2698 3263 2761 oblitus,
3292 2701 3412 2765 nisi,
3445 2699 3518 2755 11⁵Ῐί
3545 2704 3777 2772 majores

2195 2784 2342 2838 obliti
2373 2786 2538 2840 sunt?
2567 2794 2803 2858 Νεὼτερος
2828 2799 2910 2843 est
2939 2790 3077 2842 enim
3105 2797 3294 2859 grazce,
3341 2793 3479 2861 quod
3497 2797 3587 2847 ‘est
3612 2794 3775 2848 etiam

2196 2874 2247 2929 in
2275 2875 2366 2930 illo
2389 2877 2506 2930 loco
2536 2879 2620 2932 ubi
2648 2879 2844 2933 dictum
2869 2886 2968 2944 est,
2999 2880 3068 2934 'ln
3093 2895 3191 2952 quo
3221 2884 3427 2953 cm't'igit
3444 2885 3621 2954 junior
3642 2886 3776 2940 viam

2195 2968 2385 3021 suam?
2415 2968 2523 3022 Hoc
2550 2982 2726 3024 autem
2776 2988 2966 3026 nomen
2998 2975 3412 3042 camparativum
3442 2986 3539 3035 est,
3575 2987 3626 3030 et
3656 2976 3779 3031 ideo

2195 3057 2332 3114 bene
2371 3061 2678 3132 intelligitur
2711 3064 2760 3116 in
2791 3067 3186 3134 comparatione
3214 3066 3460 3136 majoris.
3483 3067 3623 3121 Duos
3646 3083 3778 3137 ergo

2195 3152 2415 3221 populos
2443 3151 2528 3206 hic
2553 3168 2898 3224 agnoscamus
2923 3198 2936 3222 ,
2965 3157 3052 3226 qui
3079 3156 3236 3210 etiam
3262 3157 3311 3210 in
3339 3157 3592 3212 Rebecca:
3624 3167 3778 3212 utero

2195 3243 2564 3308 luctabautur;
2592 3244 2803 3314 quando
2846 3262 2946 3299 non
2973 3263 3037 3300 ea:
3075 3247 3328 3316 aperibus,
3359 3248 3447 3301 sed
3471 3264 3532 3301 ex.
3572 3258 3779 3302 rocaute

2196 3337 2382 3389 dictum
2404 3346 2474 3391 est
2501 3337 2564 3399 ei,
2598 3336 2769 3407 Major
2795 3340 2970 3394 serviet
2995 3340 3176 3393 minori
3217 3339 3368 3412 (Gen.
3395 3357 3516 3406 XXV,
3545 3341 3635 3407 9.2,
3663 3341 3735 3396 23
3759 3356 3775 3408 ;

2197 3427 2345 3482 Rom.
2375 3445 2449 3495 ιχ,
2482 3429 2564 3492 12,
2589 3431 2700 3500 15).
2722 3429 2838 3485 Sed
2858 3440 3213 3501 contemptum
3233 3447 3292 3486 se
3309 3431 3437 3486 dicit
3461 3431 3546 3487 hic
3567 3433 3773 3497 minor;

2197 3521 2314 3574 ideo
2344 3520 2619 3576 factus'est
2645 3522 2815 3592 major
2847 3539 2860 3575 :
2890 3523 3009 3592 quia
3041 3523 3285 3592 ignobilia
3317 3532 3369 3576 ct
3397 3523 3776 3594 contem‘ptihi-

2196 3611 2262 3667 lia
2292 3611 2472 3665 mundi
2499 3611 2658 3682 elegit
2690 3612 2848 3676 Deus,
2893 3622 2947 3666 et
2975 3628 3036 3666 ea
3066 3627 3183 3682 qum
3214 3627 3318 3666 non
3346 3620 3488 3677 sunt,
3525 3618 3775 3694 tanquam

2195 3703 2320 3768 sint,
2356 3710 2412 3756 ut
2437 3719 2553 3772 qua:
2593 3714 2716 3757 sunt
2741 3715 3060 3758 evacnentur
3079 3703 3128 3777 (l
3157 3703 3275 3757 Cor.
3308 3720 3344 3768 ι,
3389 3703 3481 3773 93)
3509 3720 3522 3766 ;
3552 3711 3606 3758 et
3648 3711 3776 3758 ecce

2195 3804 2316 3847 sunt
2343 3793 2612 3848 novissimi
2636 3795 2724 3866 qui
2751 3805 2903 3856 erant
2927 3795 3103 3866 primi,
3133 3803 3186 3850 et
3211 3795 3366 3865 primi
3390 3797 3478 3866 qui
3504 3805 3656 3850 eram
3681 3808 3777 3849 πο·

2195 3884 2392 3939 vissimi
2425 3885 2634 3956 (Matth.
2669 3903 2758 3950 xx,
2790 3886 2902 3958 16).
3767 3879 3770 3881 ’

2222 3967 2226 3971 ’
2265 3978 2317 4032 5.
2350 3975 2498 4052 [vers.
2530 3978 2650 4035 142.
2673 3978 2694 4052 ]
2721 3979 2830 4034 Νεε
2861 3979 3124 4033 innuerito
3150 3978 3297 4033 obliti
3323 3987 3449 4034 sunt
3488 3978 3773 4033 verborum

2196 4072 2312 4137 Dei,
2353 4073 2440 4141 qui
2469 4088 2618 4126 suam
2654 4075 2911 4140 justLtiam
2942 4072 3268 4127 constituere
3298 4071 3594 4132 voluerunt,
3619 4071 3775 4139 igno~

2194 4171 2372 4218 rantes
2409 4163 2664 4232 justitiam
2699 4165 2788 4218 Dei
2837 4164 3008 4236 (Rom.
3038 4180 3092 4229 κ,
3126 4164 3180 4234 5)
3222 4182 3235 4217 :
3267 4165 3365 4218 iste
3389 4171 3563 4216 autem
3592 4162 3774 4231 junior

2193 4274 2300 4314 non
2325 4269 2407 4314 est
2433 4257 2649 4324 oblitus,
2672 4259 2758 4329 qui
2786 4275 2889 4312 non
2907 4274 3056 4312 suam
3080 4258 3245 4311 voluit
3271 4257 3466 4311 habere
3484 4257 3767 4325 justitiam,

2195 4367 2220 4405 s
2243 4356 2284 4403 -d
2321 4355 2430 4406 Dei.
2463 4353 2527 4403 de
2557 4369 2654 4420 qna
2686 4350 2844 4405 etiam
2888 4365 3026 4404 nunc
3049 4348 3196 4415 dicit,
3236 4347 3443 4402 Iustitia
3467 4357 3552 4400 tua
3567 4347 3776 4416 justitia

2195 4450 2246 4499 tu
2267 4456 2527 4509 internum,
2563 4451 2609 4496 et
2630 4442 2710 4496 lex
2737 4451 2821 4494 tua
2841 4443 3040 4494 veritas.
3067 4439 3344 4507 Quomodo
3371 4439 3509 4493 enim
3541 4454 3645 4492 non
3675 4454 3772 4492 ve-

2193 4537 2320 4591 ritas
2346 4537 2448 4601 lex,
2481 4551 2572 4603 per
2596 4549 2755 4604 quam
2780 4533 3014 4602 cognitio
3041 4532 3261 4600 peccati,
3295 4540 3348 4584 et
3377 4545 3496 4598 qua:
3529 4530 3772 4582 testimo-‘

2194 4629 2337 4682 nium
2365 4627 2608 4695 perhibet
2621 4625 2837 4694 justitia:
2863 4624 2994 4676 Dei?
3019 4623 3108 4676 Sic
3134 4623 3273 4676 enim
3298 4619 3428 4674 dicit
3455 4620 3766 4688 Apostolus:

2191 4719 2398 4773 Iustitia
2446 4718 2534 4771 Dei
2565 4717 2876 4787 manifestata
2920 4724 3011 4789 est,
3057 4713 3320 4781 testiﬁcata
3366 4728 3452 4781 per
3495 4709 3678 4781 Legem
3722 4721 3771 4764 et

2201 4809 2480 4878 Prophetas
2518 4805 2625 4876 (Id.
2653 4823 2727 4872 ιιι,
2758 4804 2848 4871 ευ,
2873 4804 2988 4874 2-1).

2263 4901 2314 4955 6.
2335 4900 2352 4972 [
2357 4917 2482 4954 vers.
2500 4896 2646 4969 143.]
2661 4899 2880 4965 Propter
2893 4895 3028 4948 hanc
3047 4907 3233 4964 passus
3249 4900 3333 4947 est
3350 4892 3768 4961 persecutionem

2187 4995 2370 5063 junior
2407 5008 2435 5045 a
2481 4992 2701 5060 majore,
2748 5001 2804 5042 ut
2845 4989 3048 5043 diceret
3081 4987 3261 5057 junior
3301 4985 3442 5056 quod
3488 4987 3771 5054 sequitur:

2196 5084 2474 5140 Tribulatio
2502 5093 2550 5139 et
2595 5083 2860 5137 necessitas
2901 5082 3191 5134 invenerunt
3236 5095 3346 5142 me,
3392 5078 3634 5130 mandata
3685 5085 3772 5129 tua

2191 5177 2448 5230 meditatio
2467 5191 2577 5230 mea
2601 5183 2693 5228 est.
2720 5173 2970 5234 S:eviant.
2999 5178 3415 5240 persequantur;
3447 5168 3570 5223 dum
3594 5178 3770 5222 tamen

2192 5268 2438 5322 mandata
2471 5266 2564 5320 Dei
2608 5279 2710 5317 non
2759 5263 3143 5332 relinquantur,
3172 5269 3227 5315 et
3256 5276 3323 5315 ex
3353 5259 3479 5329 ipsis
3508 5257 3774 5312 mandatis
3842 5260 3852 5273 '

2191 5359 2349 5412 etiam
2375 5357 2463 5427 qui
2489 5354 2714 5411 sreviunt
2737 5354 3044 5421 diligantur.

2260 5449 2314 5504 7.
2345 5448 2496 5520 [vers.
2525 5444 2672 5518 ML]
2702 5444 2910 5499 Iustitia
2956 5443 3238 5498 testimonia
3276 5451 3363 5496 tua
3403 5441 3455 5494 in
3484 5451 3728 5496 (sternam
3752 5482 3767 5505 ,

2190 5539 2493 5594 intellectum
2532 5538 2598 5590 da
2640 5537 2782 5600 mihi,
2813 5545 2860 5589 et
2887 5536 3066 5588 vivam.
3101 5533 3424 5587 Intellectum
3458 5534 3628 5600 poscit
3674 5534 3772 5584 iste

2186 5631 2400 5700 junior;
2441 5645 2596 5699 quem
2642 5629 2685 5682 si
2730 5643 2832 5682 non
2878 5626 3127 5690 haberet;
3173 5640 3277 5679 non
3323 5637 3484 5692 super
3529 5623 3770 5676 seniores

2253 5744 2422 5850 'lhlssd
2450 5740 2617 5791 obltoc
2641 5733 2796 5804 ipsum
2819 5737 3093 5790 inimicitias
3109 5737 3401 5789 eaercebaut
3423 5737 3636 5787 :omissa
3659 5745 3762 5797 par

2253 5818 2285 5850 :u
2307 5817 2352 5850 ul.
2377 5817 2442 5850 ιη.

2191 5806 2352 5865 ticula,
2377 5806 2442 5852 in.
