4070 6464
303 350 439 408 1585

302 464 662 536 intelligeret:
687 462 780 518 sed
808 477 931 516 eum
962 460 1130 532 poscit
1171 459 1224 513 in
1254 456 1673 512 tribulationem
1697 469 1886 510 ncces-

301 561 480 623 sitate,
513 573 622 628 quo
670 556 942 624 intelligat,
955 568 1111 624 quam
1142 553 1229 607 sit.
1249 549 1698 606 contemnendum
1743 546 1887 618 quod

299 651 346 704 ei
379 657 603 717 possunt
631 646 840 701 auferre
879 650 1257 713 persequentes
1283 640 1504 705 inimici,
1541 655 1568 692 a
1609 639 1800 709 quibus
1827 653 1886 692 se

301 740 427 794 dicit
469 755 589 793 esse
618 746 1001 805 contemptum.
1048 733 1176 787 ideo
1199 732 1350 796 dixit,
1380 741 1426 784 et
1455 732 1665 784 vivam:
1692 729 1812 799 quia
1841 727 1884 782 si

299 845 366 886 eo
403 843 576 900 usque
601 829 868 884 tribulatio
914 824 1304 893 necessitasque
1337 820 1658 892 pervenerit,
1705 831 1761 874 ut
1793 836 1886 889 per

299 922 636 978 inimicorum
670 919 1094 987 persequentium
1137 929 1325 969 manus
1364 913 1469 968 vita
1496 911 1597 980 ista
1630 911 1880 977 ﬁniatur;

299 1013 448 1070 vivet
486 1013 542 1068 in
582 1020 864 1076 aeternum,
895 1009 984 1080 qui
1013 1006 1391 1078 temporalibus
1429 1005 1691 1076 prmponit
1724 1005 1883 1074 justi-

291 1103 448 1168 tiam,
477 1115 598 1174 qua:
619 1110 796 1156 manet
818 1099 870 1154 in
896 1107 1174 1153 mternum.
1202 1093 1330 1165 Quae
1351 1093 1555 1166 justitia
1579 1094 1632 1149 in
1663 1093 1880 1149 tribula-

301 1197 448 1250 tione
489 1192 888 1255 etnccessitate
911 1189 1163 1261 martyria
1189 1195 1316 1243 sunt
1353 1187 1467 1253 Dei,
1499 1185 1600 1241 hoc
1627 1194 1710 1241 est
1737 1185 1883 1241 testi-

301 1289 499 1354 monia,
533 1303 629 1359 pro
655 1287 848 1357 quibus
871 1297 994 1341 sunt
1024 1295 1283 1357 martyres
1311 1284 1570 1340 coronati.

904 1393 1074 1433 εειιιιο
1113 1394 1144 1431 Χ
1154 1394 1202 1431 XI
1213 1393 1267 1430 x.

371 1475 422 1528 l.
451 1472 603 1546 [vers.
635 1473 736 1528 H5
762 1471 783 1545 ]
803 1470 1014 1527 Clamor
1031 1470 1095 1525 ad
1118 1469 1421 1536 Dominum,
1444 1468 1531 1538 qui
1555 1467 1612 1522 ﬁt
1635 1467 1701 1522 ab
1724 1481 1880 1522 oran-

297 1565 462 1632 tibus,
495 1566 540 1619 si
568 1564 747 1619 sonitu
773 1562 1066 1632 corporalis
1116 1562 1262 1616 vocis
1295 1560 1409 1625 ﬁat,
1438 1576 1542 1614 non
1573 1561 1791 1614 intento.
1827 1558 1878 1612 in

302 1655 471 1711 Deum
513 1654 710 1718 corde;
738 1654 858 1725 quis
899 1653 1119 1708 dubitet.
1146 1653 1376 1715 inaniter.
1416 1652 1668 1706 ﬁeri?»Si
1701 1660 1878 1706 autem

301 1749 391 1801 ﬁat
416 1745 599 1811 corde,
629 1747 790 1800 etiam
815 1745 1004 1801 silente
1037 1744 1278 1815 corporis
1300 1758 1432 1799 voce
1457 1761 1471 1808 ;
1499 1743 1658 1796 alium
1687 1756 1877 1812 quem-

297 1837 430 1893 libet
474 1836 743 1893 hominem
786 1843 956 1907 potest
986 1837 1170 1902 latere,
1202 1850 1306 1890 non
1347 1835 1534 1890 Deum.
1583 1833 1706 1889 Sive
1751 1847 1880 1902 ergo

296 1947 418 1987 cum
449 1947 580 1988 voce
607 1933 804 2000 carnis,
831 1931 1042 2003 quando
1063 1929 1116 1986 id
1142 1946 1274 2000 opus
1302 1937 1402 1994 est,
1435 1928 1548 1984 sive
1568 1942 1687 1982 cum
1715 1927 1881 1982 silen-

298 2025 392 2090 tio,
415 2023 480 2077 ad
500 2025 688 2090 Deum,
713 2038 834 2078 cum
861 2037 1094 2089 oramus,
1117 2020 1278 2077 corde
1297 2020 1630 2075 clamandum
1657 2027 1758 2074 est.
1785 2019 1881 2074 Est

295 2125 476 2169 autem
521 2115 722 2169 clamor
764 2114 943 2170 cordis
989 2127 1178 2184 magna
1225 2113 1562 2182 cogitationis
1609 2111 1873 2176 intentio;

294 2221 416 2276 quae
453 2220 575 2260 cum
604 2215 687 2260 est
713 2206 764 2260 in
793 2207 1053 2268 oratione,
1098 2198 1346 2274 magnum
1374 2203 1622 2273 exprimit
1663 2202 1875 2257 deside-

296 2297 466 2352 rantis
487 2307 544 2353 et
569 2297 799 2366 petentis
821 2296 1089 2358 atiectum,
1124 2305 1182 2350 ut
1207 2311 1310 2349 non
1337 2294 1587 2364 desperet
1607 2293 1872 2348 eﬂectum.

295 2387 448 2443 Tunc
478 2403 636 2458 porro
678 2389 730 2442 in
776 2396 890 2441 toto
916 2387 1078 2442 corde
1103 2386 1380 2451 clamatur,
1412 2383 1627 2454 quando
1665 2382 1877 2438 aliunde

295 2494 402 2534 non
429 2479 712 2550 cogitatur.
740 2479 896 2534 Tales
919 2479 1186 2532 orationes
1211 2492 1344 2531 rarae
1387 2485 1509 2530 sunt
1538 2475 1736 2540 multis,
1760 2489 1878 2530 cre-

295 2568 407 2624 bra:
459 2577 639 2624 autem
684 2570 903 2639 paucis;
946 2584 1132 2624 attines
1173 2584 1299 2623 vero
1347 2578 1525 2622 utrum
1586 2569 1872 2638 cuiquam,

296 2661 497 2716 nescio.
542 2661 726 2722 Talem
774 2677 923 2716 suam
969 2671 1352 2717 commemorat
1396 2662 1728 2727 orationem,
1786 2660 1877 2731 qui

295 2762 475 2809 cantat
501 2754 644 2809 hunc
690 2756 972 2825 psalmum,
1000 2755 1182 2810 dicens
1207 2773 1220 2808 :
1249 2754 1475 2809 Clamavi
1514 2754 1568 2807 in
1598 2762 1698 2807 toto
1725 2753 1878 2808 corde

293 2863 436 2912 meo;
469 2847 662 2901 exaudi.
678 2864 774 2912 me,
802 2847 1035 2902 Domine.
1063 2848 1158 2902 Cui
1200 2857 1376 2902 autem
1413 2845 1492 2902 rei
1521 2861 1648 2902 suus
1673 2846 1876 2902 clamor

293 2937 559 3008 proﬁciat,
587 2938 827 3008 adjunxit
858 2956 870 2991 :
901 2937 1292 3007 Justiﬁcationes
1335 2947 1446 2991 tuas
1475 2937 1754 3006 exquiram.
1792 2936 1875 2991 Ad

294 3030 399 3086 hoc
417 3046 546 3102 ergo
570 3032 816 3086 clamavit
846 3031 897 3084 in
928 3039 1038 3084 toto
1063 3029 1224 3084 corde
1253 3045 1372 3095 suo,
1399 3037 1456 3084 et
1481 3027 1582 3084 hoc
1605 3028 1704 3083 sibi
1731 3026 1875 3082 desi-

291 3121 501 3177 deravit
526 3138 555 3175 a
583 3122 809 3177 Domino
831 3121 1145 3176 exaudiente
1175 3120 1517 3190 praestari,ut
1541 3118 1877 3189 iustiﬁcatior

293 3229 390 3271 nes
416 3215 533 3283 ejus
557 3216 817 3286 exquirat.
846 3214 1076 3269 Proinde
1107 3212 1247 3284 quod
1273 3223 1330 3267 ut
1354 3212 1611 3268 faciamus
1634 3211 1872 3282 jubetur,

292 3317 352 3362 ut
373 3309 719 3378 exquiramus
758 3315 960 3361 oratur.
1005 3307 1174 3375 Quam
1220 3307 1377 3376 longe
1417 3315 1499 3361 est
1537 3305 1714 3362 adhuc
1737 3321 1766 3358 a
1798 3305 1878 3360 l‘a-

291 3399 468 3454 ciente
497 3399 588 3468 qui
611 3399 880 3468 exquirit?
903 3398 1017 3453 Non
1046 3398 1187 3454 enim
1231 3407 1673 3468 estconsequens
1700 3405 1758 3450 ut
1782 3397 1874 3467 qui

290 3491 544 3562 exquirit,
572 3491 804 3545 inveniat
828 3508 844 3557 ;
869 3491 1067 3560 autqui
1097 3491 1314 3556 invenit,
1342 3490 1498 3546 faciat
1525 3508 1538 3543 :
1568 3506 1674 3545 non
1699 3499 1877 3562 potest

289 3593 471 3639 autem
513 3584 612 3638 nisi
642 3584 930 3648 invenerit,
953 3583 1172 3643 facere;
1195 3591 1250 3638 et
1267 3584 1374 3639 nisi
1403 3583 1696 3654 quaesierit,
1726 3584 1871 3643 inve.

291 3675 428 3729 nire.
460 3673 568 3730 Sed
609 3689 851 3744 magnam
881 3689 1029 3743 spem
1064 3675 1317 3730 Dominus
1341 3673 1496 3729 Jesus
1517 3673 1873 3728 dedit.dicen.-

290 3762 387 3817 do:
408 3762 648 3830 anrite,
665 3773 711 3816 et
733 3762 1012 3816 invenietis.
1036 3762 1238 3819 Rursus
1261 3773 1436 3818 autem
1463 3762 1590 3817 dicit
1611 3763 1873 3832 sapientia

291 3857 435 3925 (qum
463 3853 591 3928 quid
619 3863 720 3921 est,
751 3855 848 3909 nisi
888 3855 1003 3924 ipse
1038 3856 1108 3925 ἵ),
1139 3854 1374 3922 (laterent
1412 3871 1490 3908 me
1514 3855 1654 3920 mali,
1686 3863 1734 3908 et
1774 3871 1874 3932 non

289 3945 561 4000 invenient.
584 3945 698 4000 Non
717 3959 852 4015 ergo
866 3945 1040 4010 malis,
1064 3943 1159 4000 sed
1191 3943 1349 3999 bonis
1369 3943 1565 4000 dictum
1587 3953 1686 4007 est.
1715 3944 1872 4012 Qua:-

290 4036 403 4099 rite,
437 4045 495 4089 et.
515 4035 789 4090 invenietis.
839 4033 951 4089 lmo
989 4050 1118 4090 vero
1161 4033 1240 4090 eis
1281 4035 1482 4090 dictum
1529 4044 1632 4101 est,
1681 4036 1874 4105 quibus

291 4124 480 4180 eodem
514 4125 630 4178 loco
661 4125 816 4194 paulo
845 4134 985 4195 post,
1020 4124 1080 4180 Si
1105 4141 1222 4195 ergo
1248 4141 1352 4190 vos,
1398 4124 1588 4194 inquit,
1621 4141 1735 4178 cum
1763 4125 1874 4179 sitis

293 4217 435 4283 ntali,
467 4217 622 4271 nostis
643 4215 772 4270 bona
796 4217 917 4270 data
943 4216 1066 4270 dare
1090 4217 1210 4285 ﬁliis
1235 4216 1411 4271 vestris
1441 4215 1650 4288 (Matth.
1679 4233 1770 4282 vn,
1800 4217 1832 4271 7
1856 4259 1870 4282 ,

294 4308 407 4377 Η).
455 4306 738 4373 Quomodo.
771 4307 927 4377 igitur
954 4307 1110 4362 malis
1133 4306 1347 4374 dicitur,
1387 4306 1624 4374 Quazrite,
1669 4319 1712 4360 et
1740 4308 1874 4361 iuve-

204 4421 213 4432 -
293 4401 439 4454 uictis
462 4417 480 4465 ;
503 4413 623 4454 cum
651 4413 836 4454 rursus
865 4399 1090 4468 dicatur,
1139 4401 1378 4467 Quwrent
1416 4417 1495 4454 me
1527 4401 1669 4467 mali,
1701 4411 1744 4455 et
1773 4417 1874 4456 non

293 4490 588 4545 invenient?
615 4491 695 4544 An
735 4490 876 4545 aliud
921 4505 1015 4546 eos
1063 4491 1314 4546 Dominus
1355 4506 1514 4562 quam
1559 4493 1874 4562 sapientiam

292 4597 536 4653 quan'ct‘e
574 4581 820 4649 volebat,
860 4582 1072 4653 quando
1100 4598 1194 4638 eos
1220 4584 1530 4639 inventuros
1568 4585 1614 4640 si
1664 4601 1872 4656 quaere-

293 4685 411 4730 rent
451 4673 839 4744 promittebat?
865 4674 919 4728 In
949 4688 1011 4730 ea
1049 4674 1244 4745 quippe
1268 4685 1389 4729 sunt
1431 4676 1631 4742 omnia,
1659 4693 1778 4746 qua:
1807 4679 1874 4736 ab

295 4764 372 4818 eis
398 4765 488 4835 qui
518 4763 657 4819 beati
688 4778 808 4818 esse
831 4764 1069 4834 cupiunt,
1103 4764 1412 4835 inquirenda
1455 4775 1598 4822 sunt.
1639 4767 1714 4822 lbi
1745 4784 1873 4840 ergo

296 4868 418 4911 sunt
461 4865 516 4912 et
551 4856 955 4926 iustiﬁcationes
993 4858 1106 4912 Dei.
1136 4858 1468 4930 Quapropter
1496 4871 1660 4916 restat
1703 4872 1760 4917 ut
1789 4864 1871 4919 in.

297 4949 612 5016 telligamus,
652 4962 760 5002 non
803 4963 988 5003 omnes
1017 4948 1186 5003 malos
1234 4964 1339 5004 non
1383 4950 1622 5008 invenire
1659 4953 1872 5022 sapien-

298 5038 497 5105 ti:im,si
520 5038 826 5109 qumsierint
850 5055 864 5102 ;
882 5039 978 5095 sed
993 5056 1086 5096 eos
1102 5041 1259 5110 quiin
1279 5049 1478 5096 tantum
1504 5051 1630 5098 sunt
1648 5044 1793 5111 mali,
1817 5053 1875 5102 ut

297 5130 509 5185 oderint
530 5145 666 5184 eam.
690 5129 778 5186 Sic
789 5130 929 5186 enim
949 5139 1002 5186 et
1016 5131 1150 5186 dixit
1170 5150 1182 5186 :
1206 5132 1442 5199 ﬂuerent
1459 5135 1691 5197 trientali,
1707 5145 1752 5190 et
1772 5153 1873 5191 non

295 5221 569 5284 invenient;
586 5220 1254 5289 oderuntenimsapienliam
1269 5222 1445 5294 (Prov.
1467 5241 1502 5288 I,
1515 5225 1605 5290 28,
1620 5224 1732 5297 29).
1751 5226 1872 5284 Ideo

295 5327 421 5383 ergo
434 5327 541 5366 non
555 5311 847 5380 inveniunt,
863 5314 984 5383 quia
996 5313 1242 5370 oderunt.
1258 5315 1360 5372 Sed
1375 5331 1554 5371 rursus
1567 5319 1608 5372 si
1623 5318 1869 5388 oderunt,

294 5401 565 5471 quomodo
580 5411 853 5471 quterunt;
879 5404 976 5459 nisi
997 5405 1117 5474 quia
1137 5420 1240 5460 non
1259 5421 1374 5460 eam
1395 5418 1640 5476 quaerunt
1658 5421 1874 5480 propter

295 5492 486 5561 ipsam,
508 5493 604 5549 sed
628 5503 842 5563 propter
863 5495 1059 5565 aliquid
1081 5494 1221 5566 quod
1239 5498 1362 5552 mali
1385 5509 1585 5564 amant,
1611 5508 1666 5554 et
1686 5501 1750 5555 ad
1774 5501 1874 5557 hoc

294 5600 351 5639 se
379 5585 588 5640 facilius
623 5596 806 5656 putant
824 5598 1173 5657 perventuros
1202 5604 1296 5659 per
1323 5590 1523 5658 ipsam?
1550 5592 1698 5647 Multi
1728 5594 1871 5648 enim

293 5681 512 5749 suntqui
525 5678 663 5735 dicta
674 5681 947 5750 sapientiai
958 5681 1340 5738 studiosissime
1355 5684 1873 5757 inquirunt,eamque

297 5765 348 5820 in
379 5767 639 5838 doctrina,
684 5783 792 5830 non
820 5771 875 5829 iu
915 5770 1022 5828 vita
1051 5772 1232 5833 volunt
1283 5774 1601 5843 habereaut
1628 5793 1731 5835 non
1777 5797 1870 5851 per

1369 337 1766 396 ENABRATIO
1802 335 1866 392 IN
1907 334 2229 395 PSALMUM.
2263 340 2491 399 cxvtu.
2585 329 2596 336 ’

3431 358 3572 416 1580

1996 466 2192 512 mores.
2215 473 2348 528 quos
2371 460 2520 530 jubet
2539 464 2818 534 sapientia,
2849 473 3152 537 perveniant
3177 473 3240 528 ad
3264 475 3351 529 Dei
3376 477 3569 541 lucem,

1993 548 2133 616 quod
2155 561 2244 605 est
2271 553 2380 622 ipsa
2409 557 2688 627 sapientia,
2716 563 2808 615 sed
2841 577 2933 631 per
2954 579 3228 621 sermones
3255 585 3387 640 quos
3409 569 3570 628 habet

1970 642 2270 709 .sapieutia,
2305 650 2611 715 perveniant
2656 653 2720 705 ad
2752 655 3023 711 lmnuiuum
3057 661 3287 726 laudem,
3318 663 3457 732 quod
3485 674 3571 719 est

1988 1009 2136 1075 ﬁeri;
2162 1022 2214 1066 et
2237 1027 2437 1084 quanto
2462 1022 2629 1089 magis
2651 1023 2919 1090 inﬂantur,
2955 1037 3100 1081 tanto
3131 1033 3298 1100 magis
3322 1033 3571 1088 efﬁciun-

1989 1107 2078 1155 tur
2119 1114 2269 1158 extra
2317 1106 2507 1176 ipsam.
2557 1109 2662 1167 iste
2712 1125 2890 1171 autem
2940 1117 3041 1173 hoc
3071 1121 3243 1188 ipsum
3290 1139 3568 1192 posccusa

1987 1192 2233 1286 Domino,
2272 1199 2411 1268 quod
2427 1216 2557 1255 eum
2579 1203 2731 1272 jubet
2767 1205 2943 1262 facere
2973 1211 3247 1280 Dominus,
3291 1227 3348 1269 ut
3377 1217 3488 1286 ipse
3513 1220 3564 1272 in

1987 1285 2078 1341 illo
2106 1288 2262 1343 etiam
2289 1292 2430 1360 quod
2457 1295 2963 1369 imperat-aperietur
2987 1320 3000 1367 ;
3036 1305 3175 1360 Deus
3199 1318 3280 1362 est
3307 1285 3448 1364 enim
3479 1313 3569 1381 qui

1985 1389 2237 1446 operatur
2255 1381 2309 1436 in
2337 1385 2492 1440 nobis
2515 1389 2730 1444 ettivelie
2750 1398 2811 1445 et
2830 1397 3061 1461 operari,
3093 1412 3188 1465 pro
3215 1399 3351 1455 bona
3379 1403 3567 1456 volun-

1986 1477 2092 1526 tate
2123 1469 2387 1546 (Philipp.
2432 1491 2489 1542 ιι,
2523 1478 2612 1549 15)
2641 1479 2924 1551 :Clantavi,
2957 1485 3146 1556 inquit,
3181 1492 3233 1543 in
3287 1501 3392 1547 toto
3415 1495 3568 1549 corde

1984 1567 2346 1627 meo;-ea:audi
2387 1585 2487 1636 me,
2521 1568 2780 1628 Domine:
2802 1578 3190 1645 justiﬁcationes
3232 1592 3343 1636 tuas
3389 1587 3567 1654 exqui-

1984 1669 2094 1707 rant
2125 1671 2144 1708 :
2175 1658 2353 1728 utique
2382 1659 2670 1730 faciendas,
2714 1682 2820 1719 non
2873 1674 3236 1725 tantummodo
3282 1677 3566 1742 scientias;

1983 1759 2054 1800 ne
2077 1747 2263 1803 similis
2289 1749 2378 1806 ﬁat
2402 1753 2476 1809 illi
2502 1770 2658 1811 servo
2683 1757 2841 1826 duro,
2871 1762 2959 1831 qui
2981 1765 3188 1820 etiamsi
3223 1767 3564 1836 intellexerit,

1983 1849 2092 1890 non
2118 1837 2370 1897 obaudiet
2395 1841 2575 1913 (Prov.
2604 1862 2745 1913 xxix,
2782 1850 2895 1922 i9).

1975 1980 1980 1984 .
2053 1927 2108 1982 2.
2143 1927 2292 2002 [vers.
2324 1933 2471 2006 146.]
2499 1935 2765 2006 Clamavi;
2793 1943 2988 1998 salvum
3015 1963 3092 2000 me
3119 1952 3200 2018 [ac
3225 1966 3245 2002 :
3279 1951 3398 2016 vel,
3426 1951 3567 2007 sicut

1983 2022 2218 2076 nonnulli
2246 2023 2462 2082 codices
2487 2027 2685 2086 habent
2713 2044 2765 2088 et
2784 2037 2942 2104 graeci
2973 2048 3028 2092 et
3049 2040 3216 2106 latini,
3243 2041 3468 2097 Clumari
3499 2054 3570 2108 te;

1981 2111 2176 2168 salvum
2205 2132 2283 2170 me
2306 2121 2408 2189 fac.
2439 2120 2577 2188 Quid
2605 2132 2720 2190 est,
2753 2127 2978 2183 Clamavi
3004 2139 3050 2184 te
3073 2173 3088 2197 ,
3118 2133 3216 2187 nisi
3245 2175 3258 2196 ,
3283 2136 3568 2190 clamando

1981 2202 2220 2260 invocavi
2252 2209 2338 2263 te?
2375 2212 2481 2266 Sed
2512 2229 2632 2268 cum
2676 2216 2930 2286 dixisset,
2964 2225 3156 2276 salvum
3187 2242 3265 2278 me
3289 2229 3371 2295 [ac
3393 2269 3407 2294 ,
3441 2229 3566 2297 quid

1979 2295 2254 2366 adjunxit?»
2281 2299 2349 2358 Et
2391 2306 2670 2362 custodiam
2713 2310 2996 2364 testimonia
3025 2324 3111 2368 tua
3138 2331 3156 2368 :
3186 2332 3254 2372 ne
3283 2326 3331 2372 te
3361 2295 3569 2376 scilicet
3604 2339 3624 2356 ·

1981 2399 2095 2454 per.
2129 2389 2490 2448 inﬁrmitatem
2523 2411 2734 2463 negem.
2781 2400 2938 2455 Salus
2963 2404 3160 2474 quippe
3200 2407 3392 2462 anima:
3439 2408 3568 2464 facit

1983 2479 2329 2548 utﬁatquod
2360 2481 2659 2540 iaciendum
2688 2503 2810 2544 esse
2845 2496 3201 2562 cognoscitur,
3226 2507 3279 2552 ct
3311 2514 3474 2568 usque
3499 2502 3566 2556 ad

1979 2569 2207 2622 mortem
2258 2569 2527 2635 Corporis,
2560 2569 2604 2623 si
2655 2571 2758 2626 hoc
2799 2573 3000 2646 ﬂagitat
3023 2587 3263 2634 extrema
3306 2585 3562 2649 tentatio,

1980 2663 2077 2720 pro
2107 2653 2530 2713 testimoniorum
2558 2659 2856 2720 divinorum
2899 2669 3118 2725 veritate
3159 2683 3433 2728 certetur:
3475 2675 3563 2730 ubi

1979 2753 2157 2800 autem
2188 2763 2292 2802 non
2321 2759 2403 2805 cst
2427 2751 2573 2808 salus
2595 2793 2612 2820 ,
2643 2758 2941 2814 succumbit
2969 2760 3280 2830 inﬁrmitas,
3327 2774 3382 2820 et
3409 2765 3566 2821 dese-

1979 2837 2116 2892 ritur
2141 2840 2355 2897 veritas.

2049 2929 2105 2986 5.
2157 2930 2305 3004 [vers.
2366 2936 2510 3010 147.]
2565 2937 2669 2994 Sed
2717 2930 2860 3011 quod
2911 2948 3150 3016 sequitur
3181 2949 3337 3005 habet
3367 2951 3564 3022 aliquid

1978 3022 2348 3092 obscuritatis,
2378 3031 2516 3098 quod
2540 3033 2812 3104 aliquanto
2838 3037 3038 3093 diutius
3055 3044 3427 3110 exponendum
3458 3053 3562 3101 est.

1979 3115 2214 3178 Prwveni
2239 3123 2533 3194 intempesta
2578 3139 2723 3184 nocte
2744 3173 2759 3197 ,
2791 3141 2837 3185 et
2867 3135 3099 3189 clamavi.
3132 3137 3318 3192 Plures
3350 3140 3565 3196 codices

1979 3224 2086 3264 non
2141 3211 2374 3280 habent,
2425 3217 2721 3290 intempesta
2750 3235 2932 3289 nocte;
2978 3228 3071 3282 sed
3097 3269 3111 3294 ,
3160 3230 3518 3287 immaturitate
3544 3251 3565 3288 :

1977 3301 2064 3356 vix
2085 3313 2271 3363 autem
2301 3323 2436 3364 unus
2484 3311 2732 3368 inventus
2757 3327 2840 3371 est
2867 3319 2958 3388 qui
2988 3319 3210 3376 haberet
3237 3326 3564 3394 geminatatn

1980 3396 2409 3464 prmpositionem
2434 3442 2450 3466 ,
2481 3401 2535 3456 id
2558 3413 2640 3458 est
2659 3446 2674 3471 ,
2702 3406 2754 3459 in
2782 3408 3158 3466 immaturitate.
3203 3413 3560 3474 ltnniaturitas

1978 3485 2164 3557 itaque
2186 3487 2288 3545 hoc
2315 3491 2434 3548 loco
2461 3506 2776 3552 nocturnum
2808 3510 3016 3571 tempus
3039 3513 3120 3559 est
3144 3545 3160 3571 ,
3185 3507 3323 3575 quod
3353 3523 3456 3563 non
3478 3519 3565 3566 est

1977 3590 2282 3672 maturum,
2312 3584 2363 3639 id
2410 3596 2522 3652 est,
2551 3602 2906 3659 opportunum
2940 3606 2994 3649 ut
3019 3609 3206 3667 agatur
3233 3601 3431 3672 aliquid
3478 3605 3562 3658 vi-

1977 3671 2225 3742 gilando:
2257 3677 2582 3745 quodetiam
2610 3683 2766 3754 vulgo
2791 3684 2893 3741 dici
2938 3689 3112 3755 solet,
3145 3690 3274 3746 hora
3305 3694 3562 3765 inoppor-

1979 3771 2106 3855 tuna
2136 3766 2176 3818 ιδ
2205 3765 2318 3821 Nox
2343 3783 2554 3841 quoque
2580 3772 2916 3845 intempesta,
2945 3779 2996 3833 id
3017 3789 3099 3834 est
3123 3783 3317 3848 media,
3348 3787 3562 3855 quando

1977 3853 2357 3924 quiescendum
2385 3869 2467 3916 est
2488 3901 2503 3926 ,
2536 3861 2661 3919 hinc
2691 3867 2874 3934 procul
2902 3867 3064 3925 dubio
3108 3853 3406 3942 nuncupata
3437 3886 3556 3943 est,

1978 3946 2100 4014 quia
2159 3947 2512 4018 inopportuna
2555 3963 2639 4009 est
2680 3957 2978 4014 actionibus
3019 3961 3366 4032 vigilantium.
3397 3967 3560 4023 Tem-

1979 4037 2240 4106 pesﬁvum
2271 4041 2410 4095 enim
2439 4041 2687 4100 dixerunt
2713 4055 2924 4103 veteres
2948 4060 3340 4122 opportunum;
3383 4063 3438 4112 et
3480 4057 3559 4112 in-

1979 4129 2351 4196 tempestivum
2383 4170 2398 4195 ,
2459 4131 2875 4203 inopportunum
2934 4157 2946 4192 :
2998 4156 3028 4195 a
3091 4151 3331 4214 tempore
3398 4148 3562 4203 ducto

1976 4221 2268 4286 vocabulo,
2304 4239 2407 4278 non
2435 4225 2504 4279 ab
2533 4226 2621 4280 illa
2652 4235 2999 4299 tempestate,
3027 4249 3144 4304 qua:
3173 4241 3561 4297 consuetudine

1978 4310 2154 4368 latina:
2200 4316 2389 4386 lingua:
2438 4319 2560 4375 εωιὶ
2601 4323 2930 4392 perturbatio
2964 4326 3076 4396 jam
3105 4340 3344 4386 vocatur.
3373 4334 3559 4402 Quan-

1977 4420 2134 4476 quam
2167 4409 2267 4463 isto
2293 4409 2455 4466 verbo
2481 4412 2707 4468 libenter
2734 4423 2952 4472 utuntur
2977 4418 3236 4487 historici,
3271 4432 3328 4479 ut
3354 4423 3559 4494 dicant,

1979 4496 2052 4551 Ea
2082 4507 2421 4569 tempestate,
2469 4503 2608 4573 quod
2630 4505 2824 4562 volunt
2868 4507 2946 4565 Eo
2993 4519 3232 4583 tempore
3277 4515 3500 4589 intelligi
3543 4539 3558 4574 ι

1977 4599 2033 4646 ει
2054 4591 2195 4661 quod
2220 4594 2293 4648 ait
2322 4595 2525 4652 locutor
2552 4601 2794 4670 egregius
2814 4643 2830 4669 ,

2470 4690 2601 4753 unde.
2627 4693 2730 4744 haec
2752 4702 2847 4744 tam
2871 4696 2996 4747 clara
3021 4709 3234 4753 repente

2470 4713 2601 4761 unus:
2627 4713 2730 4744 ltwc
2752 4713 2847 4744 tam
2871 4713 2996 4747 Clara
3021 4713 3079 4749 re

2102 4750 2417 4810 Tempestas?
2482 4752 2503 4814 (
2528 4761 2660 4817 Virg.
2685 4765 2783 4805 Ain.
2810 4771 2881 4819 ιχ,
2908 4760 2977 4820 19,

1977 4843 2084 4882 ιιοη
2112 4831 2302 4884 cmlum
2323 4833 2513 4890 nimbis
2531 4839 2766 4894 ventisvc
2783 4842 3070 4908 turbatum,
3089 4847 3180 4900 sed
3202 4851 3368 4918 magis
3383 4851 3558 4906 subita

1977 4929 2029 4975 et
2041 4922 2312 4990 splendida
2327 4927 2610 4982 serenitate
2624 4930 2870 5002 fulgidum
2885 4935 3197 5005 signiﬁcavit
3209 4939 3307 4993 hoc
3321 4941 3555 5002 nomine.

1977 5012 2128 5090 Quod
2147 5031 2284 5085 ergo
2305 5032 2477 5087 grrece
2501 5017 2811 5087 dictumest
2836 5031 2884 5080 ἕν
2910 5030 3077 5097 ἀωρίᾳ,
3106 5044 3209 5082 non
3235 5046 3340 5085 uno
3370 5032 3554 5103 verbo,

1977 5106 2069 5160 sed
2097 5106 2338 5176 duobus,
2370 5111 2419 5166 id
2447 5120 2558 5178 est,
2590 5118 2961 5187 praepositione
2982 5129 3038 5175 et
3065 5123 3308 5189 nomine;
3339 5125 3442 5180 hoc
3469 5128 3555 5183 in-

1977 5207 2236 5268 terpretes
2277 5203 2447 5270 nostri
2494 5206 2708 5276 quidam
2754 5209 3027 5274 dixerunt.
3055 5213 3347 5284 intempesta
3377 5231 3552 5286 nocte,

1977 5291 2577 5364 plures,immaturitate,
2594 5314 2696 5353 non
2709 5299 2913 5356 duobus
2928 5304 3122 5370 verbis,
3139 5305 3232 5360 sed
3258 5292 3383 5374 uno,
3403 5310 3551 5376 cujus

1976 5384 2217 5440 vocabuli
2243 5389 2602 5453 nominativus
2629 5402 2712 5446 est
2735 5393 3114 5461 immaturitas;
3146 5399 3384 5454 nonnulli
3427 5417 3557 5458 vero

1977 5474 2030 5528 in
2057 5475 2262 5531 duobus
2284 5480 2461 5534 verbis
2483 5521 2498 5545 ,
2533 5481 2669 5535 sicut
2709 5499 2911 5552 grazcus
2960 5488 3170 5557 posuit,
3219 5491 3271 5544 in
3319 5490 3558 5547 immatu-

1976 5566 2160 5632 ritate;
2213 5571 2365 5640 ἀωρία
2414 5570 2606 5641 quippe
2657 5572 3008 5631 immaturitas
3053 5588 3170 5645 est,
3205 5586 3252 5635 ἕν
3288 5588 3477 5654 uineta,
3505 5587 3558 5638 in

1981 5656 2344 5714 immaturitate
2370 5677 2388 5714 :
2419 5670 2664 5731 tanquam
2707 5665 2750 5719 si
2796 5667 2954 5722 vellet
2981 5670 3140 5726 etiam
3167 5670 3256 5729 ille
3282 5675 3369 5746 qui
3403 5675 3554 5743 dixit,

2048 5797 2060 5826 ι
2089 5793 2158 5842 sic
2181 5793 2346 5856 plures
2369 5801 2472 5844 Mss.
2513 5802 2563 5844 At
2588 5795 2720 5859 sunt,
2746 5808 3034 5865 importuna.
