4074 6468
1406 210 1458 261 ἐκ

520 344 657 405 1587

519 462 811 530 intempesta
846 468 1020 524 nocte,
1055 454 1426 529 praepositione
1475 451 1656 507 dicere
1701 452 1988 521 geminata,
2038 449 2091 502 in

520 552 813 618 intempesta
841 566 858 613 ;
888 560 944 604 ut
975 565 1073 603 una
1105 545 1413 618 praepositio
1438 544 1697 614 significet
1724 546 1775 598 in
1805 560 1907 613 qua
1937 549 2088 604 hora,

520 643 686 698 altera
736 643 995 713 pertineat
1046 640 1110 694 ad
1160 639 1599 709 compositionem
1650 636 1900 690 nominis.
1951 635 2091 690 Nihil

519 748 648 788 sane
679 733 896 787 interest
921 731 987 785 ad
1017 732 1330 789 sententiam
1355 772 1372 798 ,
1404 740 1581 785 utrum
1606 730 1725 800 quis
1752 728 1891 783 dicat
1919 730 2091 799 egisse

517 839 577 878 se
604 823 798 892 aliquid
822 822 946 887 galli
975 830 1132 876 cantu
1153 864 1167 889 ,
1201 837 1265 875 an
1290 863 1304 889 ,
1353 822 1406 876 in
1446 821 1568 891 galli
1602 829 1761 875 cantu
1794 837 1807 874 :
1840 819 1909 873 ita
1954 818 2090 874 nihil

518 914 833 978 interesset,
866 922 1039 967 utrum
1074 913 1370 981 intempesta
1390 951 1405 977 ,
1462 926 1529 965 an
1560 925 1689 965 vero
1716 910 1769 970 in
1794 909 2092 980 intempesta

516 1013 661 1057 nocte
679 1045 694 1070 ,
725 1003 776 1057 id
807 1012 887 1059 est
908 1045 921 1068 ,
952 1003 1002 1057 in
1030 1014 1171 1058 nocte
1191 1005 1483 1073 intempesta
1507 1003 1764 1058 clamasse
1789 1017 1848 1057 se
1867 1002 2087 1064 diceret.

512 1087 735 1150 'Grarcus
768 1104 939 1149 tamen
971 1096 1022 1149 in
1045 1103 1185 1150 nocte
1211 1096 1502 1164 intempesta
1544 1094 1710 1159 dixit,
1765 1080 1904 1163 quod
1941 1093 2089 1149 idem

516 1186 655 1241 valet
678 1188 721 1241 si
752 1187 977 1254 dicatur,
1006 1190 1057 1250 in
1086 1188 1441 1252 immaturitate
1464 1230 1477 1252 ,
1528 1187 1579 1242 id
1619 1196 1703 1243 est
1725 1228 1738 1251 ,
1769 1188 1820 1243 in
1853 1197 2090 1257 tempore

517 1290 777 1337 nocturno
798 1283 1099 1339 immaturo.
1126 1284 1391 1342 llactenus
1410 1284 1477 1338 de
1502 1284 1731 1339 obscuro
1751 1282 1913 1337 verbo
1936 1280 2091 1337 fuerit

515 1372 836 1442 disputatum
862 1392 875 1439 ;
907 1390 1046 1430 nunc
1078 1375 1344 1433 videamus
1366 1376 1482 1445 quis
1514 1376 1626 1444 ipse
1651 1375 1719 1430 sit
1739 1388 1947 1429 sensus.

585 1464 639 1517 4.
673 1463 902 1519 Ρνίευεηὶ
921 1507 936 1531 ,
970 1467 1157 1536 inquit,
1182 1467 1233 1520 in
1260 1476 1404 1521 nocte
1427 1468 1739 1537 intempesta,
1772 1475 1815 1519 et
1844 1464 2089 1528 clamavi;

517 1555 572 1608 in
598 1554 753 1610 verbis
783 1556 881 1610 tuis
905 1558 1116 1627 sperari.
1147 1557 1203 1613 Si
1242 1559 1341 1613 hoc
1384 1558 1450 1612 ad
1502 1571 1928 1627 unumquemque
1956 1555 2089 1611 lide-

524 1648 655 1711 lium
683 1648 975 1704 referamus
994 1691 1008 1716 ,
1036 1660 1089 1706 et
1109 1651 1173 1704 ad
1205 1652 1579 1721 proprietatem
1612 1652 1688 1706 rei
1715 1660 1917 1721 gestze;
1947 1664 2091 1720 szepo

516 1739 774 1809 contingit
800 1749 855 1794 ut
886 1742 975 1795 tali
1020 1741 1191 1809 noctis
1219 1750 1455 1811 tempore
1484 1742 1663 1812 vigilet
1698 1758 1849 1796 amor
1876 1742 2005 1809 Dei,
2036 1750 2091 1797 et

518 1845 709 1899 magno
740 1840 961 1901 urgente
994 1833 1008 1862 ¹
1039 1833 1293 1887 orationis
1339 1833 1527 1889 affectu
1553 1874 1569 1901 ,
1616 1848 1722 1888 non
1753 1842 2092 1903 exspectetur

517 1923 611 1977 sed
640 1926 991 1992 praeveniatur
1045 1926 1183 1995 quod
1228 1936 1349 1995 post
1395 1926 1518 1996 galli
1565 1932 1776 1980 cantum
1813 1925 2091 1985 consuevit

516 2028 637 2070 esse
670 2025 873 2085 tempus
901 2016 1104 2071 orandi.
1137 2016 1193 2072 Si
1221 2026 1397 2071 autem
1427 2017 1749 2085 accipiamus
1788 2015 1889 2069 hoc
1921 2023 2087 2069 totum

516 2106 769 2161 sacculum
801 2116 1046 2172 noctem;
1077 2108 1258 2176 utique
1283 2108 1594 2176 intempeSIa
1626 2115 1778 2161 nocte
1799 2106 2090 2161 clamamus

515 2196 580 2248 ad
616 2197 812 2261 Deum,
851 2206 903 2251 et
947 2199 1302 2266 prazvenimns
1352 2198 1706 2253 maturitatem
1753 2198 2005 2274 temporis
2036 2198 2089 2251 in

516 2303 619 2357 quo
653 2288 805 2341 nobis
836 2288 1141 2343 redditurus
1166 2289 1416 2359 estquod
1460 2289 1739 2358 promisit,
1790 2289 1926 2351 sicut
1962 2289 2088 2344 alibi

515 2378 707 2447 legitur
762 2397 773 2432 :
832 2378 1210 2434 Praeveniamus
1264 2384 1445 2452 facient
1494 2381 1603 2452 ejus
1661 2381 1715 2434 in
1779 2381 2092 2452 confessione

520 2467 707 2537 (I’sal.
760 2486 901 2537 xcw,
953 2471 1057 2541 2).
1087 2471 1396 2541 Quanquam
1442 2472 1487 2525 si
1530 2470 1753 2527 velimus
1795 2471 2089 2540 intelligere

517 2560 855 2617 immaturum
888 2570 1097 2631 tempus
1124 2564 1295 2616 noctis
1324 2562 1477 2632 hujus
1497 2603 1511 2628 ,
1543 2572 1823 2629 antequam
1854 2563 2089 2619 venisset

514 2652 788 2720 plenitudo
821 2656 1074 2725 temporis
1095 2696 1110 2725 ,
1142 2655 1192 2709 id
1221 2664 1336 2719 est,
1370 2656 1481 2725 ipsa
1523 2655 1797 2709 maturitas
1821 2697 1835 2721 ,
1878 2655 2090 2725 quando

514 2744 759 2799 Christus
788 2745 1217 2802 manifestaretur
1245 2752 1297 2803 in
1327 2762 1489 2803 carne
1518 2747 1714 2818 (Galat.
1744 2763 1814 2814 ιν,
1841 2748 1898 2818 4)
1928 2766 1942 2812 ;
1992 2763 2090 2803 nec

519 2845 644 2889 tunc
673 2837 909 2893 Ecclesia
939 2840 1136 2906 tacuit,
1166 2840 1259 2894 sed
1299 2841 1635 2909 praeveniens
1670 2847 1820 2894 Istam
1872 2841 2090 2896 maturi-

520 2937 719 2994 tatem,
752 2931 1116 3000 prophetando
1142 2920 1416 2995 clamavit.
1442 2932 1572 2988 etin
1618 2933 1794 2988 verbis
1841 2934 1928 2989 Dei
1965 2948 2089 3002 spe-

516 3022 652 3077 ravit
703 3024 932 3091 potentis
987 3023 1160 3079 facere
1211 3025 1352 3095 quod
1397 3025 1677 3095 promisit,
1704 3033 1763 3080 ut
1804 3027 1854 3079 in
1886 3027 2089 3082 semine

515 3114 743 3169 Abrahae
774 3116 1217 3199 benedicerentur
1242 3134 1430 3187 omnes
1457 3129 1643 3190 gentes
1671 3121 1691 3192 (
1716 3120 1841 3175 Gen.
1890 3137 1985 3191 xu,
2015 3123 2087 3187 5;

516 3214 565 3260 et
593 3222 722 3273 χχιι,
755 3207 881 3277 l8).

494 3348 497 3351 .
584 3296 637 3350 5.
672 3296 820 3368 [υενδ.
855 3298 1001 3372 148.]
1036 3298 1230 3369 Ipsaet
1277 3301 1420 3372 quod
1467 3303 1708 3373 sequitur
1740 3304 1903 3372 dicit,
1951 3304 2089 3361 Prat-

514 3400 750 3443 renerunt
775 3391 909 3445 oculi
937 3392 1032 3446 :nei
1057 3392 1123 3446 ad
1152 3395 1482 3462 matutinum,
1514 3403 1569 3448 ut
1598 3396 1866 3451 meditarer
1893 3396 2089 3465 eloquia

513 3489 623 3533 tua.
654 3480 921 3539 Ponamus
950 3482 1094 3537 enim
1124 3484 1457 3549 matutinum,
1482 3485 1695 3555 quando
1720 3487 1808 3556 qui
1832 3485 2089 3542 sedebant

512 3569 568 3633 in
618 3572 802 3625 umbra
856 3573 1083 3640 mortis,
1138 3573 1228 3629 lux
1273 3582 1387 3630 orta
1436 3583 1517 3630 est
1544 3576 1623 3631 eis
1656 3576 1829 3649 (lsai.
1886 3577 2083 3648 mi);

514 3680 689 3719 nonne
710 3664 762 3719 in
789 3666 987 3729 sanctis
1011 3666 1101 3737 qui
1127 3667 1272 3736 prius
1297 3676 1449 3723 erant
1470 3668 1521 3722 in
1550 3676 1687 3724 terra
1714 3710 1729 3734 ,
1762 3669 1827 3724 ad
1860 3669 1962 3729 hoc
1985 3685 2090 3725 ma-

514 3759 738 3812 tutinum
769 3760 908 3814 oculi
958 3760 1210 3815 Ecclesia:
1260 3769 1669 3832 peruenerunt,
1702 3763 1826 3831 quia
1873 3762 1975 3818 hoc
2004 3763 2086 3818 fu-

513 3862 686 3905 turum
716 3860 872 3907 antea
925 3852 1315 3921 prteviderunt,
1360 3862 1420 3908 ut
1464 3853 1848 3910 meditarentur
1876 3855 2085 3925 eloquia

513 3942 606 3996 Dei
632 3984 647 4008 ,
679 3959 795 4012 quae
827 3952 949 3999 tunc
975 3953 1130 4000 erant
1152 3986 1167 4011 ,
1201 3953 1256 4000 et
1286 3946 1337 3999 in
1364 3945 1507 4016 Lege
1550 3960 1612 4001 ac
1653 3946 1931 4016 Prophetis
1971 3946 2086 4003 hmo

512 4036 681 4090 futura
713 4036 1059 4098 nuntiabant?

581 4131 633 4185 6.
689 4130 854 4203 ['vers.
912 4130 1065 4202 Ι49.]
1116 4130 1296 4185 Vocem
1350 4147 1547 4198 meam,
1601 4131 1802 4201 inquit,
1861 4132 2082 4196 exaudi,

514 4222 729 4277 Domine
752 4263 769 4288 ,
797 4223 1069 4277 secundum
1097 4222 1498 4277 misericordiam
1528 4232 1703 4277 tuam:
1735 4232 1786 4277 et
1810 4222 2086 4278 secundum

511 4316 755 4378 iudicium
773 4325 914 4370 tuum
939 4316 1133 4384 vivi/ica
1159 4332 1255 4369 me.
1285 4316 1437 4370 Prius
1460 4315 1602 4370 enim
1630 4316 1770 4370 Deus
1795 4315 2084 4372 secundum

510 4408 926 4466 misericordiam
956 4410 1127 4463 aufert
1153 4422 1179 4461 a
1208 4407 1574 4477 peccatoribus
1615 4422 1857 4476 poenam,
1907 4408 2091 4477 eisque

512 4508 695 4567 postea
747 4499 904 4567 jnstis
943 4498 1231 4554 secundum
1265 4499 1523 4569 judicium
1562 4499 1710 4555 dabit
1733 4500 1892 4553 vitam
1919 4514 1935 4563 ;
1965 4499 2087 4569 quia

511 4605 617 4645 non
650 4589 842 4647 frustra
868 4589 939 4645 illi
986 4590 1087 4646 hoc
1115 4590 1302 4647 ordine
1349 4591 1563 4657 dicitur,
1612 4590 2015 4645 Misericordiam
2042 4600 2089 4645 et

512 4686 756 4750 indicium
780 4685 987 4739 cantabo
1010 4686 1125 4750 tibi,
1154 4684 1368 4740 Domine
1396 4685 1416 4757 (
1445 4685 1589 4740 Psal.
1618 4700 1668 4749 ο,
1702 4685 1727 4739 l
1760 4685 1779 4754 )
1810 4701 1824 4739 :
1848 4685 2091 4754 quamvis

513 4788 567 4831 et
596 4780 766 4846 ipsum
799 4787 1006 4847 tempus
1044 4777 1421 4832 misericordim
1447 4793 1551 4830 non
1584 4785 1667 4832 est
1707 4776 1823 4831 sine
1863 4775 2086 4845 judicio,

512 4871 579 4925 de
609 4886 713 4941 quo
741 4871 868 4926 dicit
925 4871 1228 4941 Apostolus,
1276 4870 1337 4925 Si
1366 4871 1495 4925 enim
1527 4886 1621 4932 nos
1660 4869 1797 4938 ipsos
1825 4869 2089 4939 judicare-

508 4980 660 5030 mus,
713 4980 744 5017 a
793 4962 1013 5018 Domino
1066 4980 1166 5018 non
1209 4964 1559 5033 judicaremur
1588 4980 1606 5017 :
1648 4979 1761 5015 cum
1793 4962 2093 5032 judioamur
2146 5004 2149 5007 λ

508 5064 677 5108 autem
700 5097 713 5120 ,
739 5069 770 5107 a
798 5052 1016 5107 Domino
1044 5054 1364 5121 corripiatur,
1421 5069 1483 5106 ne
1524 5069 1636 5107 cum
1666 5052 1853 5106 mundo
1878 5052 2091 5110 damne-

512 5162 628 5199 mur
656 5144 675 5218 (
703 5145 723 5200 l
753 5142 869 5200 Cor.
900 5161 974 5211 χι,
1004 5146 1093 5211 51,
1124 5143 1194 5199 52
1223 5142 1264 5211 );
1295 5152 1349 5198 et
1378 5143 1493 5213 ejus
1518 5142 1855 5212 coaposlolus
1875 5185 1890 5209 ,
1941 5142 2089 5196 Tem-

510 5253 607 5308 pus
635 5247 705 5293 est
730 5278 745 5302 ,
776 5237 946 5307 inquit
970 5279 983 5303 ,
1010 5245 1063 5290 ut
1080 5237 1335 5307 judicium
1365 5236 1570 5306 incipiat
1596 5252 1627 5289 a
1655 5235 1805 5289 domo
1836 5234 2041 5289 Domini
2070 5250 2087 5288 :

513 5338 560 5382 et
587 5332 632 5382 si
657 5328 856 5382 initium
884 5343 915 5381 a
944 5327 1085 5382 nobis
1114 5328 1134 5358 ¹
1161 5344 1173 5389 ;
1200 5326 1364 5397 qualis
1392 5327 1509 5395 finis
1533 5326 1626 5379 erit
1650 5326 1720 5379 eis
1745 5325 1831 5394 qui
1855 5341 1954 5378 non
1976 5341 2088 5378 cre-

512 5420 637 5474 dunt
667 5418 871 5473 Domini
898 5418 1172 5491 Evangelia
1203 5419 1222 5488 (
1254 5418 1268 5471 Ι
1301 5417 1441 5473 Petr.
1474 5434 1546 5482 tv,
1578 5420 1646 5473 l7
1675 5419 1716 5487 ).
1752 5418 1821 5473 Et
1844 5418 2085 5472 ultimum

516 5520 727 5579 tempus
751 5510 935 5580 judioii
980 5526 1086 5565 non
1130 5512 1232 5564 erit
1260 5509 1375 5564 sine
1405 5509 1768 5564 misericordia
1792 5552 1806 5573 ,
1832 5510 1951 5577 quia
2000 5525 2089 5563 co-

515 5611 662 5656 rcnat
691 5611 757 5667 te,
807 5602 885 5657 ait
911 5602 1147 5673 psalmus
1166 5643 1180 5668 ,
1226 5602 1277 5656 in
1326 5601 1644 5656 miseratione
1674 5609 1721 5655 et
1750 5600 2090 5654 misericordia

576 5737 591 5766 ¹
622 5734 807 5798 Aliquot
828 5743 953 5795 Mss.,
991 5741 1228 5798 surgente.

575 5800 597 5830 ⁸
620 5796 847 5862 Plerique
870 5805 997 5858 Mss.,
1022 5796 1164 5847 vobis.

1656 378 1667 386 .
1759 334 1814 389 S.
1848 329 2208 389 AUGUSTINI
2239 331 2540 393 EPISCOPI

3626 343 3762 406 1588

2198 444 2218 517 (
2244 446 2387 504 Psal.
2420 464 2523 517 cn,
2555 448 2654 523 4).
2682 451 2944 508 Iudicium
2993 462 3170 511 autem
3202 457 3318 512 sine
3364 460 3731 519 misericordia
3767 504 3774 511 .

2194 539 2290 593 sed
2320 541 2521 596 sinitris
2562 542 2652 611 qui
2679 557 2782 598 non
2828 542 3066 601 fecerunt
3089 547 3514 607 misericordiam
3547 553 3773 624 (Jacobi

2193 647 2264 697 ιι,
2299 633 2429 703 13).
3140 642 3148 649 ·

2264 724 2317 777 7.
2365 723 2515 795 [rers.
2547 725 2692 798 150.]
2720 727 3270 800 Appropinquaverunt
3291 775 3306 799 ,
3358 734 3568 805 inquit,
3599 754 3768 808 perse-

2190 824 2393 883 quentes
2436 832 2514 869 me
2563 818 2860 889 iniquitate;
2908 821 3030 887 vel,
3081 824 3218 878 sicut
3261 828 3502 901 nonnulli
3558 830 3771 887 codices

2193 905 2409 972 habent,
2428 908 2617 979 inique,
2637 910 2785 965 Tunc
2808 913 3332 988 appropinquantqui
3352 931 3764 990 persequuntur,

2192 1000 2403 1069 quando
2425 1017 2590 1072 usque
2604 1004 2670 1059 ad
2697 1018 2909 1063 carnem
2933 1006 3270 1062 cruciandam
3299 1010 3770 1084 perimendamque

2194 1091 2529 1159 perveniunt.
2589 1091 2739 1148 Unde
2785 1094 3023 1163 psalmus
3064 1097 3352 1152 vicesimus
3396 1100 3631 1169 primus,
3678 1102 3769 1158 ubi

2194 1182 2369 1252 passio
2392 1183 2601 1241 Domini
2631 1184 2942 1255 prophetata
2971 1195 3085 1254 est,
3117 1186 3201 1243 Ne
3243 1190 3473 1244 discedas
3494 1232 3511 1257 ,
3560 1193 3765 1261 inquit,

2191 1290 2224 1330 a
2262 1291 2339 1329 me
2361 1315 2375 1339 ,
2407 1276 2643 1344 quoniam
2665 1276 2920 1332 tribulatio
2941 1280 3175 1349 proxima
3194 1290 3266 1336 est
3296 1280 3482 1354 (Psal.
3510 1300 3626 1351 xxi,
3650 1285 3762 1357 l3);

2191 1379 2310 1420 cum
2350 1381 2411 1421 ea
2449 1365 2693 1423 dicantur
2715 1383 2834 1439 qua:
2860 1384 2964 1425 non
2990 1370 3300 1428 imminente
3320 1415 3335 1440 ,
3381 1373 3474 1429 sed
3494 1374 3601 1443 jam
3626 1391 3770 1444 prte-

2192 1464 2344 1511 sente
2389 1456 2502 1526 ipsa
2544 1459 2791 1527 passione
2841 1475 3126 1531 perpessus
3166 1471 3267 1518 est.
3319 1462 3425 1519 Sed
3466 1465 3767 1533 proximam

2189 1546 2323 1603 dixit
2352 1547 2780 1617 tribulationem,
2822 1566 2941 1621 qua:
2996 1552 3158 1607 fiebat
3201 1553 3256 1609 in
3297 1568 3486 1619 carne;
3517 1555 3649 1610 nihil
3684 1565 3771 1611 est

2189 1638 2384 1709 quippe
2434 1640 2626 1695 animae
2670 1641 2888 1711 propius
2933 1657 3093 1698 carne
3122 1658 3279 1714 quam
3308 1653 3501 1715 gestat.
3542 1645 3771 1717 Propin-

2189 1742 2485 1803 quaverunt
2508 1747 2636 1803 ergo
2677 1745 3091 1805 persequentes,
3123 1736 3407 1806 afﬂigendo
3433 1753 3619 1793 eorum
3646 1754 3769 1793 car-

2190 1840 2334 1892 nem,
2348 1840 2483 1895 quos
2500 1826 2971 1897 persequebantur.
2993 1827 3096 1883 Sed
3111 1827 3328 1887 attende
3348 1828 3488 1901 quod
3504 1831 3769 1901 sequitur:

2182 1915 2235 1968 -A
2263 1916 2369 1986 lege
2393 1925 2564 1971 autem
2590 1925 2679 1970 tua
2704 1918 2852 1989 longe
2878 1918 2998 1988 facti
3025 1928 3162 1972 sunt.
3208 1919 3417 1988 Quanto
3449 1922 3616 1991 magis
3640 1936 3773 1992 pro-

2190 2006 2578 2076 pinquaverunt
2601 2009 2985 2079 persequendis
3011 2009 3196 2079 justis,
3227 2020 3373 2066 tanto
3415 2014 3584 2083 magis
3608 2013 3773 2084 longe

2190 2097 2314 2153 facti
2348 2108 2472 2154 sunt
2495 2115 2524 2154 a
2550 2100 2770 2170 justitia.
2803 2100 2909 2157 Sed
2934 2102 3061 2172 quid
3088 2112 3384 2159 nocuerunt
3427 2104 3532 2171 eis,
3574 2105 3774 2175 quibus

2191 2190 2567 2260 persequendo
2613 2185 3144 2263 propinqbaveruut;
3195 2194 3409 2264 quando
3439 2195 3662 2250 interior
3687 2204 3777 2253 est

2188 2281 2567 2352 prepinquatio
2595 2282 2804 2337 Domini
2834 2297 3024 2337 eorum
3049 2324 3062 2349 ,
3094 2298 3122 2337 a
3153 2300 3259 2354 quo
3288 2284 3591 2340 nullatenus
3614 2285 3777 2341 dese-

2192 2382 2383 2426 runtur
2406 2373 2429 2427 Ἰ

2262 2464 2314 2519 8.
2372 2462 2519 2535 [vers
2569 2464 2716 2538 151.]
2766 2464 3002 2536 Denique
3052 2465 3293 2536 sequitur
3333 2483 3347 2519 :
3397 2464 3773 2536 PrOpeestu,

2190 2556 2410 2611 Domine
2431 2600 2447 2626 ,
2483 2569 2530 2614 et
2560 2575 2730 2613 omnes
2758 2560 2852 2615 viae
2876 2568 2976 2616 tute
3002 2561 3203 2615 veritas.
3253 2561 3424 2615 Etiam
3468 2561 3520 2615 in
3548 2561 3779 2615 tribula-

2193 2650 2422 2707 tionibus
2450 2651 2589 2717 suis,
2618 2651 2758 2721 quod
2785 2667 2875 2707 eas
2906 2668 3011 2715 non
3060 2653 3326 2715 immerito
3353 2654 3645 2722 patiuntur,
3677 2654 3778 2707 tri-

2188 2740 2353 2796 bucre
2382 2742 2492 2797 Deo
2513 2742 2804 2808 veritatem,
2832 2752 3132 2802 sanctorum
3158 2750 3243 2802 est
3266 2742 3455 2801 usitata
3475 2742 3773 2798 confessio.

2191 2833 2267 2891 lta
2319 2834 2497 2904 regina
2550 2834 2742 2891 Esther
2790 2834 2810 2907 (
2840 2834 3046 2889 Esther.
3076 2851 3183 2899 λιν,
3216 2835 3269 2897 6,
3304 2836 3333 2888 7
3365 2835 3406 2907 ),
3437 2836 3507 2889 ita
3550 2845 3779 2893 sanctus

2192 2925 2375 2984 Daniel
2409 2927 2427 2996 (
2458 2924 2594 2979 Dan.
2648 2942 2698 2981 ιι
2725 2968 2741 2993 ,
2792 2926 2848 2994 4,
2883 2926 2951 2981 15
2980 2927 3021 2999 ),
3054 2927 3123 2981 ita
3152 2936 3261 2982 tres
3299 2927 3396 2981 viri
3446 2927 3504 2987 in
3557 2927 3778 2982 camino

2190 3017 2329 3087 (Id.
2376 3034 2451 3085 ut,
2498 3017 2753 3089 24-51),
2808 3018 2879 3072 ita
2926 3033 3115 3073 eorum
3154 3018 3447 3074 sanctitatis
3495 3017 3587 3073 alii
3636 3017 3778 3072 socii

2190 3114 2530 3167 confitentur.
2578 3111 2756 3179 Quaeri
2798 3119 2976 3165 autem
3019 3120 3194 3180 potest
3232 3097 3501 3181 quomodo
3551 3109 3640 3165 hic
3688 3108 3780 3164 di-

2190 3219 2333 3264 etum
2361 3208 2465 3274 sit,
2497 3206 2799 3287 anespia:
2827 3215 2928 3262 tua:
2954 3207 3171 3269 uetitas;
3196 3220 3317 3260 eum
3348 3204 3402 3259 in
3428 3204 3533 3259 alio
3560 3203 3778 3274 psalmo

2190 3303 2416 3374 legatur,
2450 3301 2704 3356 Universa:
2742 3303 2835 3355 vite
2876 3300 3080 3357 Domini
3126 3299 3471 3354 misericordia
3514 3308 3562 3353 et
3588 3298 3780 3352 ueritas

2194 3393 2214 3465 (
2243 3394 2383 3449 Psal.
2415 3409 2559 3460 xxiv,
2593 3393 2660 3448 10
2689 3391 2729 3463 ).
2760 3390 2865 3447 Sed
2905 3406 3027 3461 erga
3057 3399 3270 3445 sanctos
3297 3397 3352 3443 et
3378 3389 3640 3443 universae
3667 3386 3779 3441 vias

2190 3485 2399 3541 Domini
2425 3483 2807 3550 misericordia,
2826 3492 2878 3538 et
2906 3483 3165 3537 universa:
3184 3482 3284 3535 viae
3307 3479 3515 3535 Domini
3534 3477 3730 3533 veritas
3755 3494 3773 3532 :

2189 3578 2311 3649 quia
2344 3586 2399 3633 et
2444 3578 2495 3632 in
2538 3575 2826 3646 iudicando
2852 3574 3139 3643 subvenit,
3167 3580 3326 3642 atque
3355 3569 3428 3625 ita
3477 3585 3584 3624 non
3614 3568 3780 3641 deest.

2190 3666 2583 3730 misericordia;
2615 3673 2671 3720 et
2716 3665 2768 3719 in
2798 3663 3103 3719 miserando
3128 3662 3180 3717 id
3204 3661 3419 3717 exhibet
3450 3658 3592 3730 quod
3639 3673 3775 3728 pro-

2191 3760 2354 3825 misit,
2380 3773 2446 3814 ne
2462 3759 2658 3813 veritas
2675 3757 2830 3812 desit.
2852 3757 2987 3825 Erga
3004 3769 3189 3809 omnes
3205 3762 3381 3807 autem
3398 3760 3453 3806 et
3475 3765 3610 3821 quos
3627 3750 3772 3804 libo-

2190 3859 2291 3922 rat,
2311 3858 2509 3919 ctquos
2528 3848 2760 3911 damnat,
2776 3861 2961 3902 omnes
2978 3845 3076 3899 viae
3100 3843 3303 3898 Domini
3321 3840 3680 3919 miseriegrdia
3710 3850 3775 3896 et

2190 3943 2424 4006 veritas;
2472 3940 2593 4011 quia
2633 3939 2722 3994 ubi
2763 3953 2869 3992 non
2914 3938 3218 3999 miseretur,
3260 3933 3511 3988 vindicta:
3568 3932 3775 3987 veritas

2189 4033 2679 4091 exhibetur.Multos
2695 4031 2887 4102 quippe
2907 4030 3197 4084 immeritos
3214 4026 3423 4093 liberat,
3442 4025 3770 4080 immeritum

2191 4136 2368 4182 autem
2407 4125 2673 4180 neminem
2696 4123 2931 4177 damnat.

2262 4218 2315 4273 9.
2351 4216 2499 4289 [uers.
2549 4214 2695 4287 152].
2739 4215 2815 4268 Ab
2846 4213 2986 4267 initio
3033 4209 3273 4282 cognovi,
3303 4209 3509 4280 inquit,
3542 4209 3605 4262 de
3631 4206 3777 4261 testi-

2188 4312 2372 4366 maniis
2395 4310 2523 4376 tuis,
2553 4308 2670 4378 quia
2695 4307 2747 4360 in
2774 4315 3014 4364 aeternum
3031 4303 3257 4375 fundasti
3279 4317 3358 4357 ea.
3383 4298 3534 4367 Quod
3563 4312 3775 4369 graecus

2191 4404 2301 4471 ait,
2328 4408 2593 4473 καταρχὰς,
2639 4399 2796 4469 aliqui
2849 4397 3015 4452 nostri
3065 4396 3127 4449 ab
3179 4394 3358 4458 initio,
3399 4393 3561 4462 aliqui
3601 4391 3772 4456 initio,

2194 4497 2354 4568 aliqui
2404 4498 2457 4549 in
2508 4495 2664 4548 initiis
2712 4491 3041 4561 interpretati
3064 4498 3208 4545 sunt.
3235 4488 3338 4544 Sed
3364 4487 3453 4557 qui
3500 4485 3778 4557 pluraliter

2195 4587 2298 4642 hoc
2339 4587 2519 4642 dicere
2570 4584 2906 4643 maluerunt.
2950 4594 3179 4652 graecam
3232 4578 3552 4633 locutionem
3602 4575 3777 4630 secuti

2192 4687 2336 4735 sunt.
2365 4679 2566 4733 Latina:
2594 4684 2769 4730 autem
2798 4675 2988 4743 linguae
3010 4672 3136 4728 illud
3164 4672 3338 4741 potius
3365 4671 3617 4727 usitatum
3643 4678 3728 4723 est
3754 4709 3772 4734 ,

2195 4782 2253 4827 ut
2279 4772 2340 4825 ab
2378 4771 2520 4825 initio
2549 4769 2631 4824 vel
2660 4768 2806 4822 initio
2849 4767 3076 4828 dicatur,
3127 4762 3267 4834 quod
3319 4767 3567 4832 καταρχὰς
3597 4774 3778 4829 graece

2190 4863 2347 4933 quasi
2376 4860 2668 4931 pluraliter,
2699 4857 2795 4915 sed
2823 4855 3199 4915 adverbialiter
3234 4853 3428 4909 dicitur
3454 4869 3469 4905 :
3491 4849 3650 4920 quale
3692 4857 3776 4903 est

2195 4954 2335 5024 apud
2359 4969 2484 5017 nos,
2534 4966 2654 5006 eum
2685 4950 2911 5005 dicimus
2933 4989 2948 5015 ,
2982 4948 3127 5003 Alias
3171 4945 3272 5001 hoc
3314 4942 3483 5008 facio;
3515 4941 3774 5011 pluralem

2196 5048 2478 5101 numerum
2506 5042 2744 5098 feminini
2792 5041 3005 5111 generis
3032 5039 3212 5094 dicere
3257 5035 3520 5100 videmur,
3550 5031 3645 5087 sed
3676 5030 3775 5084 ad-

2197 5137 2437 5192 verbium
2480 5142 2593 5200 est,
2649 5142 2703 5187 et
2754 5130 3015 5201 significat
3069 5130 3188 5184 Alio
3217 5137 3476 5197 tempore.
3508 5122 3648 5189 Quid
3697 5128 3780 5176 est

2194 5245 2323 5300 ergo
2344 5269 2358 5295 ,
2390 5228 2469 5281 Ad
2498 5227 2641 5281 initio
2666 5224 2872 5296 cognovi
2890 5263 2906 5287 ,
2938 5222 3021 5276 vel
3043 5221 3218 5291 potius
3243 5260 3258 5284 ,
3290 5227 3347 5273 ut
3374 5226 3428 5272 et
3457 5229 3558 5270 nos
3583 5213 3782 5268 adver-

2196 5322 2403 5383 bialiter
2433 5319 2482 5373 id
2512 5317 2749 5372 dicamus
2771 5354 2788 5381 ,
2819 5313 2973 5367 Initio
2992 5310 3201 5383 cognovi
3224 5309 3293 5366 de.
3314 5305 3610 5369 testimoniis
3639 5303 3739 5358 tuis
3760 5342 3777 5367 ,

2186 5415 2314 5479 auia
2340 5415 2391 5466 in
2416 5421 2657 5467 aeternum
2684 5406 2911 5479 fundasti
2960 5405 3061 5458 ea?
3088 5400 3415 5469 Testitnonia
3456 5394 3675 5453 Domini
3725 5394 3778 5448 iu

2197 5516 2454 5561 aeternum
2482 5502 2552 5560 ab
2580 5502 2670 5556 illo
2695 5500 2823 5554 dicit
2868 5512 2987 5553 esse
3012 5495 3229 5551 fundata
3252 5535 3268 5560 ,
3298 5501 3354 5549 et
3382 5491 3485 5552 hoc
3516 5503 3585 5543 se
3630 5485 3780 5541 iuitic

2196 5597 2510 5667 cognovisse
2537 5601 2778 5655 testator,
2805 5603 2906 5645 nec
2930 5586 3143 5642 aliunde
3182 5583 3498 5654 cognovisse
3527 5591 3685 5648 quam
3716 5574 3780 5667 do

2200 5690 2328 5758 ipsis
2350 5688 2530 5756 utique
2557 5682 2893 5739 testimoniis.
2913 5680 3043 5747 Quae
3068 5686 3194 5734 sunt
3214 5678 3314 5732 ista
3334 5671 3657 5737 testimonia,
3684 5666 3781 5758 nis‘

2198 5756 2388 5851 quibus
2438 5784 2658 5833 testatus
2704 5783 2787 5829 est
2834 5773 2970 5827 Deus
3017 5770 3261 5826 daturum
3315 5779 3374 5822 se
3398 5777 3619 5834 regnum
3675 5756 3780 5813 suis
