4074 6504
317 385 462 442 i589

324 506 449 559 ﬁliis
475 499 897 571 sempiternum?
943 498 1006 552 Et
1031 497 1150 567 quia
1180 495 1278 550 hoc
1325 496 1374 548 in
1407 495 1688 564 Unigemto
1722 498 1788 547 se
1806 491 1905 548 dae

321 604 503 652 turum
533 610 652 650 esse
679 601 898 648 teSIatus
921 601 1003 647 est
1028 632 1042 656 ,
1073 589 1138 643 de
1165 603 1267 659 quo
1294 589 1493 642 dictum
1524 595 1644 651 est,
1674 585 1741 640 Et
1766 585 1908 656 regni

322 705 434 760 ejus
463 705 565 741 non
594 687 686 740 erit
715 686 830 754 ﬁnis
861 684 879 753 (
903 683 1028 737 Luc.
1060 699 1098 747 ι,
1124 683 1192 737 55
1216 683 1232 751 )
1258 699 1272 747 ;
1309 683 1419 751 ipsa
1453 679 1750 744 testimonia
1773 677 1908 733 dixit

325 781 378 834 in
409 787 669 834 internum
698 791 818 831 esse
847 775 1060 830 fundata
1082 817 1095 836 ,
1126 775 1246 844 quia
1276 773 1325 827 id
1356 771 1516 843 quod
1537 787 1634 843 per
1675 785 1736 825 ea
1763 771 1904 826 Deus

325 870 607 940 promisit,
636 878 892 924 aeternum
923 876 1024 921 est.
1054 865 1183 921 Nam
1216 881 1308 936 per
1351 879 1410 921 se
1452 864 1564 935 ipsa
1605 863 1906 919 testimonia

324 973 452 1017 tunc
481 977 587 1016 non
614 959 1089 1015 eruntnecessaria
1111 1000 1125 1025 ,
1150 957 1360 1027 quando
1379 971 1466 1011 res
1490 956 1601 1026 ipsa
1621 953 1903 1020 videbitur,

324 1064 546 1124 propter
569 1069 729 1123 quam
755 1053 1072 1108 credendam
1105 1066 1247 1105 llllllc
1277 1050 1576 1104 testimonia
1628 1049 1908 1119 requirun-

326 1157 428 1199 tur.
479 1145 547 1200 Et
593 1145 713 1200 ideo
759 1143 895 1198 bene
937 1141 1244 1212 intelligitur
1272 1140 1506 1205 dictum,
1548 1140 1774 1209 fundasti
1825 1155 1907 1204 ea,

323 1238 446 1307 quia
503 1237 554 1291 in
605 1236 836 1292 Christo,
866 1250 988 1289 vera
1046 1242 1426 1288 [nonstrantnn
1482 1233 1905 1288 Fundamentum

325 1329 468 1384 enim
497 1328 637 1382 aliud
664 1343 820 1382 nemo
849 1335 1023 1397 potest
1054 1342 1284 1394 ponere,
1331 1334 1525 1393 prmter
1554 1325 1603 1380 id
1635 1325 1774 1396 quod
1808 1339 1904 1394 po-

323 1425 486 1475 situm
516 1430 629 1487 est,
679 1421 819 1490 quod
863 1430 946 1476 est
996 1419 1240 1474 Christus
1290 1417 1444 1473 Jesus
1475 1417 1518 1488 (1
1539 1416 1654 1472 Cor.
1681 1432 1757 1481 ιιι,
1791 1415 1902 1488 11).

325 1513 480 1570 Unde
512 1514 614 1568 hoc
637 1527 768 1584 ergo
789 1513 891 1567 iste
916 1512 1065 1565 initio
1091 1510 1370 1576 cognovit,
1399 1510 1500 1563 nisi
1525 1509 1641 1574 quia
1670 1507 1906 1562 Ecclesia

325 1605 579 1675 loquitur,
613 1619 730 1674 quae
762 1604 918 1658 terris
947 1618 1050 1656 non
1082 1601 1248 1656 defuit
1276 1601 1343 1656 ab
1372 1600 1518 1655 initio
1546 1599 1759 1670 generis
1803 1597 1907 1652 hu-

325 1697 506 1759 mani,
535 1695 700 1763 cujus.
725 1693 974 1765 primitize
1020 1693 1148 1748 Abel
1199 1701 1414 1746 sanctus
1458 1699 1574 1756 est,
1609 1689 1912 1744 immolatus

327 1794 382 1841 et
412 1786 526 1856 ipse
555 1785 716 1857 (Gen.
750 1801 826 1850 tv,
857 1784 932 1855 8)
965 1783 1015 1846 in
1049 1783 1406 1841 testimonium
1445 1782 1601 1838 futuri
1635 1780 1906 1849 sanguinis

327 1879 634 1934 Mediatoris
660 1878 728 1932 al)
754 1877 916 1947 impio
943 1877 1104 1931 fratre
1131 1875 1379 1930 l'untlendi
1404 1874 1427 1926 ?
1449 1874 1577 1928 Nam
1607 1883 1659 1926 et
1691 1873 1813 1926 illud
1843 1871 1909 1925 ab

327 1971 479 2027 initio
494 1969 696 2025 dictum
717 1978 831 2035 est,
864 1967 1026 2022 Erunt
1050 1969 1150 2020 duo
1175 1968 1227 2020 in
1257 1983 1407 2020 carne
1431 1982 1534 2018 una
1560 1963 1671 2034 (Id.
1705 1981 1762 2029 ιι,
1790 1963 1908 2030 2i):

326 2061 470 2132 quod
514 2076 761 2129 maguum
810 2068 1202 2114 sacramentum
1251 2057 1526 2124 apostolus
1570 2055 1764 2110 Paulus
1814 2069 1912 2108 ex-

330 2167 536 2221 ponens
557 2193 571 2219 ,
603 2151 715 2222 Ego
738 2192 752 2213 ,
782 2150 985 2220 inquit,
1027 2149 1140 2204 dico
1171 2149 1223 2203 in
1263 2146 1471 2205 Christo.
1490 2157 1535 2202 et
1582 2148 1634 2201 in
1685 2145 1912 2201 Ecclesia

331 2244 350 2314 (
379 2244 570 2316 Epltes.
603 2259 654 2309 v,
684 2242 753 2298 δὲ
781 2243 822 2312 ).

960 2349 1132 2390 δειιιιο
1170 2350 1296 2388 XXX.

406 2428 458 2482 l.
503 2427 651 2498 [vero
686 2423 830 2498 155.]
869 2425 1036 2480 Nemo
1067 2426 1119 2479 in
1149 2424 1349 2479 Christi
1398 2438 1627 2494 corpore
1655 2421 1913 2484 constitu-

334 2527 419 2572 tus
448 2533 477 2570 a
506 2533 564 2572 se
591 2517 818 2572 alienam
861 2516 1147 2580 arbitretur
1189 2531 1310 2571 esse
1357 2515 1493 2570 hanc
1524 2530 1706 2570 vocem
1737 2516 1754 2582 (
1780 2529 1916 2585 quo-

335 2609 476 2664 niam
503 2624 560 2664 re
588 2623 714 2664 vera
743 2616 910 2663 totum
938 2607 1135 2663 Chriin
1167 2624 1361 2678 corpus
1407 2609 1459 2662 in
1493 2607 1592 2669 hac
1621 2608 1916 2662 humilitate

335 2701 566 2769 positum
597 2700 759 2770 dicit)
785 2742 798 2766 ,
829 2701 970 2755 unde
1009 2701 1194 2770 psalmi
1226 2700 1381 2770 hujus
1411 2701 1597 2769 incipit
1627 2700 1782 2754 lcetio
1803 2741 1818 2766 ,
1851 2699 1918 2754 de

333 2808 439 2864 qua
485 2807 630 2850 nunc
673 2793 944 2863 disputare
988 2793 1319 2862 suscepimus
1358 2810 1370 2844 :
1420 2790 1544 2846 Vide
1587 2792 1919 2844 humilitatem

335 2901 497 2937 meam
515 2927 530 2951 ,
560 2893 605 2938 et
631 2886 768 2955 eripe
793 2900 910 2948 me;
951 2886 1066 2954 quia
1095 2885 1251 2955 legem
1280 2893 1417 2937 tuan:
1447 2901 1547 2937 non
1574 2901 1684 2937 sum
1715 2882 1914 2938 oblitus.

333 2975 450 3032 lloc
492 2977 610 3030 loco
654 2977 852 3031 nullam
894 2977 985 3031 Dei
1019 2978 1186 3045 legem
1219 2976 1626 3030 convenientius
1673 2975 1918 3044 intelligi-

336 3083 477 3134 mus,
509 3069 616 3126 nisi.
637 3084 739 3140 qua
771 3068 1116 3124 immobiliter
1144 3068 1308 3123 ﬁxum
1339 3077 1421 3123 est
1450 3077 1508 3122 ut
1536 3068 1710 3122 omnis
1738 3069 1825 3138 qui
1860 3083 1919 3122 se

337 3164 536 3218 cxaltat
559 3204 572 3226 ,
603 3162 943 3227 humilietur,
975 3170 1029 3216 et
1055 3164 1229 3214 omnis
1259 3160 1348 3229 qui
1380 3175 1438 3214 se
1469 3159 1710 3214 humiliat
1731 3200 1745 3225 ,
1777 3158 1923 3214 exal-

339 3263 482 3309 tctur
512 3253 662 3327 (Luc.
691 3270 799 3317 xiv,
828 3254 884 3308 ll
918 3270 932 3318 ;
967 3263 1011 3307 et
1036 3268 1184 3318 xvnt,
1216 3251 1326 3323 l4).
1358 3251 1634 3319 Superbus
1657 3265 1784 3320 ergo
1811 3265 1922 3304 ma-

339 3345 408 3400 lis
429 3388 443 3410 ,
475 3356 536 3400 ut
577 3345 905 3410 humilietur,
930 3345 1241 3415 Iinnectitur
1269 3361 1284 3411 ;
1334 3343 1549 3398 humilis
1578 3358 1606 3396 a
1637 3343 1789 3398 malis
1811 3383 1826 3408 ,
1868 3350 1946 3398 ut

339 3435 606 3490 exaltetur
622 3477 637 3502 ,
667 3435 910 3504 eripitur.

411 3527 469 3581 2.
516 3527 677 3600 [νει-«ς.
709 3526 882 3600 154.]·
903 3527 1124 3592 Judica',
1155 3526 1356 3597 inquit,
1379 3525 1633 3596 judicium
1661 3541 1846 3590 meum,
1880 3532 1933 3578 et.

339 3621 533 3674 redime
560 3636 656 3675 me.
687 3619 946 3687 Superior
975 3618 1365 3688 quodammodo
1406 3615 1666 3672 sententia
1699 3614 1945 3684 repetita,

343 3719 447 3767 est.
479 3711 630 3779 Quod
653 3711 798 3765 enim
829 3710 920 3774 ait,
956 3707 1086 3764 Vide
1110 3709 1439 3762 humilitatem
1465 3723 1667 3773 meam;
1696 3707 1799 3761 hoc
1821 3713 1924 3771 est,

345 3802 536 3856 Judica
552 3801 807 3872 judicium
839 3817 1001 3854 meum
1030 3816 1048 3852 :
1077 3808 1128 3854 et
1157 3799 1296 3871 quod
1324 3800 1417 3864 ait,
1451 3808 1496 3850 et
1522 3799 1657 3867 eripe
1681 3812 1796 3861 me;
1827 3795 1952 3850 hoc»

348 3901 453 3957 est,
483 3901 531 3946 et
557 3892 746 3955 redime
773 3908 871 3946 me.
918 3890 1069 3956 Quod
1096 3905 1224 3944 vero
1249 3905 1405 3959 supra
1436 3888 1637 3942 dictum
1665 3896 1779 3952 est,
1810 3885 1929 3955 quia

352 3986 514 4055 legem
545 3993 681 4037 tuam
709 3999 809 4037 non
833 3998 943 4036 sum
968 3981 1187 4044 oblitus;
1219 3981 1339 4034 huic
1363 3977 1606 4048 congruit
1629 3975 1769 4047 quod
1793 3975 1930 4030 infra

348 4083 431 4128 est
453 4114 466 4134 ,
500 4081 705 4144 prapter
747 4072 1000 4142 eloquium
1048 4080 1186 4125 tuum
1212 4070 1408 4138 viui/ica
1437 4085 1547 4124 me.
1584 4067 1756 4136 ipsum
1787 4065 1930 4126 enim

349 4164 620 4233 eloquium
651 4171 735 4217 est
777 4163 860 4217 lex
895 4162 1024 4228 Dei,
1056 4176 1213 4231 quam
1244 4174 1348 4214 non
1393 4168 1476 4213 est
1515 4157 1710 4212 oblitus
1732 4197 1747 4222 ,
1779 4165 1839 4210 ut
1873 4170 1932 4211 se

351 4254 676 4310 exaltandus
719 4254 1039 4308 humiliaret.
1073 4253 1151 4307 Ad
1197 4253 1524 4322 ipsam'vero
1557 4251 1930 4305 exaltationem

352 4346 588 4415 pertinet
616 4345 754 4414 quod
783 4345 876 4410 ait,
914 4344 1128 4414 Viuiﬁca
1155 4360 1273 4410 me;
1302 4343 1424 4414 quia
1451 4351 1766 4402 sanctorum.
1786 4343 1936 4397 exal-

355 4438 488 4491 tatio
517 4438 624 4490 vita
653 4444 850 4490 :cterna
888 4445 1016 4502 est.

424 4527 483 4581 5.
527 4525 692 4598 [νει-ε.
735 4524 884 4598 155.]
925 4525 1096 4597 Longe
1132 4536 1236 4590 est,
1278 4524 1486 4594 inquit,
1525 4541 1558 4578 a
1595 4524 1938 4594 peccatoribus

355 4617 542 4683 salus;
580 4617 702 4686 quia
717 4617 1106 4688 justiﬁcationes
1149 4626 1262 4671 tuas
1290 4632 1389 4670 non
1417 4616 1776 4686 eaquisierunt.
1809 4614 1939 4681 Quis

355 4707 500 4761 enim
530 4715 584 4761 te
611 4706 867 4761 discernit
892 4746 906 4770 ,
938 4721 978 4763 ο,
1003 4715 1056 4760 ιιι
1083 4707 1174 4776 qui
1203 4706 1422 4770 dixisti,
1451 4704 1622 4776 Longe
1663 4714 1735 4759 est
1761 4722 1792 4759 a
1822 4721 1941 4776 pec-

354 4800 615 4854 catoribus
641 4800 826 4854 salus?
866 4800 986 4869 quis
1016 4808 1068 4857 te
1094 4799 1354 4854 discernit
1391 4813 1422 4853 a
1452 4799 1819 4868 peccatoribus
1837 4841 1852 4866 ,
1883 4806 1944 4854 ut

353 4905 465 4948 .aon
497 4905 528 4944 a
561 4900 612 4945 te
644 4891 832 4960 longe,
859 4890 954 4945 sed
985 4901 1156 4944 tecum
1187 4889 1254 4945 sit
1282 4889 1467 4944 salus?
1507 4889 1620 4947 Hoc
1660 4898 1712 4944 te
1750 4904 1942 4958 nempe

367 4981 646 5048 discernit,
675 4983 796 5050 quia
831 4983 879 5036 id
909 4981 1050 5051 quod
1079 4980 1167 5035 isti
1199 4996 1304 5034 non
1332 4990 1574 5050 egerunt,
1606 4981 1719 5050 ipse
1749 4979 1940 5044 fecisti,

365 5071 470 5128 hoc
498 5079 618 5137 est,
653 5073 744 5128 Dei
785 5071 1534 5142 justiticationes-exquisisti.
1586 5070 1723 5136 Quid
1766 5079 1942 5124 autem

365 5164 536 5220 habes
577 5165 716 5236 quod
763 5179 866 5219 non
897 5164 1146 5234 accepisti
1179 5163 1240 5233 (ι
1268 5163 1387 5218 Cor.
1417 5178 1470 5217 tv
1489 5203 1503 5228 ,
1531 5161 1648 5233 7)?
1675 5160 1863 5217 Nonne
1889 5169 1950 5218 tu

361 5269 424 5310 es
449 5256 540 5326 qui
573 5257 732 5326 paulo
757 5264 880 5310 ante
905 5255 1144 5320 dicebas,
1167 5253 1392 5308 Clantaei
1416 5254 1468 5306 in
1495 5262 1597 5307 toto
1626 5251 1776 5306 corde
1801 5268 1948 5317 meo;

363 5348 550 5401 exaudi
595 5363 707 5414 me,
752 5347 966 5402 Domine
993 5364 1012 5401 :
1035 5348 1425 5417 justi/icationes
1473 5357 1603 5407 tuas.
1638 5346 1896 5415 exquiram
1923 5346 1949 5399 ?

368 5439 514 5510 Ergo
556 5438 626 5492 ab
670 5439 762 5494 illo
791 5439 854 5493 ad
903 5451 1060 5508 quem
1105 5439 1364 5500 clamasti,
1412 5445 1471 5492 ut
1508 5450 1600 5492 eas
1641 5437 1948 5506 exquireres

366 5531 642 5601 accepisti.
695 5531 814 5602 Ipse
861 5540 911 5586 te
953 5532 1114 5600 igitur
1157 5530 1412 5585 discernit
1454 5529 1523 5584 ab
1565 5531 1644 5586 eis
1685 5545 1715 5584 a
1758 5528 1950 5599 quibus

373 5630 654 5692 propterea
680 5623 835 5694 longe
855 5630 938 5679 est
961 5623 1131 5689 salus,
1155 5622 1275 5692 quia
1296 5622 1700 5692 justilicationes
1726 5621 1818 5676 Dei
1843 5637 1949 5676 non

347 5735 353 5741 ’
370 5716 756 5785 exquisierunt.

445 5809 500 5865 ι.
541 5807 706 5865 luere.
743 5811 861 5866 l56.
883 5809 902 5882 ’1
948 5809 1086 5866 Vidit
1111 5809 1210 5866 hoc
1241 5809 1398 5866 etiam
1429 5811 1562 5881 ipse.
1592 5809 1775 5880 Neque
1805 5809 1946 5866 cnim

1390 374 1782 433 ENARRA'I‘IO
1818 370 1884 427 IN
1921 370 2239 432 PSALMUM
2279 378 2506 436 CXVIII.

3457 395 3596 450 £590

2015 509 2113 566 ego
2157 497 2204 550 id
2250 499 2504 566 viderem,
2554 501 2652 555 nisi
2697 501 2750 556 in
2783 502 2898 572 ipso
2925 502 3201 570 viderem,
3231 506 3333 562 nisi
3377 508 3428 564 in
3479 511 3594 580 ipso

1997 579 2208 645 essem.
2251 592 2504 661 Corporis
2531 595 2672 649 enim
2701 593 2894 650 Christi
2921 597 3081 651 verba
3130 597 3228 654 ista
3267 609 3408 666 sunt,
3442 601 3594 671 cujus

2018 684 2254 739 membra
2305 700 2508 741 sumus.
2555 676 2701 742 Vidit
2746 687 2880 754 hoc,
2931 689 3180 759 inquam,
3230 693 3594 763 continuoque

2015 775 2238 843 subjecit
2269 792 2282 828 τ
2311 776 2657 832 Μὶςεναιῐοηεδ
2688 781 2994 848 lucernulae,
3019 781 3254 838 Domine.
3289 783 3459 840 Etiam
3492 785 3595 840 hoc

2015 883 2142 938 ergo
2171 869 2311 937 quod
2358 871 2683 940 exquirimus
2723 872 3132 940 jnstilicationes
3173 885 3326 946 tuas,
3359 879 3590 949 pertinet

2017 959 2081 1013 ad
2111 959 2474 1015 miserationes
2505 971 2639 1018 tuas.
2670 963 2962 1019 Secundum
2990 965 3243 1037 judicium
3284 976 3423 1022 tuum
3461 971 3590 1023 uiri-

2014 1052 2113 1121 ﬁca
2152 1067 2248 1106 me.
2293 1052 2426 1107 Novi
2469 1053 2609 1108 enim
2641 1057 2758 1124 quia
2792 1064 2845 1109 et
2886 1055 3142 1127 judicium
3176 1067 3321 1114 tuum
3352 1059 3468 1116 sine
3500 1069 3584 1116 tua

2014 1143 2354 1197 miseratione
2380 1159 2483 1198 non
2511 1145 2613 1199 erit
2639 1160 2800 1217 super
2829 1163 2935 1202 me.

2085 1233 2138 1289 5.
2179 1231 2342 1306 [ucrs.
2376 1233 2523 1306 157;]
2566 1234 2720 1290 Multi
2747 1247 3088 1308 persequentes
3117 1256 3196 1294 me
3222 1249 3266 1294 et
3298 1239 3591 1297 tribulanles

2013 1339 2134 1392 tne;
2172 1343 2204 1379 a
2233 1328 2524 1381 testimoniis
2555 1329 2654 1382 tuis
2681 1346 2779 1383 non
2805 1329 3070 1386 declinavi.
3103 1332 3322 1389 Factum
3357 1344 3456 1401 est,
3496 1351 3592 1390 no-

2013 1419 2206 1485 vimus,
2248 1419 2552 1484 recolimus,
2600 1422 2956 1490 agnoscimus.
3011 1423 3302 1494 Purpurata
3343 1433 3425 1480 est
3469 1426 3591 1480 uni-

2013 1525 2166 1565 versa
2197 1519 2338 1565 terra
2367 1511 2622 1582 sanguine
2654 1522 2942 1583 martyrum
2969 1533 2982 1577 -,
3027 1514 3181 1569 ﬂoret
3209 1517 3403 1570 coelum
3435 1531 3592 1577 coro.

2014 1602 2098 1657 nis
2125 1611 2439 1674 martyrum,
2469 1614 2670 1658 ornatre
2700 1612 2826 1660 sunt
2866 1606 3119 1661 Ecclesiae
3149 1609 3416 1663 memoriis
3455 1624 3596 1662 mar-

2014 1700 2190 1764 tyrum
2215 1735 2229 1760 ,
2261 1694 2507 1764 insignita
2538 1703 2660 1749 sunt
2704 1704 2940 1765 tempora
2974 1698 3239 1752 natalibus
3277 1709 3591 1771 martyrum,

2016 1784 2363 1839 crebrescunt
2391 1786 2650 1841 sanitates
2692 1787 2895 1842 meritis
2935 1796 3244 1859 martyrum.
3276 1787 3428 1844 Unde
3472 1789 3590 1854 hoc,

2017 1873 2117 1929 nisi
2148 1875 2270 1944 quia
2301 1875 2624 1944 completum
2646 1885 2729 1932 est
2768 1877 2907 1947 quod
2951 1877 3264 1947 prmdictum
3294 1887 3373 1932 est
3400 1879 3465 1932 de
3495 1878 3596 1932 ho-

2017 1971 2162 2024 mine
2192 1968 2294 2023 isto
2341 1977 2451 2023 toto
2495 1964 2931 2024 terrarum'orhe
2971 1969 3181 2036 dill‘uso,
3227 1967 3380 2023 Multi
3425 1986 3596 2039 perse-

2019 2069 2220 2129 quentes
2260 2075 2340 2113 me
2382 2069 2428 2113 et
2474 2059 2767 2114 tribulantes
2805 2077 2920 2125 me;
2967 2076 2997 2114 ιι
3029 2059 3323 2115 testimoniis
3363 2061 3460 2114 tuis
3498 2075 3600 2114 non

2019 2151 2312 2208 declinavi?
2357 2150 2741 2220 Agnoscimus,
2789 2159 2842 2204 et
2884 2149 3081 2220 gratias
3126 2151 3328 2220 agimus
3375 2151 3600 2204 Domino

2019 2243 2128 2299 Deo
2157 2253 2364 2299 nostro.
2397 2243 2474 2297 Tn
2505 2258 2731 2312 namque
2759 2243 2948 2308 homo,
2983 2251 3036 2296 tu
3065 2243 3115 2296 in
3145 2242 3248 2296 alio
3277 2242 3477 2312 psalmo
3499 2285 3512 2308 ,
3543 2251 3599 2296 tu

2021 2337 2133 2407 ipse
2157 2335 2335 2390 dixisti
2366 2352 2379 2388 :
2405 2333 2523 2389 Nisi
2550 2327 2668 2406 quia
2696 2333 2940 2388 Dominus
2965 2345 3068 2389 erat
3095 2335 3145 2386 in
3173 2334 3313 2387 nobis
3331 2377 3344 2398 ,
3377 2338 3594 2403 fortasse

2019 2429 2156 2482 vivos
2183 2426 2550 2482 absorbuissent
2579 2443 2670 2480 nos
2699 2425 2865 2497 (Psal.
2887 2441 3070 2492 cum,
3087 2425 3143 2491 2,
3164 2426 3238 2496 5).
3273 2425 3410 2480 Ecce
3435 2441 3602 2495 quare

2022 2518 2089 2573 ab
2131 2518 2246 2586 ejus
2295 2518 2612 2572 testimoniis
2659 2533 2764 2572 non
2811 2517 3109 2585 declinasti,
3159 2526 3216 2574 et
3256 2517 3322 2573 ad
3372 2519 3602 2588 palmam

2023 2625 2270 2680 superna:
2315 2611 2609 2664 vocationis
2654 2610 2797 2665 inter
2843 2625 3033 2665 manus
3083 2611 3368 2665 multorum
3417 2626 3605 2682 perse-

2023 2703 2299 2773 quentium
2333 2701 2804 2772 tribulantiumque
2833 2701 3044 2759 venisti.
3588 2712 3590 2714 '

2095 2794 2148 2850 6.
2192 2793 2356 2867 [uers.
2392 2793 2539 2867 l58.]
2579 2793 2714 2862 Vidi,
2744 2795 2945 2865 inquit,
2975 2796 3274 2858 insensatos,
3310 2787 3603 2853 let-tabesce-

2025 2885 2136 2940 bam
2165 2901 2181 2938 :
2211 2885 2315 2951 vel,
2343 2885 2482 2939 sicut
2507 2885 2595 2938 alii
2622 2885 2834 2940 codices
2863 2885 3060 2940 habent
3084 2927 3096 2947 ,
3135 2884 3252 2938 Vidi
3275 2901 3373 2938 non
3401 2901 3606 2938 seruam

2025 2986 2097 3030 (es
2124 2985 2323 3046 pactum
2347 2993 2388 3042 ;⁷
2413 2984 2467 3029 ει
2495 2975 2596 3030 hoc
2622 2976 2800 3046 plures
2833 2974 3047 3032 habent.
3095 2974 3200 3030 Sed
3231 2975 3319 3044 qui
3362 2984 3483 3029 sunt
3513 2976 3604 3045 qui

2025 3079 2238 3140 pactum
2285 3084 2388 3122 non
2429 3076 2812 3132 servaverunt,
2852 3068 2952 3123 nisi
3000 3067 3088 3138 qui
3134 3067 3536 3124 declinaverunt
3575 3081 3606 3122 a

2027 3160 2348 3216 testimoniis
2391 3161 2518 3224 Dei,
2549 3159 2919 3214 tribulationes
2949 3159 3237 3213 multorum
3285 3172 3610 3227 persequen-

2028 3254 2156 3307 tium
2200 3269 2303 3307 non
2344 3251 2617 3312 ferentes?
2655 3250 2768 3316 Hoc
2807 3259 2890 3306 est
2929 3260 3106 3315 autem
3149 3259 3361 3322 pactum
3387 3291 3402 3315 ,
3434 3247 3607 3316 utqui

2027 3345 2238 3410 vicerit,
2273 3352 2581 3400 coronetur.
2628 3343 2739 3398 lloc
2767 3350 2978 3414 pactum
3009 3357 3115 3396 non
3144 3347 3495 3396 servaverunt
3519 3339 3608 3409 qui

2029 3437 2452 3508 persecutionem
2483 3451 2587 3489 non
2621 3435 2909 3489 tolerantes
2934 3477 2948 3501 ,
2982 3448 3011 3487 a
3041 3432 3358 3488 testimoniis
3388 3431 3482 3486 Dei
3515 3445 3608 3484 ne-

2029 3531 2205 3603 gando
2230 3528 2651 3584 declinaverunt.
2684 3527 2793 3582 llos
2821 3541 2948 3596 ergo
2978 3528 3078 3581 istc
3104 3524 3262 3588 vidit,
3292 3533 3346 3579 ct
3373 3522 3612 3577 tabesce-

2029 3623 2155 3687 bat,
2185 3622 2308 3692 quia
2355 3619 2624 3691 diligebat.
2671 3617 2831 3678 chus
2876 3615 2967 3671 ille
3011 3624 3096 3671 est
3123 3614 3264 3669 enim
3308 3613 3514 3678 bonus,
3543 3610 3613 3666 de
3707 3647 3709 3649 ι

2032 3728 2216 3768 amore
2244 3712 2485 3777 veniens,
2521 3725 2623 3764 non
2652 3708 2841 3763 livore.
2889 3707 2944 3761 In
2973 3721 3077 3776 quo
3111 3705 3254 3760 enim
3294 3719 3402 3758 non
3432 3716 3614 3758 serva-

2031 3813 2223 3864 verunt
2264 3810 2474 3872 pactum
2495 3843 2510 3868 ,
2544 3809 2759 3855 secutus
2784 3797 3029 3868 adjunxit
3061 3812 3079 3851 :
3110 3795 3242 3860 Quia
3289 3793 3486 3863 eloquia
3527 3802 3614 3846 tua

2033 3914 2134 3952 non
2163 3895 2521 3950 custodierunt.
2565 3893 2642 3947 Ea
2685 3892 2879 3962 quippe
2910 3891 2967 3946 in
2996 3887 3423 3945 tribulationibus
3451 3898 3614 3956 nega-

2032 3997 2248 4044 verunt.

2108 4081 2159 4135 7.
2202 4079 2368 4152 [uers.
2404 4075 2555 4151 l59.]
2595 4076 2662 4130 Et
2686 4073 3027 4130 commendat
3052 4087 3110 4128 se
3140 4073 3242 4126 iste
3269 4069 3520 4125 differens
3548 4066 3615 4123 ab

2037 4171 2146 4238 eis,
2179 4186 2241 4226 ac
2271 4169 2398 4225 dicit
2417 4167 2591 4236 ,Vide
2613 4166 2852 4236 quoniam
2892 4164 3135 4218 mandata
3163 4172 3248 4217 tua
3279 4160 3454 4216 dilexi.
3498 4158 3615 4214 Non

2030 4265 2150 4330 ait,
2181 4263 2406 4334 Eloquia
2449 4263 2532 4316 vel
2582 4257 2880 4315 testimonia
2931 4267 3015 4312 tua
3063 4271 3168 4310 non
3216 4253 3437 4324 negavi,
3475 4251 3618 4323 quod

2043 4366 2307 4425 martyres
2338 4354 2518 4410 facere
2544 4351 2869 4421 cogebantur
2886 4390 2902 4414 ,
2922 4357 2984 4414 et
3012 4363 3117 4402 non
3149 4345 3403 4400 facientes
3426 4343 3620 4398 intole-

2041 4447 2227 4502 rabilia
2271 4445 2650 4516 patiebantur:
2682 4441 2927 4496 sed-hoc
2972 4439 3111 4492 dixit
3156 4437 3244 4492 ubi
3295 4437 3494 4491 fructus
3537 4442 3624 4489 est

2044 4541 2279 4605 omnium
2313 4540 2617 4607 passionum
2645 4549 2660 4599 ;
2699 4532 2820 4602 quia
2847 4531 2890 4585 si
2922 4528 3191 4584 tradidero
3217 4542 3412 4597 corpus
3441 4539 3620 4580 meum

2045 4639 2103 4685 ut
2126 4629 2362 4693 ardeam,
2387 4625 2700 4681 charitatem
2726 4631 2902 4677 autem
2928 4635 3032 4674 non
3059 4619 3306 4685 habeam,
3333 4616 3464 4672 nihil
3491 4615 3625 4670 mihi

2045 4720 2266 4793 prodest
2291 4721 2312 4790 (
2329 4719 2349 4773 l
2371 4717 2490 4774 Cor.
2513 4731 2624 4782 xm,
2652 4716 2685 4770 ’5
2706 4712 2749 4784 ).
2797 4713 2943 4767 Hanc
2985 4712 3086 4767 iste
3125 4707 3504 4765 commendans
3529 4706 3625 4772 ait,

2055 4813 2184 4868 Vide
2208 4811 2444 4882 quoniam
2471 4807 2712 4862 mandata
2749 4816 2835 4860 tua
2875 4804 3051 4858 dilexi.
3097 4801 3298 4858 Deinde
3341 4797 3629 4869 postulavit

2047 4903 2324 4978 prtemium
2359 4919 2371 4955 :
2407 4900 2654 4964 Domine,
2684 4899 2736 4951 in
2783 4906 2869 4951 tua
2907 4893 3249 4950 misericordia
3292 4889 3490 4959 uiuifica
3526 4902 3626 4942 me.

2051 4977 2142 5052 lsti
2172 4993 2516 5056 mortillcant,
2543 5000 2596 5044 tu
2624 4988 2851 5043 viviﬁca.
2884 4987 2989 5042 Sed
3018 4987 3060 5041 si
3091 4982 3366 5055 przcmium
3395 4977 3629 5050 poscitur

2051 5085 2103 5141 in
2137 5081 2522 5144 misericordia,
2554 5080 2694 5151 quod
2725 5077 2951 5135 reddere
2976 5076 3134 5132 debet
3158 5072 3397 5144 justitia;
3429 5077 3631 5138 quanto

2053 5175 2222 5247 magis
2251 5175 2490 5244 impensa
2523 5181 2606 5227 est
2635 5168 3002 5225 misericordia
3022 5206 3037 5233 ,
3084 5174 3146 5220 ut
3179 5163 3512 5219 obtineretnr
3543 5158 3631 5214 cui

2053 5267 2330 5340 prtemium
2357 5263 2664 5327 deberetur,
2698 5262 2809 5330 ipsa
2843 5254 3110 5314 victoria?

2125 5359 2176 5414 8.
2205 5357 2357 5431 [vers.
2382 5354 2532 5428 l60.]
2564 5352 2904 5422 Principiam,
2931 5348 3116 5418 inquit,
3142 5343 3404 5400 uerborum
3430 5353 3631 5397 tuorum

2055 5453 2236 5507 ueritas
2260 5492 2274 5516 ,
2320 5458 2364 5502 et
2392 5449 2445 5501 in
2489 5457 2727 5501 internum
2757 5443 2926 5496 omnia
2958 5440 3157 5512 judicia
3190 5437 3407 5508 justitiw
3433 5445 3550 5488 tute.
3585 5436 3632 5487 Α

2059 5544 2303 5606 veritate,
2329 5540 2516 5611 inquit,
2545 5547 2631 5591 tua
2652 5537 2816 5591 verba
2841 5532 3156 5605 procedunt,
3189 5538 3243 5586 et
3269 5529 3389 5584 ideo
3414 5527 3621 5583 veracia

2057 5647 2214 5701 sunt,
2241 5645 2293 5690 et
2336 5633 2602 5688 neminem
2641 5630 2830 5685 fallunt
2848 5671 2861 5695 ,
2890 5627 3077 5699 quibus
3102 5623 3489 5698 praenuntiatur
3516 5623 3626 5677 vita

2055 5730 2223 5801 justo,
2270 5739 2424 5797 poena
2472 5723 2654 5793 impio.
2702 5721 2827 5778 Haac
2874 5728 2995 5776 sunt
3038 5718 3235 5791 quippe
3279 5717 3331 5772 ia
3375 5723 3630 5771 aeternum

2063 5822 2256 5897 judicia
2286 5818 2501 5891 justiti-.2
2531 5813 2644 5874 Det.
