4074 6470
487 333 617 397 ίὲἷὶί

1098 461 1267 505 51511Μο
1308 460 1453 499 XXXI.

557 546 609 600 1.
652 541 804 617 [vers.
838 540 987 615 16L]
1014 540 1155 609 Quas
1185 539 1584 610 persecutiones
1611 548 1638 587 τι
1667 532 1882 604 regibus
1908 541 2066 586 terrae

487 650 681 706 corpus
721 632 939 699 Christi,
986 631 1088 687 hoc
1134 638 1219 685 est
1259 639 1440 682 sancta
1481 624 1721 682 Ecclesia
1766 620 2064 695 pertulerit,

484 728 750 793 novimus.
806 724 1170 794 Agnoscamus
1219 735 1348 790 ergo
1399 718 1486 775 hic
1533 717 1692 772 etiam
1739 715 1857 785 ejus
1905 714 2066 769 verba

486 818 735 884 dicentis,
762 814 1028 885 Principes
1054 814 1297 885 persecuti
1323 821 1439 867 sunt
1469 828 1547 865 me
1571 812 1750 883 gratis,
1781 818 1826 865 et
1854 825 1885 861 a
1910 807 2069 867 verbis

487 910 588 965 tuis
619 906 907 979 formidavit
934 922 1022 959 cor
1049 921 1232 963 meum.
1261 903 1398 971 Quid
1428 902 1569 957 enim
1595 899 1882 961 Christiani
1915 899 2069 953 ltes‘e-

485 1009 607 1056 rant
651 1013 815 1069 regna
858 1006 1104 1060 terrena,
1148 994 1390 1065 quamvis
1431 995 1512 1048 eis
1554 1007 1776 1062 regnum
1808 990 2068 1045 caelorum

484 1089 798 1162 promiserit
822 1103 915 1144 rex
940 1088 1165 1143 eorum?
1198 1086 1347 1157 quid,
1372 1086 1608 1155 inquam,
1633 1084 1882 1137 lmserant
1908 1096 2069 1151 regna

488 1183 744 1247 terrena?
792 1182 1060 1253 Numquid
1092 1196 1276 1246 eorum
1306 1196 1400 1235 rex
1431 1178 1629 1233 milites
1650 1192 1778 1232 suos
1801 1174 2071 1250 prohibuit

486 1276 798 1347 impendere
827 1284 882 1332 et
912 1274 1166 1331 exhibere
1194 1288 1312 1344 qua:
1338 1271 1604 1337 debentur
1636 1269 1848 1340 regibus
1874 1266 2069 1327 terrae?

486 1369 674 1425 Nonne
719 1368 786 1423 de
828 1369 928 1430 hoc
973 1366 1074 1423 sibi
1116 1365 1436 1423 calumniam
1485 1360 1827 1419 molientibus
1871 1357 2068 1421 iudicis

486 1464 609 1519 ait:
642 1462 856 1524 Reddite
894 1459 1082 1515 Casari
1124 1474 1236 1531 qua:
1262 1457 1477 1512 Ctesaris
1525 1463 1676 1520 sunt,
1718 1462 1765 1506 et
1809 1451 1916 1505 Deo
1958 1464 2071 1522 quat

488 1556 585 1611 Dei
623 1564 740 1610 sunt
767 1553 990 1625 (Matth.
1022 1568 1131 1607 xxu
1152 1592 1165 1614 ,
1192 1551 1256 1604 2|
1280 1550 1341 1620 )?
1384 1547 1570 1602 Nonne
1598 1545 1850 1601 tributum
1883 1544 1950 1598 de
1977 1556 2069 1596 ore

487 1648 651 1718 piscis.
678 1647 837 1711 etiam
876 1645 991 1715 ipse
1028 1642 1283 1713 persolvit
1310 1639 1418 1710 (Id.
1451 1655 1577 1705 xvu,
1603 1636 1844 1707 25-26)?
1884 1634 2070 1690 Nonne

487 1753 788 1809 pnecursor
829 1736 979 1806 ejus,
1026 1734 1283 1803 militibus
1328 1731 1476 1801 regni
1516 1729 1677 1799 hujus
1721 1726 1845 1799 quid
1893 1726 2070 1781 facere

487 1832 749 1887 deberent
792 1843 889 1899 pro
938 1836 1137 1890 aeterna
1180 1824 1351 1884 salute
1392 1820 1774 1894 quaerentibus,
1818 1832 1922 1872 non
1971 1816 2067 1882 ait,

486 1923 769 1994 Cingulum
814 1921 1037 1993 solvite,
1083 1934 1229 1979 arma
1279 1916 1558 1987 projicite,
1604 1928 1785 1984 regem
1829 1919 2067 1966 vestrum

488 2014 741 2079 deserite,
772 2022 830 2069 ut
859 2013 1071 2083 possitis
1096 2012 1324 2073 Domino
1351 2008 1581 2065 militare
1605 2022 1620 2071 ;
1652 2005 1746 2069 sed
1774 2006 1866 2069 ait,
1893 2002 2071 2058 Nemi-

489 2123 604 2171 nem
630 2104 1014 2170 concusseritis,
1055 2103 1185 2157 nulli
1225 2100 1531 2154 calumniam
1576 2098 1832 2170 feceritis;
1860 2095 2071 2165 sufﬁciat

486 2199 625 2258 vobis
649 2196 953 2268 stipendium
981 2206 1194 2250 vestrum
1224 2193 1371 2267 (Luc.
1402 2209 1489 2258 ιιι,
1519 2190 1662 2262 14)?
1704 2190 1891 2244 Nonne
1933 2203 2069 2243 unus

487 2291 713 2357 militum
738 2288 856 2358 ejus
880 2296 934 2344 et
960 2286 1341 2343 dilectissimus
1366 2298 1546 2340 comes
1570 2283 1686 2354 ejus
1707 2322 1722 2349 ,
1750 2279 2071 2337 commilito.

487 2383 646 2448 nibus
690 2381 824 2446 suis,
872 2390 927 2437 et
968 2379 1364 2451 quodammodo
1405 2378 1605 2434 Christi
1652 2376 2069 2448 provincialibus

487 2474 622 2537 dixit
656 2492 670 2528 :
704 2474 881 2538 Omnis
907 2474 1077 2533 anima
1104 2471 1431 2543 potestatibus
1471 2471 1845 2526 sublimioribus
1870 2470 2071 2523 subdita

488 2566 600 2626 sit?
638 2565 708 2620 Et
750 2565 905 2636 paulo
935 2572 1054 2635 post
1090 2564 1166 2623 ait
1196 2583 1208 2619 :
1242 2562 1458 2618 Reddite
1486 2562 1715 2617 omnibus
1744 2562 1953 2617 debita:
1988 2562 2072 2615 cui

489 2659 750 2724 tributum,
778 2658 1015 2712 tributum
1028 2676 1047 2725 ;
1074 2659 1155 2713 cui
1175 2657 1407 2730 vectigal,
1429 2658 1672 2727 vectigal;
1698 2656 1781 2711 cui
1816 2656 2067 2721 timorem,

488 2754 755 2820 timorem;
797 2753 880 2806 cui
920 2752 1190 2818 honorem,
1234 2751 1495 2805 honorent.
1539 2748 1747 2803 Nemini
1790 2748 2068 2820 quidquam

487 2844 727 2910 debeatis,
752 2844 851 2900 nisi
877 2854 931 2898 ut
949 2844 1160 2900 invicem
1185 2844 1408 2915 diligatis
1438 2842 1610 2914 (Rom.
1642 2858 1755 2908 χιιι,
1788 2842 1838 2907 1,
1864 2842 1893 2894 7
1916 2852 1961 2895 et
1985 2841 2064 2911 8).

488 2936 674 3001 Nonne
716 2936 970 3006 praecepit
1010 2945 1066 2990 ut
1114 2950 1208 3006 pro
1257 2936 1384 3006 ipsis
1427 2935 1586 2991 etiam
1632 2934 1846 3004 regibus
1890 2942 2068 2989 oraret

488 3028 729 3087 Ecclesia
763 3028 824 3099 (i
852 3027 981 3082 Tim.
1007 3043 1078 3093 ιι,
1109 3029 1129 3082 1
1158 3069 1172 3095 ,
1199 3025 1314 3097 2)?
1343 3025 1477 3093 Quid
1509 3041 1636 3096 ergo
1660 3040 1755 3084 eos
1778 3024 2068 3081 Christiani

487 3117 864 3175 offenderunt?
890 3117 1032 3187 quod
1062 3117 1298 3173 debitum
1329 3132 1433 3171 non
1463 3115 1847 3173 reddiderunt?
1879 3116 1931 3169 in
1961 3129 2066 3184 quo

484 3206 772 3262 Christiani
802 3222 911 3262 non
947 3215 1070 3261 sunt
1111 3208 1335 3262 terrenis
1364 3206 1576 3276 regibus
1601 3206 1885 3261 obsecuti?
1922 3205 2065 3276 Ergo

486 3298 682 3356 terreni
723 3313 877 3369 rcges
904 3297 1232 3353 Christianos
1269 3297 1435 3368 gratis
1470 3296 1733 3366 persecuti
1771 3304 1916 3351 sunt.
1957 3294 2063 3351 Sed

484 3389 626 3461 quod
665 3389 930 3461 subjecit,
962 3388 1217 3445 attende:
1251 3388 1319 3443 Et
1359 3404 1391 3442 a
1428 3388 1587 3444 verbis
1632 3388 1732 3442 tuis
1772 3386 2065 3457 formidavit

483 3500 573 3544 cor
600 3498 787 3536 meum.
834 3482 1145 3543 Habuerunt
1180 3481 1394 3552 quidem
1433 3491 1489 3538 et
1518 3479 1595 3536 illi
1624 3480 1783 3536 verba
1815 3480 2061 3548 minacia,

482 3574 731 3644 Expello,
760 3573 1034 3643 proscribo
1052 3615 1068 3639 ,
1096 3573 1282 3629 occido
1300 3613 1315 3637 ,
1346 3573 1553 3643 ungulis
1583 3580 1826 3642 torqueo,
1856 3571 2065 3642 ignibus

485 3673 665 3729 torreo
684 3704 699 3727 ,
744 3664 930 3729 bestiis
970 3663 1184 3734 subrigo
1206 3666 1222 3695 ί
1244 3704 1258 3729 ,
1285 3664 1523 3719 membra
1567 3663 1765 3718 dilanio
1794 3680 1807 3716 :
1838 3661 1935 3717 sed
1974 3670 2064 3717 tua

484 3771 571 3821 tne
613 3756 788 3826 potius
825 3756 985 3819 verba
1033 3764 1366 3821 terruerunt,
1410 3754 1585 3821 Nolite
1629 3756 1803 3809 timere
1851 3771 1935 3809 eos
1976 3754 2066 3825 qui

483 3864 667 3919 corpus
692 3847 947 3915 occidunt,
973 3855 1018 3901 et
1041 3856 1215 3917 postea
1242 3863 1341 3901 non
1368 3846 1548 3907 habent
1572 3847 1693 3917 quid
1716 3846 1906 3918 faciant
1928 3862 1948 3909 ,°
1974 3847 2064 3900 sed

483 3955 599 3994 eum
627 3940 791 3993 timete
829 3939 915 4007 qui
954 3939 1099 3993 habet
1129 3948 1421 4008 potestatem
1446 3946 1494 3992 et
1531 3953 1714 4007 corpus
1756 3946 1802 3991 et
1839 3937 2063 4003 animam

482 4032 693 4102 perdere
713 4032 767 4084 in
804 4031 1081 4102 gehennam
1107 4029 1317 4103 (Matth.
1344 4046 1395 4093 x,
1423 4028 1537 4098 28).
1564 4029 1638 4083 Ab
1670 4028 1753 4085 his
1779 4028 1938 4089 verbis
1964 4029 2062 4083 tuis

482 4121 772 4193 formidavit
810 4137 897 4174 cor
924 4135 1126 4183 nteant;
1154 4128 1209 4174 et
1233 4119 1529 4187 contempsi
1570 4117 1840 4174 hominem
1881 4132 2060 4187 perse-

481 4222 724 4271 cutorem
753 4228 952 4275 meum,
985 4220 1039 4265 et
1066 4212 1170 4269 vici
1199 4211 1467 4267 diabolum
1492 4208 1825 4275 seductorem
1857 4224 2057 4269 meum.

552 4302 607 4357 2.
650 4301 1012 4376 [vers.162.]
1054 4302 1291 4373 Denique
1336 4302 1575 4372 sequitur
1605 4319 1619 4355 :
1648 4300 1927 4356 Exsultabo
1969 4316 2060 4371 ego

479 4411 633 4465 super
658 4393 856 4465 eloquia
889 4403 998 4461 tua,
1039 4394 1167 4448 sicut
1190 4394 1275 4464 qui
1317 4393 1503 4455 invenit
1542 4391 1707 4462 spolia
1734 4391 1916 4456 multa.
1957 4390 2060 4447 Per

479 4502 542 4541 ea
573 4485 733 4551 verba
761 4487 914 4554 vicit,
941 4500 970 4539 a
994 4486 1185 4556 quibus
1214 4483 1540 4543 formidavit.
1573 4483 1734 4537 Victis
1763 4483 1903 4543 enim
1930 4496 2056 4551 spo-

478 4579 546 4632 lia
580 4577 968 4643 detrahuntur;
1013 4577 1151 4632 sicut
1179 4577 1348 4631 victus
1376 4586 1430 4631 et
1466 4576 1722 4646 spoliatus
1749 4583 1833 4629 est
1873 4574 1960 4628 ille
1990 4572 2058 4628 de

477 4687 582 4740 quo
610 4672 802 4726 dicitur
828 4671 885 4737 in
911 4670 1219 4740 Evangelia,
1253 4668 1416 4727 Nemo
1441 4669 1593 4729 intrat
1630 4669 1682 4729 in
1710 4659 1913 4743 domum
1953 4671 2059 4736 for-

477 4765 563 4827 tis,
595 4773 648 4816 ut
676 4778 794 4815 vasa
821 4762 932 4832 ejus
974 4761 1211 4833 diripiat,
1241 4760 1338 4825 nisi
1380 4760 1520 4831 prius
1556 4758 1837 4829 alligaverit
1879 4757 2059 4826 fortem

483 4851 592 4924 (Id.
624 4868 715 4917 xu,
745 4851 870 4927 29).
903 4850 1009 4908 Sed
1033 4852 1198 4922 spolia
1226 4850 1391 4911 multa
1422 4851 1635 4911 iuventa
1662 4857 1813 4913 sunt,
1844 4846 2056 4917 quando

478 4944 792 5014 patientiam
819 4944 994 5000 mirati
1017 4954 1331 5016 martyrum,
1353 4943 1518 5012 etiam
1535 4942 1623 5012 qui
1652 4942 1910 5010 persecuti
1934 4948 2060 5001 sunt

480 5036 860 5103 crediderunt;
891 5044 946 5093 et
970 5035 1062 5107 qui
1088 5050 1269 5105 regem
1298 5045 1537 5091 nostrum
1569 5033 1891 5095 detrimento
1922 5032 2059 5092 milis

480 5136 591 5183 tum
617 5128 734 5198 ejus
755 5135 882 5184 sunt
906 5127 1249 5183 damnificare
1274 5125 1461 5190 moliti,
1485 5126 1552 5180 ab
1580 5125 1669 5183 illo
1695 5133 1817 5180 sunt
1841 5125 2058 5193 insuper

480 5218 743 5289 acquisiti.
784 5218 1038 5290 Quisquis
1074 5232 1202 5288 ergo
1237 5232 1268 5272 a
1306 5217 1483 5272 verbis
1522 5216 1650 5281 Dei,
1683 5230 1750 5271 ne
1789 5215 1841 5270 in
1881 5223 2058 5269 certa-

480 5310 625 5364 mine
654 5309 897 5364 vincatur
934 5307 1218 5373 formidat,
1260 5322 1420 5379 super
1461 5306 1649 5362 eadem
1690 5305 1853 5361 verba
1891 5304 2060 5361 victor

478 5400 728 5454 exsultat.
2021 5449 2025 5453 .

552 5490 606 5544 ὅ.
640 5487 788 5560 [vers.
814 5488 962 5561 165.]
986 5489 1117 5543 Nam
1145 5504 1211 5543 ne
1238 5496 1544 5558 putaremus
1571 5503 1633 5542 ex
1660 5487 1748 5541 illa
1780 5486 2060 5542 formidine

478 5579 661 5634 odium
703 5579 984 5635 verborum
1029 5579 1119 5634 Dei
1162 5580 1398 5649 potuisse
1443 5578 1770 5648 subrepere'
1818 5577 2061 5648 quamvis

478 5671 586 5736 iam
614 5673 837 5738 dixerit,
881 5672 1120 5740 Exultavi
1156 5687 1309 5739 super
1347 5669 1544 5739 eloquia
1572 5679 1688 5740 tua,
1716 5669 1855 5744 quod
1882 5671 2063 5744 utique

543 5785 561 5817 ί
584 5785 658 5837 sic
676 5792 773 5837 Am.
801 5790 853 5839 et
870 5793 979 5852 Mss.
998 5793 1054 5849 Αι
1069 5792 1142 5845 Er.
1165 5792 1215 5841 et
1238 5793 1368 5848 1.07.,
1384 5784 1564 5849 subigo.

1725 323 1782 379 S.
1826 316 2185 377 AUCL'STlNl
2225 318 2523 381 EPISCOPI

3619 336 3757 395 159‘!

2177 448 2282 497 non
2313 436 2547 519 diceret],
2578 437 2623 492 si
2668 437 2865 496 odisset
2891 455 2989 507 ea;
3036 450 3211 502 tamen
3239 447 3411 504 adhuc
3438 450 3674 519 addidit,
3704 470 3760 512 et

2173 529 2300 584 dicit
2325 549 2339 585 :
2360 529 2673 601 Injustitiam
2694 533 2811 587 odio
2832 534 3004 603 habui,
3028 546 3073 591 et
3092 538 3409 597 abominatus
3431 561 3577 612 sum;
3600 547 3757 617 legem

2175 630 2345 676 autent
2382 631 2521 675 tuam
2561 623 2735 678 dilexi.
2764 625 2966 697 Nempe
2988 643 3018 682 a
3042 630 3222 687 ver-bis
3246 632 3363 703 ejus
3403 635 3491 690 illa
3530 638 3762 695 formido

2177 725 2284 766 non
2322 711 2446 768 fecit
2482 716 2791 770 eorumdem
2821 718 3102 775 verborum
3131 722 3346 793 odium,
3374 727 3468 781 sed
3498 729 3761 800 integram

2178 803 2348 858 tenuit
2372 804 2709 863 charitatem.
2731 809 2913 880 Neque
2936 813 3077 867 enim
3102 814 3185 871 lex
3210 816 3299 872 Dei
3323 834 3428 873 non
3450 830 3574 875 sunt
3596 823 3761 878 verba

2176 905 2230 957 et
2272 896 2478 968 eloquia
2524 900 2639 955 Dei.
2672 901 2826 957 Absit
2853 918 2982 974 ergo
3018 914 3078 959 ut
3121 909 3333 980 timore
3360 922 3545 979 pereat
3584 929 3738 969 amur

2176 986 2266 1047 ubi
2292 996 2470 1048 castus
2496 998 2579 1045 est
2606 990 2782 1047 timor.
2812 992 2900 1048 Sic
2930 1003 3109 1064 patres
3136 1011 3165 1051 a
3199 996 3320 1053 filiis
3351 1000 3453 1070 piis
3482 1012 3536 1056 et
3566 1003 3759 1058 timen-

2174 1085 2260 1133 tur
2295 1090 2351 1141 et
2391 1091 2674 1148 amantur;
2724 1084 2803 1139 sic
2842 1085 3030 1155 pudica
3062 1088 3257 1158 conjux
3289 1091 3458 1147 virum
3491 1103 3547 1149 et
3586 1096 3757 1159 timet,

2174 1185 2243 1226 ne
2267 1170 2336 1231 ab
2376 1171 2467 1235 illo
2496 1173 2804 1241 deseratur,
2831 1184 2885 1232 et
2913 1186 3078 1245 amat,
3112 1189 3170 1234 ut
3201 1179 3423 1237 fruatur.
3469 1185 3521 1240 Si
3550 1201 3679 1255 ergo
3703 1196 3789 1242 et,

2172 1273 2325 1331 pater
2351 1263 2509 1319 homo
2531 1306 2545 1331 ,
2572 1274 2627 1320 et
2651 1266 2846 1337 conjux
2887 1266 3069 1336 homo,
3097 1280 3150 1326 ct
3178 1271 3352 1327 timeri
3382 1282 3435 1329 et
3458 1276 3626 1330 amari
3656 1276 3757 1331 de-

2173 1354 2263 1413 bet
2281 1372 2295 1421 ;
2325 1356 2492 1416 multo
2520 1357 2687 1428 magis
2702 1358 2859 1415 Pater
2887 1370 3069 1415 noster
3084 1363 3171 1431 qui
3194 1364 3244 1417 in
3260 1364 3409 1418 ccelis
3427 1375 3510 1420 est
3535 1366 3757 1436 (Matth.

2174 1462 2246 1510 vi,
2274 1446 2348 1517 9),
2378 1455 2431 1502 et
2460 1447 2548 1503 ille
2573 1463 2820 1518 sponsus,
2846 1466 2952 1506 non
2975 1467 3134 1508 carne
3162 1469 3270 1523 prie
3298 1454 3419 1509 filiis
3452 1457 3749 1523 hominum,

2175 1537 2267 1593 sed
2298 1538 2494 1595 virtute
2521 1538 2787 1595 formosus
2813 1540 2997 1612 (Beat.
3026 1559 3144 1607 κων
3163 1584 3176 1608 ,
3210 1545 3298 1615 5).
3327 1546 3369 1599 Α
3399 1546 3589 1616 quibus
3615 1548 3758 1603 enim

2174 1628 2410 1701 diligitur
2439 1631 2525 1685 lex
2548 1632 2665 1701 Dei,
2690 1634 2792 1693 nisi
2817 1647 2849 1696 a
2869 1633 3062 1703 quibus
3086 1634 3321 1706 diligitur
3341 1637 3518 1691 Deus?
3545 1639 3610 1694 Et
3630 1638 3760 1708 quid

2175 1721 2339 1778 habet
2360 1722 2516 1779 bonis
2546 1724 2666 1778 filiis
2689 1724 2841 1781 triste
2866 1725 2949 1782 lex
2976 1727 3187 1796 patris?
3216 1729 3298 1792 An
3323 1729 3573 1799 quoniam
3599 1746 3758 1802 quem

2172 1813 2345 1885 diligit
2377 1816 2618 1888 corripit,
2647 1827 2702 1873 et
2726 1816 2957 1889 flagellat
2984 1834 3198 1877 onmem
3243 1820 3405 1879 filium
3432 1838 3591 1893 quem
3617 1824 3759 1879 reci-

2174 1908 2249 1976 pit
2274 1906 2458 1976 (llebr.
2486 1925 2578 1975 xu,
2607 1909 2721 1979 6)?
2772 1910 2841 1963 At
2865 1910 2957 1980 qui
3000 1910 3114 1967 haec
3139 1911 3336 1982 judicia
3363 1915 3601 1983 respuit,
3628 1931 3761 1985 pro.

2174 1998 2334 2053 missa
2378 2013 2482 2053 non
2528 2000 2736 2071 recipit.
2784 2001 3015 2057 Paterna
3065 2019 3194 2074 ergo
3233 2003 3431 2074 judicia
3477 2006 3762 2063 laudentur

2175 2096 2232 2142 et
2255 2089 2305 2142 in
2336 2087 2565 2160 ﬂagello,
2590 2091 2636 2145 si
2668 2093 2927 2161 promissa
2954 2093 3244 2165 diligantur
3265 2095 3317 2150 in
3346 2099 3587 2165 praemio.

2242 2180 2295 2245 4.
2326 2178 2476 2251 [vers.
2502 2181 2649 2254 164.]
2674 2181 2746 2237 ita
2776 2184 2932 2253 plane
2959 2185 3082 2241 facit
3107 2186 3229 2252 iste,
3260 2188 3347 2257 qui
3375 2187 3524 2253 dicit,
3555 2189 3763 2260 Septies

2172 2267 2226 2322 in
2250 2269 2333 2323 die
2352 2269 2556 2332 laudavi
2590 2282 2637 2327 te
2658 2314 2673 2339 ,
2703 2289 2857 2344 super
2870 2275 3069 2345 judicia
3083 2277 3303 2347 justitite
3328 2286 3448 2333 tute.
3483 2278 3681 2350 Septies
3705 2280 3760 2333 in

2174 2361 2254 2421 die
2279 2362 2420 2432 quod
2450 2364 2541 2429 ait,
2569 2364 2829 2435 signiﬁcat
2852 2364 3094 2437 Semper.
3120 2366 3268 2423 Solet
3288 2382 3407 2423 esse
3436 2369 3631 2439 quippe
3658 2369 3760 2424 ism

2173 2468 2429 2509 numerus
2474 2455 2835 2527 univcrsitatis
2882 2457 3134 2517 indicium
3167 2476 3181 2511 :
3216 2472 3432 2530 propter
3473 2459 3614 2530 quod
3662 2475 3759 2515 sex

2171 2544 2360 2613 diebus
2384 2546 2574 2611 divinae
2595 2549 2937 2618 operationis,
2964 2551 3220 2621 septimus
3244 2552 3483 2622 adjectus
3506 2562 3587 2608 est
3610 2554 3764 2623 quie-

2174 2638 2242 2693 tis
2283 2638 2434 2707 (Gen.
2465 2655 2501 2695 ιι
2527 2682 2540 2703 ,
2572 2639 2664 2711 2);
2696 2650 2750 2696 et
2786 2658 2884 2713 per
2908 2654 3112 2713 septem
3142 2643 3258 2700 dies
3280 2653 3558 2700 currentes
3586 2652 3642 2701 et
3665 2660 3759 2701 re-

2172 2739 2467 2797 currentes,
2501 2742 2738 2802 tempora
2766 2735 3014 2790 universa
3039 2736 3342 2792 volvuntur.
3372 2737 3481 2793 Nec
3513 2738 3585 2793 ob
3612 2737 3756 2794 aliud

2171 2821 2369 2880 dictum
2400 2832 2515 2891 est,
2544 2825 2743 2896 Septies
2767 2827 2910 2883 cadet
2940 2829 2956 2860 ί
2976 2828 3176 2899 justus,
3202 2838 3249 2883 et
3275 2839 3498 2901 resurget
3523 2845 3541 2884 :
3562 2830 3615 2885 id
3641 2839 3720 2887 est
3739 2872 3756 2897 ,

2171 2927 2277 2968 non
2303 2914 2439 2983 perit
2460 2914 2634 2985 justus
2656 2958 2671 2983 ,
2704 2916 2877 2972 modis
2901 2918 3147 2979 omnibus
3173 2919 3501 2987 humiliatus,
3529 2920 3624 2977 sed
3650 2936 3758 2977 non

2170 3006 2567 3076 prtevarieatus,
2595 3008 2831 3078 alioquin
2855 3025 2964 3066 non
2989 3011 3303 3081 eritjustus.
3332 3010 3461 3066 Nam
3490 3027 3587 3081 pro
3608 3014 3756 3068 omni

2168 3113 2367 3169 genere
2397 3099 2772 3167 tribulationis,
2796 3116 2900 3171 qua
2929 3101 2981 3161 in
3004 3112 3295 3173 conspectu
3320 3097 3593 3159 hominum
3619 3103 3759 3172 deji-

2169 3190 2307 3251 citur
2333 3230 2348 3254 ,
2377 3190 2605 3260 positum
2635 3200 2754 3257 est,
2782 3194 2965 3263 septies
2992 3194 3165 3260 cadit;
3195 3204 3250 3250 et
3278 3209 3374 3264 pro
3412 3210 3476 3249 eo
3517 3194 3660 3265 quod
3691 3211 3757 3252 ex

2168 3282 2299 3352 ipsis
2343 3284 2590 3341 omnibus
2640 3286 3066 3348 tribulationibus
3092 3287 3302 3356 proficit
3324 3328 3339 3353 ,
3372 3288 3601 3357 positum
3626 3296 3710 3342 est
3737 3328 3755 3355 ,

2167 3385 2409 3445 resurget.
2441 3377 2581 3432 Satis
2632 3378 2861 3432 illustrat
2905 3379 2958 3432 in
2994 3393 3060 3433 eo
3100 3377 3236 3433 libro
3262 3394 3601 3453 consequens
3630 3394 3757 3437 scn-

2169 3470 2334 3526 tenlia
2363 3472 2751 3542 praecedentem
2786 3490 2799 3526 :
2834 3473 2905 3526 ibi
2930 3472 3073 3529 enim
3101 3474 3341 3542 sequitur
3361 3515 3376 3539 ,
3408 3473 3564 3542 [mpii
3591 3482 3757 3527 autent

2165 3562 2557 3633 inﬁrmabuntur
2576 3564 2629 3618 in
2656 3564 2802 3619 malis
2824 3563 3005 3634 (Prov.
3028 3580 3178 3631 xxiv,
3202 3564 3312 3635 16).
3339 3564 3448 3618 lloc
3469 3573 3553 3623 est
3578 3564 3759 3633 itaque

2160 3654 2308 3725 justo
2340 3656 2538 3725 septies
2563 3654 2756 3710 cadere
2782 3663 2833 3711 et
2872 3669 3153 3725 resurgere
3172 3697 3187 3721 ,
3215 3654 3268 3709 in
3298 3654 3546 3710 omnibus
3596 3654 3757 3711 malis

2167 3760 2271 3801 non
2300 3746 2576 3800 infirmari.
2600 3745 2789 3801 Merito
2818 3745 2978 3815 igitur
2993 3744 3192 3815 septies
3216 3745 3269 3800 in
3291 3745 3377 3800 die
3402 3743 3635 3800 laudavit
3653 3744 3756 3800 Ee-

2165 3837 2325 3894 clesia
2356 3838 2518 3892 Deum
2546 3853 2709 3907 super
2741 3835 2939 3907 judicia
2975 3836 3195 3906 justitize
3240 3836 3446 3908 ipsius;
3477 3836 3601 3907 quia
3629 3851 3755 3891 cum

2166 3939 2376 3998 tempus
2419 3938 2562 3984 esset
2602 3938 2659 3984 ut
2694 3928 2950 3998 judicium
2983 3928 3241 3998 inciperet
3282 3942 3311 3981 a
3340 3927 3502 3983 domo
3546 3927 3754 3983 Domini

2165 4019 2379 4092 (iPetr.
2410 4035 2464 4074 iv
2482 4060 2499 4086 ,
2532 4018 2621 4090 17)
2645 4060 2659 4083 ,
2694 4019 2745 4074 in
2775 4020 3024 4075 omnibus
3052 4018 3478 4074 tribulationibus
3506 4018 3615 4074 suis
3643 4032 3752 4073 non

2168 4111 2456 4183 infirmata,
2480 4109 2575 4169 sed
2600 4110 2814 4166 coronis
2840 4121 3136 4181 martyrum
3163 4111 3454 4179 gloriticata
3481 4116 3584 4163 est.

2235 4204 2287 4259 5.
2314 4202 2480 4276 [vers.
2507 4202 2654 4275 165.]
2682 4202 2799 4258 Pax
2826 4202 3005 4270 multa,
3028 4203 3217 4273 inquit,
3246 4202 3569 4273 diligentibus
3593 4202 3753 4274 legem

2164 4305 2325 4364 tuam,
2346 4305 2393 4350 et
2418 4311 2519 4350 non
2544 4303 2619 4363 est
2644 4296 2714 4350 eis
2735 4295 3050 4353 scandalum.
3077 4294 3260 4351 Utrum
3290 4295 3400 4363 ipsa
3429 4293 3513 4349 lex
3530 4293 3759 4364 diligeno

2165 4390 2305 4446 tibus
2332 4405 2392 4445 se
2414 4389 2720 4445 scandalum
2746 4404 2850 4444 non
2878 4397 2991 4455 est,
3019 4403 3086 4443 an
3108 4387 3449 4458 diligentibus
3476 4402 3594 4442 eam
3633 4387 3753 4441 nul-

2164 4480 2274 4540 lum
2294 4489 2377 4537 est
2406 4479 2776 4551 undecumque
2796 4477 3137 4534 scandalum?
3161 4477 3266 4534 Sed
3296 4487 3578 4547 utrumque
3607 4487 3754 4533 recte

2166 4573 2492 4643 intelligitur.
2522 4572 2622 4639 Qui
2648 4572 2789 4629 enim
2810 4571 2981 4641 diligit
3006 4571 3099 4626 Dei
3125 4571 3320 4641 legem,
3346 4569 3507 4629 etiam
3531 4569 3672 4641 quod
3699 4572 3752 4626 in

2163 4680 2226 4721 ea
2271 4680 2378 4726 non
2420 4664 2667 4735 intelligit
2696 4664 2959 4728 honorat;
2991 4671 3047 4719 et
3071 4662 3214 4734 quod
3239 4663 3291 4718 ei
3320 4678 3517 4719 sonare
3544 4664 3758 4719 videtur

2144 4756 2412 4821 absurde,
2435 4771 2495 4811 se
2521 4756 2698 4827 potius
2718 4771 2824 4811 non
2849 4756 3166 4825 intelligere,
3193 4763 3249 4810 et
3275 4756 3469 4825 aliquid
3500 4772 3752 4826 maguum

2165 4847 2331 4902 latere
2356 4846 2425 4903 ibi
2452 4847 2656 4916 judicat
2688 4864 2701 4899 :
2733 4846 2851 4902 ideo
2880 4844 2961 4907 lex
2989 4845 3085 4901 Dei
3111 4861 3215 4901 non
3238 4854 3322 4902 est
3340 4846 3389 4902 ei
3418 4847 3751 4925 scandalum.

2150 4936 2233 5007 .Ut
2273 4949 2453 5003 autem
2496 4937 2698 4992 nullum
2742 4936 3050 4998 scandalum
3090 4937 3309 5014 omnino
3350 4938 3622 5007 patiatur,
3648 4953 3754 4993 non

2164 5029 2243 5084 sic
2272 5029 2514 5084 homines
2555 5037 2753 5086 Sancta:
2795 5028 3050 5099 cujusque
3090 5026 3439 5099 professionis
3474 5029 3753 5092 attendat,

2164 5130 2222 5178 ut
2246 5120 2377 5175 fides
2401 5120 2517 5189 ejus
2539 5136 2603 5175 ex
2631 5135 2816 5182 eorum
2845 5118 3079 5175 moribus
3106 5119 3359 5188 pendeat;
3392 5136 3458 5174 ne
3486 5120 3757 5189 aliquibus

2152 5212 2475 5283 (cadentibus
2517 5228 2651 5282 quos
2698 5226 2799 5281 pro
2838 5225 3031 5282 magno
3060 5211 3323 5277 habebat,
3358 5212 3471 5281 ipse
3500 5211 3756 5266 seandalo

2164 5312 2352 5375 pereat
2382 5321 2397 5359 :
2430 5304 2523 5359 sed
2551 5304 2721 5373 ipsam
2751 5302 2845 5358 Dei
2892 5303 3061 5372 legem
3092 5302 3314 5372 diligat,
3343 5313 3398 5362 et
3439 5304 3546 5358 erit
3571 5303 3618 5357 ei
3650 5318 3756 5371 pax

2165 5396 2332 5450 multa
2358 5435 2375 5461 ,
2404 5395 2711 5464 nullumque
2755 5393 3084 5449 scandalum.
3128 5394 3361 5448 Securus
3398 5394 3541 5449 enim
3583 5394 3755 5464 diligit

2166 5503 2306 5554 eam,
2339 5487 2394 5548 in
2421 5501 2524 5557 qua
2551 5485 2760 5547 etiamsi
2786 5485 2937 5541 multi
2965 5493 3225 5557 peccant,
3251 5501 3477 5564 peccare
3504 5486 3617 5556 ipsa
3646 5502 3753 5541 non

2146 5642 2147 5645 η
2167 5580 2334 5636 novit.

2237 5671 2292 5728 6.
2319 5670 2469 5744 [vers.
2495 5671 2642 5743 166.]
2672 5671 3039 5741 Exspectabam
3058 5713 3073 5739 ,
3102 5671 3299 5743 inquit,
3324 5672 3547 5727 salutare
3576 5682 3755 5737 tuitui;

2238 5784 2254 5816 ι
2279 5783 2352 5833 sic
2368 5790 2466 5831 Am.
2490 5787 2565 5832 Er.
2593 5790 2644 5841 et
2669 5790 2771 5832 Mss.
2793 5782 2932 5846 juxta
2949 5789 3096 5833 Crte.
3123 5778 3261 5833 Lxx.
3280 5788 3332 5833 At
3353 5790 3483 5845 hom,
3507 5785 3658 5834 cadet.
