4078 6468
278 338 418 395 1593

279 453 500 508 Domine
521 493 537 520 ,
562 460 608 506 et
645 451 882 506 mandata
911 460 996 504 tua
1021 450 1193 506 dilexi.
1221 449 1358 518 Quid
1385 449 1524 504 enim
1549 449 1704 518 jtlSlIS
1729 462 1855 517 pro-

281 544 468 600 fuisset
500 545 730 614 antiquis
759 544 850 598 Dei
871 542 1120 598 dilexisse
1153 542 1399 597 mandata
1419 582 1438 608 ,
1459 541 1559 596 nisi
1589 556 1683 596 cos
1709 539 1866 595 Chri-

281 647 393 692 stus
417 637 510 708 qui
538 646 620 692 est
649 638 742 692 Dei
772 636 1024 703 salutare,
1053 636 1350 702 liberasset;
1378 636 1530 706 cujus
1558 636 1718 690 etiam
1747 637 1861 706 spi-

277 729 381 784 ritu
406 729 678 808 impertita
696 729 942 793 mandata
961 728 1052 786 Dei
1077 729 1295 801 diligere
1317 730 1642 799 potuerunt?
1661 730 1714 784 Si
1735 745 1864 800 ergo

277 820 664 895 exspectabant
703 821 937 876 salutare
963 820 1056 878 Dei
1082 860 1096 886 ,
1129 821 1218 890 qui
1243 821 1490 877 mandata
1518 820 1633 895 ejus
1661 819 1864 876 dilexe-

277 923 400 972 runt
425 930 442 979 ;
473 922 671 985 quanto
717 914 884 983 magis
927 913 1260 970 necessarius
1289 921 1403 968 erat
1433 912 1623 980 Jesus,
1654 912 1758 967 hoc
1781 920 1862 967 est

275 1004 510 1059 salutare
533 1004 648 1072 Dei,
667 1004 827 1060 salvis
853 1004 1108 1060 faciendis
1131 1005 1208 1060 eis
1227 1005 1318 1075 qui
1343 1005 1588 1064 mandata
1615 1005 1731 1076 ejus
1751 1021 1858 1062 non

275 1094 618 1150 dilexerunt?
647 1094 827 1150 Potest
864 1095 961 1150 ista
993 1095 1151 1155 etiam
1177 1096 1376 1151 salictis
1404 1095 1624 1151 istorum
1652 1105 1862 1166 tempo-

274 1199 395 1238 rum
418 1225 434 1249 ,
463 1200 533 1240 ex
564 1200 668 1256 quo
693 1186 860 1258 gratia
891 1186 1122 1241 revelata
1146 1187 1488 1257 Evangelium
1519 1187 1858 1257 prmdicamr,

275 1288 574 1344 congruere
603 1259 880 1348 prophetia
913 1293 927 1330 :
958 1285 1274 1346 exspectant
1299 1276 1439 1331 enim
1471 1275 1741 1331 Christum
1769 1277 1860 1348 qui

274 1364 525 1425 mandata
559 1365 651 1420 Dei
673 1365 916 1437 diligunt,
943 1377 999 1422 ut
1022 1367 1405 1425 cumChristus
1424 1370 1728 1440 apparuerit
1754 1372 1862 1428 vita

274 1467 458 1512 nostra
488 1500 504 1526 ,
537 1467 661 1514 tunc
703 1469 757 1516 et
784 1475 882 1515 nos
919 1475 1269 1532 appareamus
1298 1477 1418 1517 cum
1461 1462 1554 1518 illo
1594 1462 1648 1517 iu
1693 1463 1860 1534 gloria

279 1547 500 1619 (Coloss.
532 1567 606 1614 ιιι,
636 1553 713 1618 4).

346 1643 399 1696 7.
432 1642 583 1714 [vers.
615 1645 714 1700 167
740 1687 755 1712 ,
786 1645 932 1718 168.]
962 1644 1241 1702 Custodivit
1264 1689 1279 1713 ,
1310 1647 1518 1718 inquit,
1548 1649 1720 1703 anima
1749 1664 1858 1703 mea

279 1736 569 1788 testimonia
612 1746 698 1789 tua
719 1778 733 1802 ,
757 1746 801 1791 et
829 1738 987 1800 dilexi
1013 1755 1073 1792 ea
1097 1739 1242 1796 valde
1268 1755 1286 1792 :
1312 1740 1424 1806 vel,
1450 1740 1586 1796 sicut
1618 1740 1860 1797 nonnulli

272 1823 489 1879 codices
515 1824 714 1891 habent
733 1867 747 1891 ,
779 1827 956 1881 dilexit
979 1867 994 1894 ,
1025 1838 1081 1882 ut
1107 1828 1452 1885 subaudiatur
1473 1869 1488 1895 ,
1518 1831 1690 1884 anima
1727 1847 1856 1886 mea.

272 1915 657 1977 Custodiuntur
688 1919 986 1982 testimonia
1015 1921 1130 1989 Dei,
1157 1920 1282 1979 dum
1310 1937 1415 1980 non
1447 1935 1722 1992 ntgantur.
1750 1923 1861 1980 lloc

272 2016 355 2064 est
385 2018 678 2081 martyrum
705 2009 960 2079 ofﬁcium,
992 2012 1114 2086 quia
1143 2013 1439 2072 testimonia
1471 2029 1641 2085 grzece
1671 2023 1861 2085 marty-

270 2098 350 2153 ria
379 2109 772 2169 nuncupantur.
797 2101 902 2157 Sed
929 2104 1049 2172 quia
1082 2119 1177 2174 pro
1203 2105 1519 2160 testimoniis
1565 2106 1656 2161 Dei
1698 2107 1858 2161 etiam

270 2188 504 2245 ﬂammis
523 2192 855 2248 concremari
875 2193 989 2249 sine
1010 2194 1268 2250 charitate
1285 2194 1416 2255 nihil
1433 2195 1652 2266 prodest
1673 2196 1716 2267 (l
1739 2196 1855 2251 Cor.

271 2297 387 2349 χιιι,
419 2283 501 2354 5),
531 2283 651 2339 ideo
672 2283 908 2353 addidit,
930 2285 1001 2340 Et
1029 2286 1185 2341 dilexi
1210 2304 1270 2342 ea
1293 2289 1462 2344 valde.
1489 2287 1658 2358 Supra
1680 2299 1858 2344 autem

273 2373 514 2441 dixerat,
561 2373 811 2439 Mandata
839 2385 928 2431 tua
954 2378 1146 2442 dilexi;
1172 2379 1364 2436 deinde
1393 2382 1634 2450 sequenti
1664 2397 1856 2448 versu,

276 2462 584 2519 Testimonia
633 2475 722 2521 tua
745 2509 761 2534 ,
801 2477 855 2523 et
896 2470 1140 2524 custodivi
1163 2511 1178 2536 ,
1209 2478 1264 2529 et
1307 2471 1464 2526 dilexi
1493 2487 1512 2526 :
1539 2481 1718 2542 postea
1744 2514 1759 2539 ,
1797 2473 1861 2527 Et

273 2555 516 2610 mandata
545 2566 651 2620 tua,
682 2566 736 2614 ct
762 2560 1043 2620 testimonia
1069 2571 1157 2617 tua
1177 2563 1444 2627 custodivi;
1467 2563 1542 2626 ait
1565 2565 1728 2630 enim,
1760 2565 1862 2619 Cu-

271 2648 456 2704 stodivi
480 2648 719 2702 mandata
741 2660 827 2703 tua
849 2660 894 2712 et
924 2653 1207 2707 testimonia
1233 2662 1338 2714 tua.
1367 2655 1466 2723 Qui
1499 2655 1639 2710 enim
1667 2656 1857 2727 diligit,

271 2739 384 2809 ipsa
415 2742 431 2772 ¹
455 2743 713 2798 veraciter
730 2731 1058 2815 libenterque
1078 2748 1326 2803 custodit.
1347 2747 1664 2820 Plerumque
1683 2759 1860 2812 autem

270 2827 396 2885 dum
427 2833 674 2888 mandata
702 2835 794 2890 Dei
820 2836 1221 2907 custodiuntur,
1253 2841 1387 2895 liunt
1429 2841 1630 2896 inimici
1675 2852 1861 2900 contra

271 2937 497 2992 quorum
525 2925 848 2983 voluntatem
888 2931 1258 2986 custodiuntur
1292 2951 1305 2988 :
1341 2942 1466 2990 tuuc
1493 2951 1623 2991 vero
1653 2935 1862 2993 lorliter

270 3022 325 3067 et
371 3016 672 3072 testimonia
723 3021 1068 3083 custodienda
1109 3035 1269 3093 sunt,
1304 3043 1371 3084 ne
1419 3031 1862 3101 persequentibus

270 3102 503 3162 inimicis
530 3119 809 3179 negentur.

340 3195 396 3250 8.
438 3196 574 3252 Cum
618 3214 747 3272 ergo
789 3219 848 3258 se
895 3204 994 3260 iste
1040 3215 1328 3278 utrumque
1369 3209 1562 3268 fecisse
1601 3212 1856 3284 dixisset,

265 3283 383 3341 Deo
426 3288 612 3344 tribuit
653 3293 794 3348 unde
838 3294 962 3351 fecit
983 3337 998 3362 ,
1030 3297 1368 3372 adjungendo
1399 3312 1559 3374 atque
1586 3305 1812 3362 dicendo
1842 3283 1855 3360 ξ

275 3377 409 3446 Quia
434 3396 607 3436 omnes
631 3385 724 3438 via:
747 3401 871 3449 mete
899 3387 949 3442 in
977 3400 1245 3462 conspectu
1274 3401 1358 3447 tuo
1382 3435 1397 3459 ,
1436 3393 1667 3450 Domine.
1692 3397 1816 3458 Ideo
1839 3439 1856 3466 ,

272 3471 482 3542 inquit,
508 3475 752 3531 custodiri
791 3480 997 3535 madata
1039 3491 1126 3538 tua
1159 3493 1206 3538 et
1249 3487 1534 3548 testimonia
1579 3499 1702 3554 tua;
1739 3492 1859 3561 quia

272 3581 444 3620 omnes
464 3569 559 3622 vim
579 3585 702 3624 mere
725 3572 777 3626 in
798 3585 1066 3644 conspectu
1090 3587 1194 3632 tuo.
1224 3577 1498 3648 Tanquam
1524 3580 1724 3637 diceret
1760 3601 1771 3636 :
1802 3582 1858 3640 Si

271 3660 562 3718 avertisses
588 3678 617 3716 a
635 3679 722 3720 me
749 3664 934 3722 faciem
963 3679 1126 3738 tuam,
1157 3671 1336 3727 ﬁerem
1367 3674 1730 3740 conturbatus,
1765 3690 1862 3731 nec

272 3759 358 3805 tua
381 3753 632 3810 mandata
655 3766 708 3812 et
727 3760 1026 3816 testimonia
1048 3764 1390 3820 custodirem.
1415 3765 1687 3822 Custodivi
1710 3783 1856 3838 ergo,

271 3844 387 3912 quia
407 3862 581 3899 omnes
605 3847 700 3902 viae
723 3866 847 3903 mea:
885 3852 937 3905 in
974 3864 1240 3922 conspectu
1267 3865 1370 3910 tuo.
1407 3856 1639 3927 Propitio
1666 3859 1773 3928 qui]
1794 3873 1861 3930 pe

273 3944 324 3990 et
348 3936 634 4006 adjuvaute
673 3951 957 4012 conspectu
982 3983 998 4009 ,
1028 3946 1196 4000 voluit
1221 3947 1440 4016 intelligi
1481 3948 1644 4004 Deum
1676 3950 1860 4006 videre

272 4027 386 4081 vias
432 4043 596 4095 suas;
626 4033 764 4086 sicut
808 4035 977 4089 oravit
1017 4035 1107 4108 qui
1146 4036 1314 4104 dixit,
1343 4037 1424 4093 Ne
1449 4049 1644 4094 avertas
1678 4041 1860 4108 [aciem

276 4128 412 4173 tuam
440 4137 473 4174 a
501 4138 580 4175 me
611 4122 777 4190 (I’sal.
809 4141 956 4192 xxvi,
985 4128 1064 4198 9).
1090 4127 1217 4182 Nam
1245 4131 1428 4208 utique
1459 4129 1622 4187 facies
1649 4132 1859 4187 Domini

273 4222 355 4268 est
395 4222 452 4268 et
489 4229 652 4288 super
692 4215 947 4278 facientes
986 4221 1117 4274 mala
1142 4263 1158 4287 ,
1182 4221 1278 4299 sed
1318 4231 1376 4276 ut
1412 4223 1596 4291 perdat
1621 4223 1688 4280 dc
1720 4233 1859 4280 terra

274 4305 588 4360 memoriam
616 4322 801 4368 eorum
829 4309 1000 4379 (Psal.
1036 4312 1498 4391 xxxut,17)._Non
1527 4315 1603 4370 sic
1623 4316 1862 4386 profecto

272 4396 374 4452 iste
400 4397 542 4460 dixit
564 4401 678 4455 vias
707 4416 830 4458 suas
859 4402 924 4458 ab
955 4404 1045 4458 illo
1076 4405 1262 4472 videri;
1295 4407 1389 4462 scd
1417 4407 1552 4465 sicut
1579 4409 1723 4463 novit
1750 4410 1857 4469 Do-

275 4491 451 4547 minus
478 4493 595 4549 vias
614 4494 878 4564 justorum
908 4495 1078 4567 (Psal.
1105 4515 1142 4567 ι,
1165 4499 1272 4572 6),
1303 4511 1358 4557 et
1382 4502 1517 4557 sicut
1545 4504 1619 4558 ait
1647 4504 1810 4577 Moysi
1841 4547 1858 4574 ,

276 4581 396 4639 Scia
434 4593 482 4640 te
520 4603 629 4656 pra:
655 4590 883 4644 omnibus
908 4589 1112 4662 (Exod.
1139 4610 1301 4650 χχχιιι
1327 4636 1341 4660 ,
1376 4595 1498 4669 17).
1527 4597 1659 4653 Nam
1690 4599 1734 4654 si
1763 4598 1865 4655 hoc

276 4689 393 4730 cum
424 4693 531 4732 non
553 4679 829 4748 adjuvaret
853 4685 1203 4753 gradientem,
1222 4687 1362 4757 quod
1387 4689 1504 4758 ejus
1529 4691 1626 4745 viae
1657 4700 1781 4745 sunt
1810 4693 1861 4746 in

275 4779 562 4847 conspectu
591 4770 705 4839 Dei,
731 4788 834 4827 non
855 4773 1056 4830 diceret
1076 4775 1195 4832 ideo
1220 4792 1278 4833 se
1297 4780 1594 4836 custodisse
1619 4784 1863 4843 mandata

277 4863 659 4933 ettestimouia
691 4865 806 4935 ejus
825 4907 839 4932 ,
870 4869 993 4938 quia
1019 4883 1206 4933 omnes
1233 4871 1329 4925 via:
1355 4887 1467 4931 sua:
1496 4884 1618 4927 sunt
1649 4875 1703 4928 in
1732 4890 1863 4929 cou-

273 4962 459 5037 apcctu
482 4953 717 5019 Domini.
745 4957 902 5013 Novit
929 4960 1069 5014 enim
1099 4962 1316 5026 audire,
1351 4963 1545 5020 Servite
1570 4963 1789 5020 Domino
1813 4967 1863 5021 in

278 5044 474 5110 timore,
505 5057 552 5100 et
577 5049 826 5104 exsultute
849 5053 894 5104 ei
911 5068 1024 5111 cum
1047 5063 1260 5110 tremore
1287 5071 1305 5110 :
1330 5058 1689 5126 appreltendite
1711 5060 1866 5116 disci-

277 5137 468 5203 plinam
487 5179 500 5201 ,
526 5141 792 5209 nequando
812 5143 1060 5202 irascatur
1079 5144 1343 5213 Dominus,
1375 5157 1423 5201 et
1449 5150 1665 5218 pereatis
1695 5151 1757 5205 de
1785 5152 1865 5207 via

276 5229 408 5295 iusta
425 5229 600 5302 (Psal.
630 5247 686 5296 ιι,
713 5234 930 5305 11et12)
955 5255 968 5289 :
997 5237 1118 5308 quia
1142 5239 1241 5294 nisi
1265 5239 1316 5294 in
1341 5254 1630 5310 conspectu
1653 5243 1861 5300 Domini

277 5330 434 5385 esset,
465 5322 545 5375 via
572 5323 713 5393 justa
746 5340 852 5380 non
881 5337 1044 5383 esset.
1073 5329 1202 5383 Nam
1233 5331 1375 5386 hunc
1403 5332 1644 5388 timorem
1674 5342 1728 5388 et
1759 5344 1865 5390 tre-

277 5425 476 5466 merent
523 5415 795 5482 apostolus
835 5418 992 5472 etiam
1041 5419 1234 5475 Paulus
1281 5423 1503 5494 imponit
1542 5425 1619 5480 eis
1673 5425 1865 5497 quibus

277 5501 398 5558 dicit
422 5546 439 5571 ,
469 5503 598 5559 Cum
629 5507 806 5563 timore
835 5520 881 5564 et
919 5519 1131 5566 tremore
1154 5525 1365 5569 vestram
1402 5517 1625 5586 ipsorum
1651 5519 1864 5574 salutem

277 5599 554 5662 aperaniini
581 5615 600 5653 :
619 5607 673 5654 et
698 5615 793 5656 cur
821 5603 921 5660 hoc
945 5606 1136 5663 dixerit
1164 5609 1428 5679 aperiens,
1456 5609 1592 5666 Deus
1612 5621 1684 5666 est
1707 5613 1861 5682 enim,

277 5685 462 5757 inquit,
484 5691 576 5760 qui
601 5704 839 5760 operatur
862 5698 913 5752 in
933 5700 1070 5755 vobis
1083 5711 1130 5756 et
1144 5701 1268 5758 velle
1294 5712 1340 5756 rt
1367 5707 1585 5773 operari,
1617 5722 1706 5777 pro
1732 5706 1863 5761 bona

335 5801 357 5836 ⁸
382 5814 479 5858 Am.
505 5813 558 5856 et
580 5805 761 5871 aliquot
785 5816 888 5862 M3.
937 5826 1052 5867 trix.

1336 327 1730 388 ENARRATIO
1765 327 1831 383 1N
1869 326 2194 387 PSALMU.“
2223 331 2447 390 CXVIII.

3405 348 3545 406 1594

1969 451 2221 505 voluntate
2250 453 2268 522 (
2295 452 2524 524 Philipp.
2554 471 2589 510 ιι
2614 498 2628 523 ,
2664 456 2729 512 12
2753 497 2768 524 ,
2802 458 2924 528 15).
2955 459 3035 515 Ad
3067 461 3164 516 hoc
3191 471 3314 518 sunt
3338 479 3465 536 ergo
3491 469 3570 522 in‘

1963 553 2248 612 conspectu
2290 545 2498 600 Domini
2529 549 2627 602 vite
2666 549 2965 618 justurum,
2998 561 3053 606 ut
3099 553 3293 625 dirigat
3327 571 3545 626 gressus

1963 647 2168 697 eorum,
2185 637 2434 704 quoniam
2457 637 2584 707 ipsa:
2611 651 2736 694 sunt
2753 642 2849 696 viae
2873 641 2939 697 de
2964 644 3158 713 quibus
3185 647 3436 716 scriptum
3463 657 3548 704 est

1962 721 2016 776 iu
2033 721 2352 792 Proverbiis,
2381 725 2501 782 Vias
2523 739 2688 785 autem
2710 747 2824 800 qua:
2842 749 2872 785 a
2901 732 3088 788 dextris
3108 745 3244 804 sunt,
3273 738 3408 792 novit
3436 737 3545 800 Do,-

1963 817 2129 874 minus
2159 834 2177 871 :
2207 836 2449 887 perversa:
2477 831 2643 877 autem
2671 833 2786 878 sunt
2809 867 2825 892 ,
2850 825 3018 896 inquit
3041 869 3056 893 ,
3086 845 3200 897 qua
3227 845 3258 882 a
3281 829 3495 885 sinistris
3526 847 3544 885 :

1964 917 2022 964 ut
2066 910 2476 981 intelligeremus
2519 915 2662 985 quod
2714 931 2806 972 eas
2855 932 2960 972 non
3003 921 3210 974 noverit
3254 922 3542 988 Dominus,

1963 1010 2181 1070 propter
2221 1001 2360 1071 quod
2405 1006 2672 1072 perversis
2707 1006 2947 1062 dicturus
2989 1018 3113 1077 est,
3141 1010 3263 1066 Non
3304 1014 3420 1066 novi
3446 1028 3547 1068 .vos

1967 1092 2174 1163 (Matth.
2207 1110 2274 1147 vn
2295 1136 2312 1160 ,
2341 1095 2457 1165 25).
2488 1097 2656 1154 Porro
2685 1107 2742 1154 ut
2766 1101 3072 1158 ostenderet
3095 1120 3202 1174 quo
3232 1106 3403 1160 fructu
3437 1108 3548 1164 vias

1964 1200 2082 1255 qua:
2107 1200 2136 1238 a
2157 1185 2358 1246 dextris
2387 1197 2531 1256 sunt,
2555 1189 2609 1245 id
2626 1200 2708 1246 est
2725 1194 3010 1260 justorum,
3032 1196 3238 1251 noverit
3264 1197 3543 1266 Dominus,

1960 1277 2215 1348 continuo
2237 1277 2462 1348 subjecit
2486 1298 2499 1334 :
2528 1279 2554 1333 l
2563 1298 2650 1350 pse
2673 1284 2802 1337 enim
2830 1295 2988 1339 rectos
3017 1286 3168 1354 faciet
3185 1305 3386 1358 gressus
3413 1300 3545 1354 tuos,

1961 1378 2010 1422 et
2057 1369 2239 1426 itinera
2289 1381 2379 1426 tua
2417 1373 2470 1426 in
2509 1391 2633 1444 pace
2660 1377 2900 1446 producet
2933 1377 3112 1450 (Prov.
3147 1393 3232 1445 tv,
3259 1381 3371 1452 27).
3410 1381 3547 1438 Ecce

1961 1473 2127 1528 quare
2164 1461 2237 1515 ait
2277 1462 2434 1519 etiam
2465 1463 2595 1528 istc,
2625 1464 2881 1520 Custodivi
2908 1469 3148 1524 utanduta
3193 1481 3278 1524 tua
3321 1481 3368 1525 et
3411 1473 3548 1527 testi-

1961 1551 2130 1608 monia
2159 1560 2264 1606 tua.
2295 1553 2363 1607 Et
2392 1554 2538 1609 velut
2564 1571 2926 1626 qumreremus
2957 1559 3057 1614 hoc
3086 1560 3225 1616 unde
3267 1564 3498 1632 potuerit
3527 1579 3542 1617 :

1964 1641 2097 1711 Quia
2143 1659 2314 1698 omnes
2338 1685 2353 1712 ,
2387 1645 2586 1720 inquit,
2619 1647 2712 1705 via:
2753 1665 2876 1706 mea:
2903 1651 2955 1704 in
2989 1660 3254 1721 conspectu
3293 1661 3413 1722 tuo,
3438 1652 3549 1710 Do-

1961 1753 2113 1794 mute.

2561 1895 2732 1935 εειιιιο
2768 1897 2879 1935 XXX
2891 1897 2949 1936 Il.

2033 2009 2084 2070 1.
2111 2009 2257 2083 [vers.
2289 2010 2436 2084 169.]
2462 2012 2659 2070 Vocem
2686 2028 2826 2069 nunc
2855 2018 3058 2070 orantis
3079 2014 3356 2069 audiamus
3380 2031 3393 2067 :
3416 2027 3551 2084 quo-

1959 2101 2101 2157 niam
2132 2103 2249 2172 quis
2277 2113 2390 2159 oret
2422 2106 2662 2159 novimus
2684 2146 2698 2168 ,
2731 2115 2786 2160 et
2826 2121 2923 2160 nos
2953 2106 3098 2175 ipsos
3126 2106 3169 2160 si
3201 2106 3409 2176 reprobi
3442 2122 3547 2162 non

1959 2208 2177 2260 sumus,
2211 2194 2262 2248 in
2306 2195 2558 2249 membris
2603 2196 2757 2266 hujus
2799 2198 3000 2251 orantis
3047 2198 3404 2266 agnoscimus.
3450 2198 3549 2267 Ap-

1961 2287 2256 2358 propinquet
2284 2289 2444 2342 oratio
2466 2306 2575 2342 mea
2600 2289 2651 2343 in
2677 2298 2943 2359 conspectu
2969 2299 3076 2355 tuo,
3099 2289 3316 2343 Domine
3344 2306 3362 2343 :
3384 2289 3434 2343 id
3465 2298 3549 2344 est

1960 2377 2132 2433 oratio
2161 2392 2275 2431 mea
2297 2419 2310 2442 ,
2343 2393 2460 2447 qua:
2494 2379 2551 2433 ﬁt
2588 2379 2643 2434 in
2672 2389 2960 2450 conspectu
3006 2391 3095 2435 tuo
3116 2422 3131 2446 ,
3159 2381 3548 2450 appr0pinquet

1961 2474 2075 2529 tibi.
2100 2471 2272 2544 Prope
2301 2483 2383 2529 est
2411 2474 2552 2529 enim
2597 2475 2850 2531 Dominus
2876 2476 2957 2528 his
2983 2475 3070 2544 qui
3097 2475 3426 2529 obtrivernut
3451 2490 3547 2529 cor

1962 2566 2134 2639 (Psal.
2167 2585 2337 2623 xxxut
2361 2609 2375 2632 ,
2405 2569 2516 2639 19).
2550 2568 2842 2624 Secundum
2868 2569 3122 2638 eloquium
3151 2579 3292 2621 tuum
3318 2568 3385 2622 da
3423 2569 3548 2621 milii

1960 2659 2288 2714 intellectum.
2319 2659 2644 2714 Promissum
2675 2659 2822 2728 petit.
2848 2657 2980 2712 Nam
3010 2658 3113 2712 huc
3135 2658 3228 2723 ait,
3257 2657 3570 2712 Secundum

1961 2751 2212 2823 eloquium
2253 2761 2438 2814 tuum;
2463 2759 2710 2819 tauquam
2737 2750 2971 2816 diceret,
3002 2748 3294 2804 secundum
3323 2750 3546 2816 promis-

1961 2857 2078 2897 sum
2102 2851 2269 2896 tuum.
2297 2841 2544 2896 Promisit
2563 2843 2703 2894 enim
2730 2840 2829 2894 hoc
2851 2840 3126 2905 Dominus,
3146 2839 3236 2894 ubi
3261 2839 3370 2906 ait,
3394 2838 3550 2894 Intel-

1961 2933 2144 2988 lectum
2169 2932 2299 2986 dabo
2325 2932 2413 2986 tibi
2440 2931 2606 3004 (Psal.
2643 2946 2787 2997 xxxi,
2815 2930 2896 3003 8).

2031 3024 2086 3078 2.
2119 3023 2280 3096 [vers.
2318 3024 2434 3077 170.
2461 3022 2481 3095 ]
2506 3022 2667 3076 Intret
2711 3023 2983 3093 postulatio
3031 3039 3142 3076 mea
3181 3023 3234 3076 in
3277 3032 3545 3091 conspectu

1961 3127 2048 3176 tuo
2068 3161 2082 3183 ,
2116 3118 2367 3184 Domine;
2391 3120 2663 3173 secundum
2694 3119 2947 3189 eloquium
2981 3128 3120 3171 tuum
3150 3119 3286 3187 eripe
3313 3135 3408 3170 me.
3440 3117 3546 3172 lie-v

1963 3210 2092 3279 petit
2117 3209 2508 3279 quodammodo
2533 3209 2672 3279 quod
2694 3211 2894 3279 petivit.
2913 3209 3046 3268 Nam
3067 3209 3206 3278 quod
3233 3211 3379 3278 prius
3397 3209 3550 3265 dixe-

1961 3309 2060 3362 rat.
2083 3301 2463 3372 Appropinqurt
2485 3301 2647 3355 oratio
2677 3317 2786 3354 utea
2810 3301 2862 3354 in
2886 3311 3154 3368 conspectu
3179 3309 3284 3366 tuo,
3313 3300 3549 3364 Domine;

1961 3391 2086 3447 huic
2131 3391 2304 3446 simile
2347 3401 2428 3447 est
2456 3390 2595 3462 quod
2635 3392 2710 3444 ait
2741 3391 3005 3460 posterius
3036 3432 3050 3455 ,
3082 3389 3244 3444 Intret
3275 3390 3546 3460 postulatio

1960 3501 2072 3538 mea
2086 3484 2140 3538 in
2159 3492 2425 3553 conspectu
2442 3493 2542 3546 tuo,
2571 3482 2808 3545 Domine;
2827 3491 2880 3537 et
2899 3483 3038 3554 quod
3069 3483 3235 3552 prius,
3257 3481 3547 3537 Secundan

1959 3575 2212 3643 eloquium
2241 3585 2381 3628 tuum
2409 3575 2476 3628 da
2502 3575 2626 3628 milii
2650 3575 2978 3640 intellectum;
3000 3574 3123 3629 huic
3143 3574 3383 3644 congruit
3404 3573 3548 3643 quod

1962 3669 2225 3739 posterius
2244 3711 2257 3732 ,
2283 3668 2577 3724 Secundum
2607 3667 2859 3738 eloquium
2905 3676 3045 3720 tuum
3069 3669 3206 3734 eripe
3237 3682 3334 3720 me.
3381 3665 3510 3720 Acci
3528 3692 3543 3705 ο

1963 3759 2158 3829 piendo
2199 3759 2394 3828 quippe
2434 3758 2754 3812 intellectum
2781 3758 3004 3828 eripitur
3027 3798 3042 3824 ,
3069 3758 3158 3828 qui
3191 3772 3286 3826 per
3311 3757 3547 3826 seipsum

1966 3866 2071 3906 non
2101 3849 2442 3918 intelligendo
2469 3851 2749 3919 decipitur.

2031 3941 2086 3996 5.
2119 3938 2442 4012 [vers.171.]
2502 3939 2846 4002 Eructubunt,
2882 3938 3086 4009 inquit,
3136 3937 3269 3992 labia
3300 3955 3408 3992 mea
3453 3939 3547 4009 lig-

1962 4049 2134 4090 muum
2159 4073 2175 4099 ,
2197 4048 2311 4085 cum
2341 4030 2571 4085 docueris
2598 4047 2678 4084 me
2700 4030 3090 4098 justiﬁcatioues
3116 4039 3249 4082 tuas.
3291 4027 3546 4082 Novimus

1961 4123 2407 4194 quemadmodum
2450 4121 2640 4177 doceat
2684 4137 2778 4178 eos
2822 4122 2962 4176 Deus
3003 4121 3092 4191 qui
3127 4129 3250 4174 sunt
3291 4120 3549 4176 docibiles

1962 4217 2092 4272 Deo.
2124 4215 2310 4276 Omnis
2338 4215 2478 4270 enim
2509 4213 2600 4284 qui
2626 4212 2825 4269 audivit
2851 4228 2878 4265 a
2908 4213 3063 4268 Patre
3086 4220 3137 4266 ct
3165 4210 3372 4274 didicit,
3404 4211 3550 4264 venit

1962 4306 2029 4362 ad
2055 4321 2177 4368 eum
2207 4305 2294 4377 qui
2329 4305 2586 4376 justiﬁcat
2619 4304 2836 4374 impium
2865 4301 3043 4375 (Joan.
3073 4318 3123 4357 vr
3149 4343 3162 4365 ,
3186 4302 3281 4371 45)
3313 4321 3324 4356 :
3357 4310 3414 4355 ut
3444 4317 3546 4354 nun

1963 4399 2136 4454 solum
2167 4398 2420 4454 memoria
2452 4397 2749 4462 retinendo,
2777 4412 2961 4452 verum
2989 4397 3150 4451 etiam
3182 4395 3422 4450 faciendo
3448 4411 3545 4448 cu-

1964 4489 2160 4546 stodiat
2179 4489 2591 4558 justilicatioues
2615 4487 2723 4542 Dei.
2747 4485 2834 4542 Sic
2858 4487 2999 4541 enim
3028 4487 3116 4556 qui
3145 4485 3422 4555 gloriatur,
3447 4501 3548 4539 nou

1966 4581 2017 4635 in
2063 4580 2271 4650 seipse,
2305 4579 2398 4636 sed
2448 4581 2500 4635 in
2559 4578 2782 4638 Domino
2834 4578 3090 4649 gloriatur
3115 4577 3160 4651 (ι
3186 4578 3304 4634 Cor.
3334 4593 3383 4644 ι,
3416 4578 3506 4650 51)
3532 4615 3548 4644 ,

1967 4675 2304 4752 hymnosque
2327 4684 2617 4728 eructatur.

2037 4771 2088 4822 4.
2125 4766 2272 4839 [υετε.
2304 4764 2450 4838 172.]
2482 4764 2584 4821 Sed
2606 4764 2715 4838 jam
2745 4765 2866 4834 quia
2897 4763 3078 4820 didicit
3108 4771 3162 4817 et
3192 4763 3422 4816 laudavit
3448 4761 3549 4814 do-

1965 4871 2167 4914 ctorem
2202 4859 2365 4914 Deum
2391 4899 2408 4924 ,
2430 4857 2622 4915 deinde
2653 4859 2764 4911 vult
2795 4857 3008 4912 ducere.
3045 4852 3394 4909 Pronuntiabit
3423 4894 3435 4911 .
3467 4853 3550 4906 in-

1967 4955 2118 5024 quit,
2149 4954 2324 5025 lingua
2351 4969 2462 5006 mea
2496 4951 2693 5020 eloquia
2721 4959 2825 5014 tua,
2853 4951 2973 5017 quia
3002 4947 3170 5002 omnia
3195 4943 3437 4999 mandatu
3466 4952 3552 4996 tua

1956 5048 2160 5121 justitia
2187 5048 2226 5099 ¹.
2255 5046 2389 5101 Cum
2421 5046 2537 5100 hmc
2565 5059 2624 5099 se
2672 5043 3130 5112 pronuntiaturum
3171 5038 3341 5102 dicit,
3371 5037 3552 5104 utique

1965 5139 2210 5194 minister
2240 5138 2300 5190 ﬁt
2321 5136 2490 5191 verbi.
2521 5136 2774 5204 Quamvis
2801 5134 2942 5188 enim
2971 5133 3110 5186 Deus
3137 5130 3326 5184 doceat
3356 5127 3518 5180 inti-iu
3537 5155 3550 5166 -

1965 5243 2140 5293 secus;
2176 5239 2348 5284 tamen
2379 5228 2514 5284 ﬁdes
2531 5244 2595 5282 ex
2621 5228 2800 5282 auditu
2829 5235 2939 5279 est:
2960 5235 3013 5277 et
3037 5219 3304 5292 quomodo
3329 5218 3554 5273 audiunt

1965 5308 2081 5378 sine
2111 5322 2430 5392 pnedicante
2454 5321 2627 5392 (Rom.
2661 5335 2724 5384 x,
2753 5318 2818 5372 17
2843 5357 2858 5378 .
2888 5315 3014 5384 14)?
3039 5313 3222 5382 Neque
3264 5311 3403 5365 enim
3427 5309 3550 5379 quia

1966 5411 2108 5468 Deus
2147 5412 2238 5465 dat
2285 5412 2666 5466 incrementum
2699 5407 2756 5480 (l
2795 5405 2912 5461 Cor.
2945 5421 3030 5472 ut,
3065 5402 3168 5474 7),
3197 5401 3317 5458 ideo
3343 5415 3448 5455 non
3472 5406 3554 5454 est

1966 5503 2311 5576 plantandum
2343 5510 2396 5557 et
2421 5502 2718 5571 rigandum.

2037 5598 2092 5654 5.
2117 5594 2265 5669 [vers.
2297 5596 2400 5651 175
2423 5635 2438 5660 ,
2472 5591 2618 5666 174.]
2645 5591 2755 5648 Scit
2775 5599 2950 5645 autem
2982 5604 3100 5659 qum
3140 5586 3369 5658 pericula
3397 5599 3552 5640 secu-

2033 5757 2047 5787 ¹
2076 5756 2147 5803 Sic
2169 5765 2230 5801 ex
2268 5750 2452 5812 aliquot
2494 5756 2598 5798 Mss.
2637 5749 2709 5797 sic
2730 5745 3194 5812 etiamsinbrosius
3224 5745 3276 5794 in
3299 5745 3400 5794 suis
3419 5752 3551 5794 (mn-

1967 5816 2214 5870 iucnlariis
2236 5814 2294 5865 ad
2318 5807 2502 5863 huncce
2536 5809 2842 5861 versiculttm.
2867 5807 3123 5871 [judtt‘t'rt.]
