4078 6472
523 337 660 405 1595

518 474 636 518 tura
667 464 770 518 sint
799 479 825 517 a
857 461 1342 518 contradicentibus
1378 470 1431 515 et
1476 461 1916 530 persequentibus
1941 499 1954 523 ,
1981 474 2104 514 cum

519 554 676 610 fuerit
724 556 1095 624 pronuntiator
1142 553 1478 622 eloquiorum
1531 551 1671 606 Dei:
1706 559 1922 620 propter
1969 548 2112 619 quod

517 647 761 716 adjuuxit
784 687 797 708 ,
827 646 950 700 Fiat
976 663 1156 700 manus
1197 654 1280 699 tua
1303 687 1318 709 ,
1343 655 1397 698 ut
1433 645 1627 699 salvum
1666 661 1745 697 me
1771 645 1925 713 faciat
1948 658 1966 707 ;
1992 643 2112 712 quia

518 737 759 790 mandata
804 748 888 790 tua
925 738 1069 807 elegi.
1099 736 1165 792 Ut
1212 753 1315 790 non
1360 737 1603 790 timerem
1628 775 1643 799 ,
1674 750 1772 790 nec
1800 735 1973 790 solum
2019 749 2113 789 cor

520 843 695 884 meum
721 837 926 884 teneret
949 830 987 893 ι,
1015 828 1109 882 sed
1132 829 1307 898 lingua
1329 828 1487 882 etiam
1515 825 1883 896 pronuntiaret
1902 824 2112 894 eloquia

521 926 630 979 tua;
663 919 902 973 mandata
929 928 1016 972 tua
1043 920 1190 989 elegi,
1221 918 1573 989 timoremque
1595 933 1778 973 amore
1794 917 2106 987 compressi.

524 1011 642 1066 Fiat
670 1026 796 1079 ergo
836 1026 1024 1066 manus
1051 1019 1136 1064 tua
1159 1051 1174 1076 ,
1201 1020 1257 1065 nt
1299 1011 1503 1065 salvum
1531 1025 1618 1065 me
1651 1009 1718 1064 de
1747 1025 1907 1064 manu
1952 1009 2111 1064 facias

521 1102 713 1156 aliena.
745 1099 833 1157 Sic
857 1113 1032 1157 autem
1056 1103 1196 1157 Dens
1216 1101 1392 1156 salvos
1422 1109 1683 1172 martyres
1710 1099 1854 1165 fecit,
1879 1115 2000 1155 eum
2019 1113 2112 1154 eos

521 1193 575 1248 in
603 1193 776 1246 anima
808 1208 910 1248 non
940 1194 1180 1263 permisit
1199 1193 1368 1248 occidi
1401 1211 1412 1247 :
1440 1208 1559 1246 nam
1577 1192 1868 1247 secundum
1896 1207 2111 1248 cartmm

521 1301 656 1339 vana
681 1285 825 1338 salus
853 1284 1081 1339 heroinis
1102 1283 1270 1355 (Psat.
1296 1301 1402 1349 th,
1428 1284 1729 1348 i5).Potest
1751 1293 1802 1337 et
1823 1283 1900 1338 sic
1919 1282 2111 1352 accipi,

523 1378 646 1433 Fiat
684 1395 863 1432 manus
889 1387 1009 1443 tua,
1039 1385 1095 1431 ut
1123 1391 1312 1431 manus
1345 1375 1435 1430 Dei
1466 1374 1710 1430 Christus
1744 1373 2108 1444 intelligatur;

517 1467 667 1538 juxta
696 1468 822 1523 illttd
857 1467 1021 1531 lsaize,
1045 1467 1109 1522 Et
1135 1467 1390 1521 brachium
1415 1465 1619 1520 Domini
1645 1466 1725 1519 cui
1750 1466 2016 1519 revelatum
2037 1475 2111 1519 est

523 1558 673 1628 (Isai.
706 1577 791 1614 uu
816 1602 830 1625 ,
863 1561 949 1630 i)?
971 1560 1083 1614 Non
1113 1560 1257 1614 enim
1283 1568 1398 1614 erat
1426 1558 1595 1612 factus
1625 1557 1958 1626 Unigenitns,
1986 1572 2110 1612 cum

522 1666 620 1720 per
648 1667 769 1706 eum
813 1652 948 1707 facta
971 1653 1080 1707 siut
1103 1652 1279 1705 omnia
1311 1650 1485 1721 (Joau.
1511 1666 1548 1713 ι.
1582 1649 1636 1720 5)
1666 1667 1682 1716 ;
1708 1651 1800 1706 sed
1833 1651 1998 1706 factus
2028 1657 2111 1705 est

520 1758 585 1796 ex
615 1744 817 1797 semine
846 1743 1012 1797 David
1034 1741 1212 1811 (Rom.
1237 1757 1292 1808 ι,
1321 1741 1376 1812 5)
1407 1782 1429 1806 ,ι
1449 1749 1506 1795 ιιι
1546 1749 1689 1796 esset
1726 1740 1882 1795 Jesus
1901 1783 1915 1805 ,
1947 1741 2000 1795 id
2029 1748 2120 1796 est

523 1832 787 1897 Salvator,
816 1835 904 1904 qui
929 1835 1036 1903 jam
1067 1843 1182 1889 erat
1209 1833 1450 1896 Creator.
1477 1831 1581 1890 Sed
1610 1849 1729 1887 cum
1758 1832 2016 1888 familiare
2041 1834 2112 1888 sit

521 1925 843 1993 Scriptum,
871 1925 994 1978 Fiat
1025 1942 1204 1979 manus
1232 1934 1317 1979 tua
1343 1941 1361 1988 ;
1405 1935 1459 1980 ct
1480 1966 1492 1987 ,
1525 1925 1683 1978 Facta
1703 1935 1774 1979 est
1796 1942 1976 1980 manus
2001 1925 2112 1980 Do-

522 2017 645 2069 mini
675 2016 882 2086 (Ezeclt.
913 2033 950 2080 ι,
975 2018 1026 2080 5,
1051 2019 1171 2085 etc.)
1199 2035 1210 2069 :
1239 2017 1414 2071 nescio
1437 2027 1611 2072 utrum
1631 2017 1797 2086 possit
1816 2018 1900 2072 hic
1918 2031 2110 2073 sensus

521 2108 574 2162 in
605 2110 683 2164 eis
711 2109 837 2163 locis
857 2109 1101 2164 omnibus
1129 2110 1377 2165 obtineri.
1400 2111 1538 2166 Sane
1574 2110 1660 2164 ubi
1695 2112 1936 2166 audimus
1966 2109 2121 2183 quod.

521 2200 782 2268 sequitur,
815 2199 1091 2270 Concupivi
1114 2201 1340 2256 salutare
1366 2211 1526 2267 tuum,
1555 2200 1792 2266 Domine;
1817 2205 1975 2258 etiam
2009 2219 2109 2257 ιιο-

521 2291 749 2346 lentibus
779 2294 1024 2348 omnibus
1049 2294 1296 2360 inimicis,
1319 2296 1550 2349 salutare
1580 2297 1669 2350 Dei
1695 2297 1847 2352 nobis
1866 2297 2109 2352 Christus

519 2396 786 2440 occurrat:
804 2386 974 2456 ipsum
998 2401 1055 2441 se
1075 2387 1389 2457 concupisse
1406 2387 1530 2457 justi
1549 2389 1749 2458 antiqui
1773 2389 2111 2448 voracissima

519 2479 843 2531 conlitcntur
867 2519 881 2545 ,
913 2479 1082 2548 ipsqu
1124 2480 1427 2549 concupivit
1457 2481 1690 2535 Ecclesia
1731 2491 2012 2537 venturum
2039 2483 2108 2541 de

519 2569 816 2623 \isreribus
846 2572 1050 2636 matris,
1085 2572 1256 2640 ipsum
1285 2573 1616 2641 concupiscit
1645 2573 1882 2629 Ecclesia
1914 2583 2117 2630 ventu-.

516 2675 635 2716 rum
665 2679 690 2713 a
719 2662 939 2716 dextera
968 2663 1158 2717 Patris.
1181 2662 1528 2733 Subjtmgitur
1547 2673 1720 2718 autem
1750 2664 1873 2718 huic
1893 2676 2111 2719 senten-

521 2754 637 2820 tiae,
675 2753 730 2807 Et
759 2755 841 2808 lea:
878 2765 963 2807 tua
993 2755 1250 2808 meditatio
1289 2771 1398 2809 mea
1426 2764 1498 2810 est
1531 2772 1548 2809 :
1581 2756 1702 2827 quia
1745 2756 1830 2811 lex
1865 2757 2110 2826 perhibet

520 2846 880 2901 testimonium
907 2845 1138 2900 Christo.

590 2937 643 2990 6.
687 2939 836 3006 [rem
871 2935 1016 3008 175.]
1055 2936 1158 2993 Sed
1188 2937 1238 2991 in
1269 2935 1367 2991 hac
1390 2936 1510 3003 fido,
1535 2953 1655 2992 cum
1683 2937 1845 2993 corde
1875 2938 2110 2994 creditur

491 3025 585 3078 'ad
638 3025 914 3092 justitiam,
971 3041 1066 3082 ore
1117 3037 1294 3082 autem
1335 3026 1600 3082 confessio
1657 3027 1716 3082 fit
1762 3028 1829 3083 ad
1884 3031 2108 3085 salutem

520 3118 696 3190 (Rom.
745 3135 802 3181 χ.
851 3119 975 3189 10);
1022 3120 1251 3175 fremant
1295 3130 1502 3189 gentes,
1560 3120 1740 3189 populi
1784 3123 2110 3178 meditentur

519 3211 695 3266 inania
721 3209 893 3280 (I’sat.
918 3227 974 3278 ιι,
1006 3211 1086 3281 i),
1111 3212 1385 3267 occidatur
1412 3221 1559 3266 certe
1603 3227 1728 3270 caro
1756 3213 1882 3267 dum
1913 3214 2108 3282 praedio

520 3312 607 3356 cat
639 3310 689 3357 te
715 3321 726 3355 :
771 3302 906 3357 Vivet
945 3303 1115 3356 anima
1155 3319 1284 3368 mea,
1316 3314 1363 3357 et
1389 3303 1614 3358 laudabit
1641 3313 1707 3366 te,
1737 3313 1783 3357 et
1797 3305 1996 3374 judicia
2023 3317 2110 3360 tua

520 3395 831 3466 adiuvabunt
858 3413 953 3449 me.
985 3395 1189 3451 Judicia
1234 3397 1429 3466 quippe
1459 3397 1545 3451 illa
1583 3405 1725 3462 sunt,
1753 3413 1872 3468 qua:
1900 3406 2109 3468 tempus

519 3495 636 3540 erat
662 3497 717 3541 ut
748 3489 1044 3557 inciperent
1071 3505 1100 3544 a
1127 3490 1287 3543 domo
1312 3489 1515 3543 Domini
1538 3489 1578 3560 (Ι
1603 3489 1740 3544 Petr.
1764 3507 1837 3556 tv,
1866 3493 1971 3564 Π).
1999 3491 2108 3548 Sed

519 3580 830 3650 adjuvabunt
866 3598 963 3640 me.
998 3581 1186 3652 inquit.
1229 3583 1291 3635 Et
1333 3583 1450 3652 quis
1499 3597 1600 3637 non
1642 3582 1816 3638 videat
1853 3593 2108 3654 quantum

519 3673 781 3742 adjuvcrit
809 3674 1104 3730 Ecclesiam
1131 3675 1344 3746 sanguis
1379 3674 1672 3730 Ecclesiae?
1697 3684 1892 3746 quanta
1925 3692 1990 3732 ex
2019 3677 2108 3732 illa

520 3777 758 3821 semente
788 3782 940 3838 seges
966 3777 1080 3821 toto
1107 3768 1237 3823 orbe
1261 3768 1580 3823 surrexerit?

592 3861 642 3914 7.
689 3860 838 3932 [vei-3.
871 3860 1020 3932 “6.)
1061 3860 1355 3914 Novissime
1380 3875 1597 3929 prorsus
1621 3864 1792 3929 aperit
1816 3876 1893 3925 se,
1919 3870 1974 3916 et
1990 3877 2108 3932 qua:

519 3967 748 4021 persona
795 3969 888 4023 per
940 3962 1107 4006 totum
1157 3953 1424 4007 Psalmqu
1477 3953 1812 4021 loquebatur,
1853 3953 2107 4009 ostendit.

521 4043 725 4110 Erravi,
760 4044 948 4113 inquit,
980 4045 1110 4096 sicut
1144 4045 1248 4097 ovis
1276 4043 1470 4113 perdita
1492 4061 1506 4107 ;
1529 4061 1696 4114 qua-rc
1720 4060 1914 4097 servum
1941 4053 2104 4112 tuum,

520 4136 638 4204 quia
674 4135 912 4188 mandata
940 4144 1025 4188 tua
1065 4152 1164 4189 non
1191 4152 1302 4189 sum
1343 4135 1544 4188 oblitus.
1595 4135 1849 4190 Nonnulli
1892 4136 2109 4191 codices

522 4243 627 4281 non
668 4227 864 4281 habent
906 4243 1092 4296 qurere,
1141 4228 1233 4281 sed
1274 4228 1487 4294 vivi/ica.
1523 4227 1634 4282 Una
1664 4228 1858 4297 quippe
1906 4227 2107 4298 syllaba

522 4319 764 4385 interest,
789 4335 890 4388 qua
913 4322 1049 4372 inter
1069 4334 1126 4374 se
1148 4321 1196 4372 ia
1221 4334 1392 4389 grteco
1409 4318 1608 4372 distant
1631 4325 1770 4385 ζῆσον
1795 4327 1849 4373 et
1874 4325 2104 4385 ξήτητονε

521 4410 663 4464 unde
710 4420 762 4464 et
808 4411 904 4480 ipsi
954 4410 1164 4465 codices
1203 4411 1362 4479 δι’ωοί
1410 4411 1638 4464 variant.
1685 4409 1789 4466 Sed
1834 4411 2110 4480 quodlibet

523 4501 712 4554 horum
751 4502 839 4566 sit,
884 4501 997 4556 ovis
1020 4501 1220 4571 perdita
1252 4511 1538 4571 quaeratur,
1569 4501 1684 4554 ovis
1708 4501 1912 4569 perdita
1936 4501 2110 4555 vivifi-

521 4599 692 4657 cotur,
724 4602 939 4662 prepter
968 4609 1123 4663 quam
1152 4603 1331 4663 pastor
1351 4593 1465 4662 ejus
1496 4593 1780 4662 nonaginta
1811 4609 1999 4648 novem
2024 4595 2106 4649 di-

521 4682 664 4736 misit
692 4683 742 4736 in
785 4682 1066 4748 montibus,
1100 4693 1152 4736 et
1175 4698 1290 4738 eam
1319 4697 1565 4752 qumreus
1596 4681 2103 4756 (litottlt.xvut,12),

519 4772 753 4829 Judaicis
783 4773 1042 4829 laceratus
1066 4781 1149 4829 est
1177 4773 1447 4843 vepribus.
1487 4772 1592 4828 Sed
1619 4773 1795 4829 adhuc
1823 4775 2102 4845 quatritur,

520 4865 697 4919 adhuc
731 4873 1020 4935 qumratur,
1063 4879 1128 4919 ex
1172 4874 1320 4934 parte
1362 4864 1574 4918 iuventa
1618 4864 1790 4919 adhuc
1815 4874 2103 4935 qumratur.

519 4954 599 5010 Ex
627 4971 686 5010 ea
720 4971 949 5026 namque
979 4966 1148 5025 parte,
1180 4971 1280 5025 qua
1311 4955 1439 5009 dicit
1462 4955 1582 5020 iste,
1612 4955 1861 5009 Mandata
1891 4965 1978 5009 tua
2006 4974 2106 5011 non

520 5063 631 5100 sum
657 5047 861 5112 oblitus,
893 5046 1104 5100 iuventa
1135 5055 1243 5111 est;
1270 5045 1365 5100 sed
1396 5059 1490 5115 per
1515 5059 1608 5100 eos
1627 5047 1717 5116 qui
1741 5047 1986 5103 mandata
2015 5049 2106 5103 Dei

517 5138 744 5206 eligunt,
783 5138 1036 5207 colligunt
1057 5139 1096 5202 ',
1125 5136 1367 5206 diligunt,
1412 5137 1583 5192 adhuc
1609 5139 1884 5207 qu:eritnr.
1931 5147 1985 5194 et
2013 5155 2108 5210 per

518 5231 600 5285 sui
653 5230 880 5299 pastoris
915 5230 1226 5300 sanguinem
1273 5228 1446 5284 fusmn
1491 5238 1647 5299 atque
1689 5228 2012 5300 dispersum,
2054 5231 2105 5287 ia

521 5323 770 5377 omnibus
799 5322 1042 5392 gentibus
1073 5322 1359 5376 invenitur.

589 5417 643 5472 8.
683 5416 755 5472 Ut
781 5415 948 5485 potui,
975 5424 1227 5485 quantum
1251 5431 1278 5468 a
1312 5414 1533 5468 Domino
1563 5413 1779 5482 adjutus
1800 5427 1939 5479 sum,
1965 5414 2104 5483 psal-

518 5522 663 5562 tmuu
710 5507 866 5560 istum
915 5521 1161 5576 magnum
1207 5506 1518 5575 pet-tractavi
1563 5514 1616 5560 et
1669 5506 1908 5574 exposui.
1953 5505 2104 5574 Quod

585 5623 600 5651 ¹
629 5625 700 5670 Sic
726 5631 806 5670 Am
855 5629 907 5671 et
931 5629 1035 5670 Mss.
1063 5623 1101 5685 si
1130 5635 1304 5684 paucos
1330 5623 1559 5685 excutias,
1597 5623 1679 5684 qui
1705 5623 1903 5685 habent,
1929 5634 2014 5671 nec
2033 5636 2105 5672 so-

516 5681 620 5732 lum
643 5697 724 5732 cor
748 5697 906 5732 nteant
923 5697 1015 5733 non.
1038 5681 1240 5734 timeret.
1267 5692 1319 5732 At
1338 5690 1408 5732 Er.
1439 5681 1491 5734 et
1506 5681 1632 5742 lota,
1660 5697 1746 5733 nec
1763 5683 1914 5735 solum
1939 5695 1997 5735 ne
2019 5697 2104 5735 cor

515 5757 675 5794 meum
698 5744 900 5794 timeret.

581 5809 600 5838 ²
626 5815 645 5854 ι
663 5807 853 5868 erlutm,
877 5807 1118 5873 colligunt,
1145 5808 1282 5857 abest
1307 5821 1332 5856 a
1358 5821 1370 5871 ι
1392 5807 1574 5856 itu-ibus
1593 5815 1697 5859 itss.

1763 343 1820 396 S.
1863 337 2227 396 AUGUSTINI
2269 341 2571 398 EPISCOPI

3659 351 3798 410 i590

2219 460 2456 530 profecto
2497 461 2688 519 melius
2728 463 3077 534 sapientiores
3118 470 3491 550 doctioresque
3529 481 3788 552 fecerunt,

2218 550 2331 605 sive
2357 551 2543 607 facturi
2571 563 2730 620 sunt;
2762 571 2861 612 nec
2889 558 3011 615 ideo
3046 570 3222 620 tamen
3249 567 3298 622 ei
3335 582 3577 630 nostrum
3606 550 3796 635 deesse

2217 641 2398 735 debuit
2441 644 2813 713 ministerium,
2863 652 3093 709 maxime
3122 655 3172 710 id
3212 657 3280 714 de
3323 676 3409 717 me
3439 663 3795 735 ﬂagitantibus

2219 731 2492 830 fratribus,
2522 738 2708 830 quibus
2734 756 2851 795 sum
2893 743 3102 801 debitor
3136 749 3292 820 hujus
3317 731 3674 830 officii.Quod
3705 780 3796 821 au-

2217 831 2333 927 tem.
2354 826 2420 880 de
2447 827 2731 927 alphabeto
2762 830 2995 927 hebrzeo,
3033 838 3122 892 ubi
3158 845 3334 898 octoni
3363 826 3799 927 versus'singulis

2209 914 2494 1017 'subjacent
2513 919 2724 986 litteris,
2755 933 2914 995 atque
2935 925 3004 982 ita
3029 928 3271 989 Psalmus
3303 945 3443 995 totus
3469 914 3796 1017 contexitur,

2215 1007 2348 1108 nihil
2389 1011 2519 1077 dixi,
2563 1027 2666 1108 non
2715 1015 2786 1071 sit
2818 1019 3032 1087 mirum,
3081 1027 3328 1094 quoniam
3370 1031 3500 1088 nihil
3542 1039 3683 1108 quod
3729 1007 3798 1098 ad

2216 1100 2373 1156 istum
2405 1107 2616 1175 proprie
2651 1109 2941 1176 pertineret
2980 1114 3157 1171 inveni
3185 1137 3198 1174 :
3230 1136 3335 1176 non
3365 1127 3504 1181 enim
3531 1100 3676 1186 solus
3703 1132 3800 1188 ba-

2329 1193 2423 1252 bas
2450 1196 2673 1258 litteras.
2708 1199 2841 1256 Illud
2871 1218 3000 1261 sane
3027 1208 3197 1265 sciant
3225 1213 3314 1283 qui
3341 1213 3442 1271 hoc
3468 1217 3519 1273 in
3544 1237 3714 1292 grteca
3746 1236 3803 1281 et

2216 1284 2378 1340 latina
2406 1289 2687 1359 scriptura,
2715 1295 2964 1362 quoniam
2997 1313 3100 1354 non
3132 1301 3240 1358 illic
3278 1284 3572 1364 servatum.
3587 1322 3689 1380 est,
3719 1316 3802 1368 itt-

2213 1391 2397 1436 ventre
2426 1393 2531 1434 non
2559 1393 2798 1452 possunt,
2830 1400 3018 1444 omnes
3043 1400 3265 1449 octonos
3287 1411 3472 1453 versus
3501 1400 3551 1455 in
3588 1401 3805 1461 hebrai-

2213 1466 2291 1520 cis
2317 1469 2589 1526 codicibus
2614 1473 2682 1527 ab
2703 1488 2763 1528 ea
2795 1491 2916 1546 quas
2943 1479 3047 1534 illis
3073 1486 3416 1554 praeponitur,
3455 1489 3630 1547 littera
3661 1496 3803 1550 inci-

2213 1573 2375 1654 pere;
2419 1563 2554 1617 sicut
2583 1566 2736 1621 nobis
2765 1567 2833 1622 ab
2873 1570 2952 1625 eis
2978 1573 3069 1642 qui
3100 1575 3215 1630 illas
3259 1592 3524 1638 noverunt
3569 1585 3799 1654 litteras,

2213 1650 2502 1708 indicatum
2548 1664 2649 1710 est.
2695 1656 2848 1725 Quod
2897 1664 3065 1719 multo
3108 1666 3414 1738 diligentius
3454 1673 3648 1731 factum
3689 1650 3800 1748 est,

2213 1755 2384 1810 quam.
2413 1745 2581 1802 nostri
2610 1748 2883 1818 veitatine
2927 1754 3012 1812 vel
3052 1758 3265 1827 punice,
3292 1777 3427 1831 quos
3455 1745 3805 1827 abecedarios

2213 1845 2405 1891 vocant
2457 1839 2724 1908 psalmos,
2785 1842 2961 1901 facere
3013 1862 3428 1910 consueverunt.
3481 1857 3596 1914 Non
3655 1864 3803 1919 enim

2213 1941 2398 1982 omnes
2442 1944 2625 1985 versus
2664 1932 2834 1990 donec
2873 1938 3151 1995 claudatur
3191 1945 3460 2016 periodus,
3509 1951 3605 2006 sed
3655 1956 3806 2010 solos

2209 2019 2414 2089 primos
2442 2021 2511 2077 ab
2533 2023 2721 2081 eadem
2748 2025 2921 2084 littera
2951 2031 3232 2109 incipiunt,
3272 2054 3428 2108 quam
3461 2056 3802 2114 przeponunt.

2219 2154 3806 2316 ᾖ

2815 2358 3236 2421 ENARRATIO.

2763 2491 2934 2534 SERMO
2960 2497 3027 2536 AD
3056 2497 3277 2548 Ριειιειι.

2286 2585 2336 2638 1.
2380 2584 2530 2659 [ιιρνε.
2573 2587 2649 2662 1.]
2691 2589 2873 2646 Brevis
2916 2592 3156 2651 Psaltnus
3194 2606 3296 2663 est,
3349 2610 3402 2654 et
3434 2601 3586 2658 valde
3627 2606 3800 2674 utilis,

2213 2690 2369 2746 quem
2401 2679 2558 2734 modo
2587 2681 2738 2736 nobis
2782 2693 3050 2740 cantatum
3091 2687 3408 2757 audivimus,
3449 2703 3501 2748 et
3527 2697 3804 2753 cantando

2213 2771 2608 2838 respondimus.
2656 2773 2768 2828 Non
2800 2774 2890 2829 ditt
2936 2777 3242 2834 laborabitis
3283 2781 3334 2836 in
3381 2784 3669 2852 audiendo,
3703 2804 3805 2844 nec

2215 2860 2543 2917 infructuose
2571 2863 2879 2921 laborabitis
2907 2867 2957 2921 in
2988 2870 3278 2938 operando.
3330 2872 3424 2928 Est
3467 2875 3630 2942 enim,
3664 2878 3806 2933 sicut

2214 2953 2328 3020 ejus
2369 2953 2555 3009 titulus
2601 2965 2948 3024 prmnotatur,
2993 2957 3254 3014 Canticum
3298 2963 3569 3032 graduum.
3613 2967 3804 3025 (ἳνα-ω

2213 3044 2468 3115 scriptum
2509 3055 2611 3112 est,
2651 3049 2948 3116 ἀναδαθμῶη.
2989 3049 3198 3106 Gradus
3233 3054 3317 3109 vel
3355 3055 3802 3116 descendentium

2215 3144 2339 3190 sunt
2361 3137 2441 3191 vel
2483 3137 2884 3193 ascendentium
2919 3158 2934 3195 :
2975 3141 3069 3196 sed
3100 3143 3296 3213 gradus
3333 3149 3598 3215 quomodo
3629 3149 3681 3204 in
3715 3151 3802 3208 his

2211 3227 2436 3299 psalmis
2465 3229 2617 3298 positi
2649 3238 2792 3296 sunt,
2816 3231 3167 3289 ascendentes
3188 3235 3502 3305 significant.
3532 3237 3804 3312 Iutelliga-

2213 3333 2336 3374 mus
2365 3334 2492 3391 ergo
2528 3329 2777 3390 tanquam
2813 3323 3086 3377 ascensuri
3113 3341 3126 3377 :
3156 3341 3255 3380 nec
3281 3328 3621 3385 ascensiones
3649 3332 3804 3401 pedi-

2215 3410 2315 3465 bus
2341 3412 2710 3482 corporalibus
2736 3430 3056 3484 qumrantus,
3087 3417 3180 3472 sed
3208 3417 3346 3474 sicut
3374 3420 3424 3474 in
3460 3421 3562 3476 alio
3591 3424 3804 3492 psalmo

2215 3503 2469 3573 scriptum
2510 3514 2612 3571 est,
2648 3523 2667 3556 ι
2697 3507 3053 3562 Ascensioncs
3092 3508 3142 3563 in
3178 3509 3339 3565 corde
3367 3511 3482 3582 ejus
3513 3512 3801 3583 disposuit,

2215 3595 2265 3648 in
2307 3597 2545 3651 convalle
2592 3597 2923 3667 ploratiouis,
2972 3599 3026 3653 in
3065 3601 3240 3655 locum
3280 3618 3437 3673 quem
3477 3605 3740 3676 disposuit
3779 3627 3797 3660 ι

2214 3686 2386 3758 (Psat.
2416 3704 2640 3750 Lxxxut.
2671 3689 2703 3743 6
2733 3699 2777 3744 et
2808 3691 2885 3760 7).
2916 3691 3053 3746 Dixit
3088 3712 3107 3744 ‹
3129 3695 3496 3761 ascensioncs;
3527 3717 3547 3749 ι
3581 3697 3712 3751 ubi?
3745 3698 3804 3753 Id

2213 3788 2316 3845 est,
2351 3799 2368 3830 ι
2401 3779 2452 3833 in
2476 3779 2656 3834 corde.
2689 3800 2708 3832 ι
2731 3779 2982 3837 υιιάθὶννΛ
3006 3801 3024 3833 ‹
3053 3784 3294 3838 convalle
3326 3786 3654 3854 ploratiouis.
3689 3805 3708 3838 ›
3734 3788 3805 3844 Et

2209 3870 2318 3941 jam
2343 3887 2451 3942 quo
2477 3872 2817 3939 ascendatur,
2841 3883 3091 3944 tanquam
3111 3875 3290 3933 deficit
3311 3894 3487 3933 sermo
3511 3879 3800 3950 humanus,

2213 3979 2314 4018 nec
2362 3965 2614 4034 explicari
2668 3973 2879 4035 potest,
2931 3966 3069 4020 forte
3117 3984 3215 4023 nec
3263 3971 3505 4040 cogitari.
3558 3971 3804 4030 Audistis

2213 4058 2397 4124 modo,
2428 4072 2547 4110 cum
2577 4058 2865 4127 Apostolus
2907 4057 3196 4128 legeretur,
3236 4079 3254 4112 ‹
3283 4060 3433 4129 Quod
3473 4063 3663 4117 oculus
3693 4080 3804 4120 non

2212 4146 2364 4212 vidit,
2389 4163 2487 4201 nec
2510 4148 2654 4201 auris
2685 4148 2905 4212 audivit,
2931 4165 3028 4204 nec
3054 4150 3106 4204 in
3135 4166 3228 4205 cor
3257 4151 3486 4207 hominis
3507 4155 3752 4210 ascendit
3772 4175 3791 4209 ι

2214 4239 2257 4310 (l
2281 4237 2481 4305 Cor.'u,
2511 4238 2588 4311 9).
2619 4259 2636 4292 t
2667 4240 2720 4294 In
2743 4255 2834 4294 cor
2857 4240 3085 4297 hominis
3107 4259 3210 4298 non
3238 4245 3505 4310 ascendit;
3534 4264 3552 4297 ι
3582 4262 3679 4302 cor
3705 4247 3804 4304 hoc

2213 4333 2372 4388 minis
2413 4333 2536 4388 illuc
2575 4333 2847 4388 ascendat.
2893 4334 3032 4405 Ergo
3061 4336 3182 4410 quia
3219 4355 3237 4388 ι
3267 4338 3454 4392 oculus
3497 4355 3602 4394 non
3644 4341 3802 4410 vidit,

2213 4437 2312 4477 nec
2334 4425 2477 4477 auris
2502 4423 2722 4491 audivit,
2748 4440 2848 4481 nec
2873 4425 2923 4478 in
2951 4440 3043 4480 cor
3063 4425 3292 4482 hominis
3315 4428 3586 4496 ascendit;
3613 4450 3633 4483 ι
3668 4447 3806 4502 quo-

2214 4512 2374 4567 tnodo
2419 4514 2523 4568 dici
2554 4523 2735 4584 posset
2767 4530 2872 4585 quo
2907 4516 3299 4572 aseendendum
3347 4521 3464 4575 est?
3507 4520 3630 4576 Ideo
3677 4537 3802 4577 cum

2213 4607 2318 4663 dici
2359 4623 2466 4663 non
2494 4617 2695 4677 posset,
2741 4608 2834 4673 ait,
2876 4607 2940 4662 In
2977 4607 3143 4662 locum
3178 4627 3323 4682 quem
3361 4611 3631 4681 disposuit.
3663 4613 3802 4680 Quid

2216 4699 2307 4755 tibi
2349 4699 2466 4770 plus
2493 4690 2908 4765 dicturus'sum,
2938 4699 3012 4754 ait
3049 4699 3211 4754 homo
3253 4716 3346 4771 per
3374 4717 3529 4772 quem
3569 4702 3806 4772 Spiritus

2213 4798 2428 4844 sanctus
2489 4787 2836 4859 loquebatur?
2891 4787 2944 4844 in
3004 4789 3180 4844 locum
3237 4791 3416 4856 talem,
3476 4801 3569 4846 aut
3618 4792 3800 4848 locum

2215 4883 2409 4939 talem?
2450 4881 2716 4951 Quidquid
2759 4880 2967 4950 dixero,
3020 4892 3290 4938 terrenum
3342 4885 3563 4956 cogitas,
3615 4885 3801 4940 Ιιιιιιιίι

2212 4975 2374 5045 repis,
2421 4989 2633 5028 carnem
2662 4982 2843 5044 portas
2873 4992 2886 5029 :
2917 4987 3112 5044 corpus
3141 4974 3280 5046 quod
3319 4979 3678 5048 corrumpitur
3706 4995 3804 5052 ag-

2211 5079 2395 5140 gravat
2424 5068 2681 5134 animam,
2726 5075 2779 5122 et
2804 5067 3053 5136 deprimit
3091 5077 3302 5124 terrena
3332 5068 3646 5126 inhabitatio
3671 5087 3803 5128 sen-

2212 5177 2330 5217 sum
2358 5160 2518 5214 multa
2546 5159 2866 5230 cogitantem
2892 5157 3045 5230 (Sap.
3070 5174 3148 5225 ix,
3174 5159 3287 5230 15).
3314 5160 3406 5214 Cui
3431 5161 3659 5231 loquar?
3680 5165 3808 5234 quis

2211 5254 2488 5309 auditurus
2517 5253 2638 5308 est?
2682 5252 2803 5323 quis
2833 5252 3008 5322 capiet
3033 5252 3122 5307 ubi
3166 5252 3368 5308 erimus
3396 5263 3516 5324 post
3545 5254 3689 5311 hanc
3720 5258 3805 5312 v-i-

2213 5358 2340 5415 tam,
2385 5348 2427 5402 si
2471 5347 2522 5401 in
2569 5346 2730 5401 corde
2778 5345 3216 5401 ascenderimus?
3258 5346 3387 5415 Quia
3440 5363 3568 5418 ergo
3616 5363 3801 5416 nemo,

2211 5443 2403 5514 Spera'
2435 5441 2660 5510 aliquem
2690 5438 3008 5494 ineffabilem
3045 5438 3385 5494 beatitudinis
3412 5438 3612 5507 locum,
3639 5458 3804 5513 quem

2275 5619 2290 5650 ¹
2316 5624 2412 5665 Am.
2441 5621 2492 5664 et
2515 5620 2606 5672 Ern,
2635 5613 2794 5662 limite.
2821 5619 2874 5663 Et
2889 5614 2958 5663 sic
2980 5619 3085 5661 Mss.
3109 5619 3406 5662 constanter.

2273 5683 2292 5711 ¹
2320 5678 2448 5727 Fdd.:
2478 5675 2598 5737 Quia
2633 5689 2746 5737 ergo
2767 5688 2905 5725 nemo
2926 5682 3105 5736 sperat.
3146 5675 3506 5737 (bristiuiensis
3549 5681 3654 5726 lls.:
3683 5684 3808 5734 (una

2210 5754 2324 5803 ergo
2345 5729 2649 5800 uemo‘potkst
2667 5729 2847 5803 dicere,
2873 5729 3032 5800 spera.
3061 5746 3154 5787 etc.
3173 5737 3266 5803 Sed
3292 5735 3560 5798 legendum
3585 5729 3800 5788 videtur:

2213 5799 2329 5866 Quia
2352 5815 2464 5866 ergo
2487 5799 2639 5863 nemo,
2659 5799 2871 5864 (supple,
2898 5799 3068 5864 rapere
3091 5801 3262 5863 potest)
3283 5810 3442 5849 were.
