4074 6470
287 365 314 422 1
325 361 430 422 597

285 479 380 533 tibi
395 480 410 510 ³
435 473 698 545 disposuit
720 473 808 545 qui
829 473 1170 528 ascensiones
1193 472 1428 528 etiamin
1451 474 1614 528 corde
1639 483 1731 526 tuo
1756 473 1866 528 dis-

284 568 484 640 posuit.
549 565 652 622 Sed
697 565 824 620 ubi?
863 562 932 618 In
971 563 1201 618 convalle
1241 563 1555 634 plorationis.
1599 561 1864 619 Com'allis

283 661 638 718 humilitatem
666 657 958 728 signiﬁcat;
992 671 1146 712 mons
1171 656 1542 710 celsitudinem
1581 654 1862 725 significat.

285 752 379 807 Est
409 765 568 804 mons
595 765 702 820 quo
726 748 1097 812 ascendamus,
1127 747 1417 817 Spiritualis
1443 747 1684 818 quatdam
1709 745 1866 801 celsis-

283 844 432 898 tudo.
473 843 542 898 Et
581 843 700 912 quis
743 849 826 896 est
869 843 967 895 iste
1011 854 1164 894 mons
1203 855 1312 910 quo
1355 839 1716 905 ascendimus,
1763 840 1862 894 nis:

283 934 544 990 Dominus
589 931 748 988 Jesus
781 930 1064 986 Christus?
1109 929 1228 1000 Ipse
1273 932 1364 986 tibi
1407 931 1552 996 iecit,
1592 930 1863 1001 patiendo,

280 1025 582 1082 convallem
609 1023 939 1095 plorationis,
973 1023 1062 1093 qui
1103 1022 1250 1089 fecit,
1297 1023 1584 1086 manendo,
1627 1032 1862 1077 montem

281 1117 632 1174 ascensionis.
659 1115 794 1182 Quid
829 1125 912 1170 est
933 1116 1086 1170 vallis
1115 1114 1468 1185 plorationis?
1507 1114 1722 1168 Verbum
1746 1131 1864 1168 caro

277 1203 470 1274 factum
485 1212 578 1268 est,
601 1213 648 1258 ct
674 1201 915 1256 habitavit
953 1202 1006 1256 in
1047 1200 1211 1254 nobis.
1239 1197 1372 1268 Quid
1399 1205 1480 1254 est
1508 1198 1660 1253 vallis
1689 1200 1868 1268 plora-

278 1295 474 1352 tionis?
505 1293 728 1348 Praebuit
759 1293 1052 1362 percutienti
1079 1307 1134 1344 se
1159 1289 1458 1354 maxillam;
1499 1301 1754 1344 saturatas
1793 1299 1868 1344 est

277 1387 566 1460 approbriis
593 1386 806 1460 (Tltren.
839 1399 918 1452 nt,
941 1383 1053 1455 50).
1077 1382 1212 1449 Quid
1235 1391 1318 1437 est
1341 1382 1494 1436 vallis
1512 1380 1866 1451 plorationis?

277 1478 654 1550 Colaphizatus
693 1487 795 1543 est,
841 1475 1010 1546 sputis
1055 1474 1295 1539 illinitus,
1347 1472 1516 1541 spinis
1555 1479 1863 1538 coronatus,

279 1573 568 1628 cruciﬁxus
607 1580 710 1626 est.
759 1569 884 1624 Hice
930 1575 1014 1622 est
1055 1565 1207 1620 vallis
1253 1563 1562 1634 plorationis
1593 1563 1732 1620 unde
1772 1563 1865 1616 tibi

279 1663 676 1728 ascendendum
707 1670 807 1718 est.
839 1661 944 1717 Sed
970 1661 1020 1714 in
1047 1673 1154 1728 quo
1193 1657 1585 1713 ascendendum
1631 1655 1750 1711 est?
1801 1655 1867 1710 lu

283 1755 538 1830 principio
569 1765 676 1812 erat
717 1752 949 1814 Verbum,
975 1762 1021 1804 et
1057 1749 1270 1804 Verbum
1309 1757 1414 1802 erat
1439 1747 1576 1816 apud
1607 1745 1785 1809 Deum,
1817 1755 1866 1800 et

281 1847 422 1904 Dens
469 1857 578 1902 erat
629 1845 866 1900 Verbum.
901 1843 1076 1911 lpsutn
1103 1841 1246 1896 enim
1289 1839 1504 1892 Verbum
1533 1853 1650 1890 caro
1676 1839 1866 1904 factum

285 1951 380 2008 est,
411 1953 460 1996 et
487 1941 726 1996 habitarit
753 1941 807 1995 in
829 1941 970 1995 nobis
991 1941 1172 2010 (Joan.
1196 1953 1233 2006 ι,
1263 1940 1314 1998 1.
1343 1939 1455 2008 id).
1479 1937 1568 1993 Sic
1591 1935 1867 1992 descendit

286 2033 354 2088 ad
385 2041 458 2098 te,
511 2041 568 2086 ut
609 2042 846 2088 maneret
875 2032 930 2085 in
973 2046 1034 2086 se
1063 2049 1076 2084 :
1104 2029 1382 2084 descendit
1425 2027 1491 2082 ad
1521 2037 1593 2094 te,
1635 2036 1690 2082 ut
1715 2025 1865 2084 ﬁeret

287 2123 382 2178 tibi
427 2123 684 2178 convallis
715 2122 1061 2192 plorationis;
1095 2121 1288 2174 mansit
1316 2120 1366 2172 in
1398 2133 1476 2184 se,
1503 2127 1560 2173 ut
1601 2128 1744 2174 esset
1773 2119 1866 2174 tibi

287 2227 444 2268 mons
471 2213 819 2268 ascensionis.
865 2210 998 2278 Erit,
1043 2211 1210 2280 inquit
1267 2210 1448 2273 Isaias,
1496 2211 1546 2262 in
1588 2209 1868 2264 nouissimi:

287 2305 464 2359 diebus
497 2305 792 2372 manifestus
823 2303 998 2356 mons'
1028 2301 1252 2365 Domini,
1284 2309 1492 2370 paratus
1531 2300 1584 2354 in
1612 2299 1870 2352 cacumine

285 2395 535 2450 montium
563 2395 711 2466 (lsai.
739 2409 798 2460 ιι,
827 2393 905 2464 2).
931 2393 1070 2448 Ecce
1089 2407 1194 2462 quo
1216 2390 1609 2446 ascendendum
1633 2399 1736 2444 est.
1761 2389 1866 2444 Sed

285 2487 396 2541 noli
423 2486 622 2556 aliquid
645 2493 914 2541 terrenum
941 2483 1198 2553 cogitare,
1228 2497 1328 2538 nec
1355 2483 1475 2551 quia
1510 2491 1745 2536 montem
1774 2497 1870 2536 au-

283 2577 434 2642 disti,
459 2578 565 2633 alta
587 2577 830 2648 qumdam
849 2576 1051 2647 cogites
1075 2585 1230 2629 terra:
1255 2591 1271 2628 :
1298 2589 1398 2630 nec
1419 2589 1540 2629 cum
1563 2589 1748 2629 saxum
1774 2589 1868 2629 au-

282 2669 496 2726 dis-aut
533 2679 760 2741 petram,
789 2669 983 2724 duritia
1036 2683 1065 2722 a
1107 2675 1159 2722 te
1197 2667 1549 2738 intelligatur;
1600 2682 1700 2722 nec
1744 2683 1864 2722 cum

277 2761 440 2820 audis
487 2763 721 2829 leonem,
776 2761 979 2830 cogites
1029 2759 1330 2824 feritatem;
1391 2775 1489 2816 nec
1545 2774 1666 2814 cum
1715 2760 1868 2814 audis

277 2869 499 2928 agnum,
523 2853 726 2924 cogites
747 2867 926 2922 pecus.
950 2851 1092 2906 Nihil
1117 2851 1305 2906 horum
1323 2861 1406 2906 cst
1434 2852 1483 2905 iu
1506 2866 1586 2918 se,
1613 2862 1662 2906 et
1689 2853 1866 2911 omnia

277 2945 454 3004 factus
497 2961 578 3004 eSt
605 2957 706 3018 pro
745 2953 815 2998 te.
851 2943 984 2998 llinc
1011 2957 1140 3014 ergo
1176 2941 1571 2998 asccutlendum
1603 2953 1705 3008 est,
1741 2943 1866 2998 illuc

181 3025 186 3032 ’
275 3029 710 3104 ascendendum;
771 3037 840 3092 ab
881 3037 1126 3105 exemplo
1174 3035 1360 3106 ipsius,
1415 3035 1480 3089 ad
1538 3034 1866 3090 divinitatem

275 3135 468 3206 ipsius,
499 3133 810 3202 Exemplum
834 3129 978 3186 enim
1011 3130 1102 3184 tibi
1129 3129 1250 3184 fecit
1271 3127 1598 3182 lmmiliando
1625 3143 1704 3186 se.
1733 3127 1863 3182 Nam

275 3229 370 3304 qui
411 3225 662 3288 nolebant
686 3241 716 3278 a
756 3222 1000 3280 convalle
1030 3219 1341 3290 plorationis
1371 3218 1681 3282 ascendere,
1713 3233 1864 3272 com-

276 3317 450 3390 pressi
489 3325 614 3372 sunt
651 3315 719 3370 ab
747 3315 883 3386 ipso.
922 3315 1274 3384 Praepropcre
1303 3309 1445 3363 enim
1483 3308 1730 3362 volebant
1768 3308 1865 3361 ha.

273 3409 406 3466 bere
423 3421 726 3475 ascensum,
759 3407 990 3461 honores
1017 3405 1159 3458 altos
1181 3401 1500 3470 cogitabant,
1525 3399 1665 3454 viam
1691 3399 1867 3454 humi.

274 3483 442 3556 litatis
461 3513 568 3556 non
593 3497 920 3568 cogitabant.
955 3493 1216 3566 Intellignt
1245 3489 1490 3551 Charitas
1519 3499 1696 3546 vestra
1725 3491 1866 3562 quod

275 3589 422 3658 dico,
447 3589 588 3646 duos
607 3588 896 3659 discipulos
917 3588 1150 3642 voluisse
1171 3585 1237 3641 ad
1264 3586 1429 3640 latera
1451 3583 1681 3648 Domini,
1699 3597 1865 3638 unum

275 3683 346 3740 ad
371 3683 669 3744 dexteram,
698 3681 924 3735 alterum
955 3678 1018 3734 ad
1047 3679 1314 3732 sinistram
1343 3674 1537 3732 sedere
1561 3691 1575 3727 :
1605 3673 1736 3728 vidit
1773 3689 1868 3729 eos

275 3773 536 3838 Dominus
561 3783 898 3842 praepropere
926 3777 979 3824 et
1009 3775 1331 3838 prmpostere
1356 3767 1423 3821 de
1455 3759 1750 3821 honoribus
1779 3778 1870 3818 co-

275 3865 466 3936 gitare.
491 3877 614 3918 cum
639 3862 785 3932 prius
804 3860 1010 3916 discere
1039 3859 1296 3916 deberent
1317 3854 1610 3916 lmmiliari,
1643 3863 1698 3906 ut
1723 3853 1864 3907 exal.

279 3963 554 4020 urentur;
584 3959 638 4008 et
665 3953 742 4008 ait
773 3952 852 4008 eis
883 3950 1137 4004 Dominus
1164 3966 1176 4001 :
1213 3947 1432 4002 Potestis
1461 3946 1626 4001 bibere
1661 3945 1867 3997 calicem

277 4037 426 4118 quem
445 4061 536 4118 ego
559 4045 802 4100 bibiturus
830 4059 940 4098 sum
965 4041 1177 4112 (illutth.
1200 4057 1292 4104 xx,
1313 4039 1400 4105 21,
1431 4038 1557 4110 22)?
1579 4039 1698 4108 Ipse
1725 4035 1865 4089 enim

279 4139 336 4196 in
363 4135 606 4194 convalle
633 4134 943 4206 plorationis
985 4133 1246 4186 bibiturns
1275 4139 1386 4185 erat
1416 4131 1631 4185 culicem
1659 4127 1870 4199 passio-

279 4229 402 4292 nis:
433 4227 508 4284 illi
535 4235 712 4282 autem
739 4239 846 4278 non
887 4221 1222 4276 attendentes
1253 4219 1602 4274 humilitatem
1644 4216 1864 4284 Christi,

279 4315 735 4390 comprehendere
755 4313 1002 4368 volebant
1028 4311 1356 4366 altitudinem
1380 4309 1596 4364 Christi.
1627 4309 1865 4364 Revoca-

279 4411 358 4466 vit
399 4409 520 4464 illos
561 4407 628 4462 ad
659 4407 817 4472 viam,
851 4415 1094 4474 tanquam
1142 4401 1485 4467 aberrantes;
1529 4417 1632 4455 non
1673 4407 1730 4455 ut
1765 4415 1864 4454 nc-

279 4493 436 4576 garet
459 4499 562 4557 illis
587 4497 730 4570 quod
766 4495 986 4562 vellent,
1025 4493 1123 4550 sed
1165 4502 1223 4550 ut
1249 4492 1552 4548 ostenderet
1581 4507 1684 4562 qua
1715 4491 1864 4546 veni-

279 4595 424 4648 rent.

327 4685 408 4738 8.
449 4681 651 4754 Itaque,
683 4679 872 4736 fratres
911 4678 1037 4744 mei,
1073 4677 1215 4732 hunc
1240 4676 1498 4747 pSaImum
1539 4675 1866 4731 ascensionis

282 4783 560 4832 cantemus
605 4769 873 4827 ascensuri
921 4769 973 4823 in
1008 4767 1214 4830 corde;
1254 4769 1375 4835 quia
1417 4777 1473 4820 ut
1516 4765 1865 4820 ascendamus

281 4867 601 4922 descensum
637 4873 720 4918 est
751 4861 818 4916 ad
853 4877 970 4916 nos.
999 4859 1129 4914 Nam
1160 4859 1292 4913 vidit
1315 4859 1487 4912 scalas
1513 4858 1696 4922 Jacob,
1731 4867 1784 4912 et
1814 4859 1864 4912 in

282 4957 414 5026 ipsis
449 4954 609 5010 scalis
648 4953 992 5008 demonstrati
1041 4959 1165 5005 sunt
1207 4947 1256 5004 ei
1290 4949 1638 5004 ascendentes
1681 4958 1734 5003 et
1773 4949 1870 5002 de.

280 5047 600 5104 scendcntes
633 5043 782 5118 (Gen.
810 5043 992 5108 xxviii,
1023 5041 1109 5113 12)
1139 5059 1150 5094 :
1179 5049 1459 5110 utrumque
1489 5039 1636 5093 vidit.
1671 5040 1866 5093 Possu-

288 5154 408 5194 mus
438 5147 625 5209 putare
659 5133 1007 5190 ascendentes
1041 5135 1204 5199 visos,
1237 5131 1607 5202 proﬁcientes;
1637 5129 1866 5184 descen-

125 5297 130 5300 _
175 5285 194 5298 ,
285 5233 497 5299 dentes,
525 5229 872 5286 deﬁcientes:
905 5227 1028 5298 quia
1056 5236 1111 5283 et
1142 5240 1330 5281 revera
1357 5223 1658 5279 invenimus
1687 5222 1787 5278 hoc
1813 5224 1868 5278 in

211 5313 214 5316 ⁴
283 5323 488 5394 populo
527 5321 658 5387 Dei;
703 5319 792 5375 alii
825 5317 1131 5390 proﬁciunt,
1177 5317 1263 5371 alii
1294 5315 1570 5373 deﬁciunt.
1619 5315 1870 5370 Poterant

285 5415 416 5468 istos
437 5411 735 5484 signiﬁcare
761 5411 862 5466 illzc
882 5409 1060 5475 scalae,
1089 5407 1183 5464 sed
1209 5409 1345 5462 forte
1362 5405 1550 5462 melius
1570 5404 1872 5475 intelligun-

289 5515 374 5561 tur
401 5517 592 5559 omnes
629 5503 754 5559 boni
790 5502 844 5556 in
873 5501 974 5556 illis
997 5499 1180 5570 (scalis,
1219 5507 1272 5553 et
1306 5497 1655 5553 ascendentes
1695 5505 1747 5550 et
1779 5498 1873 5551 de-

353 5617 371 5650 ¹
397 5617 472 5668 Sic
495 5625 594 5665 Am.
634 5622 688 5666 et
715 5623 822 5666 Mss.
849 5621 903 5666 At
923 5619 998 5663 Er.
1020 5619 1072 5664 et
1106 5619 1240 5672 Lov.,
1262 5607 1356 5661 sibi
1377 5623 1394 5661 :
1416 5618 1468 5661 et
1499 5609 1638 5671 infra,
1659 5607 1709 5659 in
1726 5608 1873 5659 corde

285 5689 466 5852 Ἰηέν.
487 5745 548 5850 ξι
569 5745 704 5804 Lov.,
727 5753 860 5798 ηισηε
879 5735 1046 5790 domus
1071 5735 1276 5790 Domini.
1299 5742 1418 5796 Vox,
1442 5735 1638 5798 domus,
1651 5733 1792 5786 abest
1811 5733 1874 5786 ab

330 5814 394 5852 In.
415 5814 446 5852 e
487 5835 496 5850 .
523 5815 590 5852 ss.

330 5814 394 5852 Il.
415 5814 466 5854 οι
487 5814 590 5852 διεδ.

1369 361 1762 416 ENARBATIO
1792 359 1854 415 IN
1895 361 2212 422 PSALMUM
2251 365 2434 425 CXIX.

3418 375 3554 434 1593

1975 478 2310 535 scandentes.
2341 480 2455 535 Non
2486 481 2627 536 enim
2655 481 2846 536 frustra
2887 498 2990 538 non
3022 484 3218 538 dietnm
3248 493 3326 540 est
3355 489 3554 543 caden-

1971 579 2072 634 tes,
2113 572 2206 626 sed
2237 573 2644 629 descendentes.
2689 575 2910 630 Multum
2950 586 3124 630 autem
3160 579 3385 640 interest
3417 580 3557 636 inter

1971 659 2296 718 descendere
2322 673 2376 718 et
2416 665 2624 722 cadere.
2665 665 2796 721 Nam
2843 666 2966 734 quia
2993 667 3186 722 cecidit
3214 667 3402 734 Adam,
3433 669 3556 724 ideo

1970 751 2247 808 descendit
2279 755 2522 810 Christus
2551 775 2563 809 :
2592 757 2681 813 ille
2726 757 2938 822 cecidit,
2983 757 3073 814 ille
3114 758 3423 826 descendit;
3464 761 3554 816 ille

1971 845 2160 898 cecidit
2183 848 2448 915 superbia,
2493 848 2580 902 ille
2604 847 2878 904 descendit
2899 849 3279 904 misericordia.
3310 849 3426 906 Non
3455 866 3555 904 au-

1971 945 2076 989 tem
2109 937 2220 1006 ipse
2249 939 2393 993 solus
2420 938 2733 995 descendit:
2757 949 2811 996 et
2837 941 3050 1011 quidem
3069 941 3135 996 de
3162 943 3300 998 coelo
3327 944 3440 1013 ipse
3466 959 3553 997 so-

1969 1027 2052 1082 lus
2091 1027 2397 1093 descendit;
2445 1031 2536 1085 sed
2571 1033 2720 1086 multi
2763 1033 3030 1088 imitantes
3077 1049 3197 1088 eum
3238 1034 3406 1087 sancti
3459 1034 3551 1089 (Ια-

1971 1117 2231 1172 scendunt
2273 1120 2340 1173 ad
2383 1135 2497 1188 nos,
2546 1131 2599 1176 et
2640 1121 3030 1178 descenderunt
3069 1123 3132 1179 ad
3177 1139 3293 1180 nos.
3322 1125 3453 1180 Nam
3499 1127 3548 1179 in

1970 1208 2192 1278 quadam
2234 1210 2510 1266 altitudine
2551 1214 2728 1268 cordis
2759 1213 3028 1270 habitabat
3065 1217 3372 1284 Apostolus,
3428 1229 3548 1270 cum

1969 1297 2168 1354 diceret
2199 1318 2212 1354 :
2242 1300 2360 1354 Sive
2402 1303 2531 1356 enim
2571 1314 2729 1358 mente
2767 1307 3067 1360 excessimus
3097 1307 3219 1360 lleo.
3263 1307 3379 1363 iam
3409 1308 3549 1378 quod

1970 1399 2149 1446 mente
2195 1403 2519 1456 excesserat,
2563 1394 2670 1449 Deo
2707 1391 3028 1452 excesserat.
3077 1397 3357 1453 Excedens
3407 1399 3549 1453 enim

1969 1491 2149 1536 mente
2178 1498 2390 1538 omnem
2422 1485 2705 1540 humanam
2739 1488 3094 1557 fragilitatem,
3125 1505 3336 1544 omnem
3367 1491 3550 1546 saeculi

1971 1573 2440 1641 temporalitalem,
2463 1576 2640 1630 omnia
2670 1592 3015 1648 quzccumque
3039 1581 3303 1635 nascendo
3329 1591 3380 1635 et
3409 1581 3552 1636 occi-

1969 1659 2146 1716 dendo
2173 1677 2483 1730 vanescunt,
2529 1669 2855 1723 transcuntia
2900 1670 3046 1735 haec;
3081 1671 3348 1726 habitabat
3386 1671 3550 1728 corde

1969 1749 2022 1806 in
2052 1753 2276 1823 quadam
2328 1755 2578 1812 inelTabili
2622 1760 3088 1828 contemplatione,
3118 1771 3371 1830 quantum
3401 1770 3552 1832 pote-

1969 1851 2072 1909 rat,
2099 1843 2166 1900 de
2198 1862 2301 1916 qua
2347 1845 2476 1904 dicit
2519 1848 2640 1918 quia
2685 1849 2885 1905 audivit
2933 1849 3214 1906 ineﬁitbilia
3244 1852 3402 1908 verba
3432 1869 3550 1924 qua:

1969 1945 2074 1984 non
2103 1931 2228 1986 licet
2255 1931 2452 1984 homini
2482 1931 2624 2001 loqui
2667 1931 2732 2002 (ΙΙ
2775 1932 2890 1986 Cor.
2926 1948 3021 1999 XII,
3067 1933 3143 2004 4).
3191 1934 3294 1988 Sed
3341 1937 3432 1990 tibi
3465 1937 3552 1991 illa

1968 2021 2109 2093 loqui
2153 2037 2254 2077 non
2288 2033 2499 2092 posset:
2529 2023 2642 2094 ipse
2681 2033 2858 2079 autem
2903 2025 3083 2080 videro
3129 2025 3214 2080 illa
3268 2033 3554 2096 utcumque

1968 2123 2168 2184 posset,
2195 2131 2314 2186 qua:
2346 2115 2436 2170 tibi
2478 2115 2620 2186 loqui
2661 2131 2766 2170 non
2812 2126 3009 2186 posset.
3051 2117 3230 2188 itaque
3267 2119 3309 2172 si
3340 2134 3552 2188 semper

1967 2221 2185 2264 manere
2215 2207 2374 2262 vellet
2397 2207 2449 2261 in
2471 2223 2538 2264 eo
2566 2207 2708 2280 quod
2737 2208 2965 2275 videbat,
2999 2217 3052 2264 ct
3078 2209 3221 2280 loqui
3249 2225 3356 2264 non
3397 2217 3552 2280 pote-

1971 2307 2074 2360 rat,
2102 2302 2156 2349 te
2193 2310 2296 2349 non
2327 2296 2528 2351 levaret
2559 2297 2644 2350 ubi
2671 2305 2724 2351 et
2759 2303 2812 2350 tu
2842 2311 3030 2366 posses
3065 2297 3264 2350 videre.
3296 2295 3431 2364 Quid
3460 2311 3553 2347 au-

1973 2391 2078 2438 tcm
2120 2385 2280 2439 fecit?
2309 2386 2612 2442 Descendit.
2637 2387 2768 2441 Nam
2815 2387 2884 2442 ibi
2923 2387 3036 2440 ait:
3069 2387 3188 2442 Sive
3226 2387 3360 2440 enim
3393 2396 3554 2439 mente

1972 2479 2271 2534 excessimus
2301 2477 2429 2546 Deo,
2477 2480 2577 2534 sive
2603 2489 2931 2549 temperantes
2973 2497 3144 2550 sumus
3179 2478 3312 2532 t‘ol‘is
3354 2477 3465 2546 (Id.
3499 2495 3550 2545 γ,

1974 2571 2082 2640 15).
2123 2569 2258 2639 Quid
2301 2581 2400 2639 est,
2448 2581 2778 2640 temperantes
2815 2575 3024 2628 sumus?
3051 2572 3138 2628 Sic
3181 2573 3466 2642 loquimur,
3497 2582 3555 2628 ut

1971 2673 2161 2730 capere
2196 2663 2428 2731 possitis.
2461 2665 2590 2729 Quia
2638 2673 2690 2718 et
2716 2661 2958 2718 Cht'idtts
2987 2664 3144 2718 talem
3187 2679 3246 2718 se
3288 2664 3410 2718 fecit
3448 2679 3546 2718 nn-

1972 2753 2169 2808 sccndo
2192 2761 2245 2808 et
2271 2753 2542 2824 patiendo,
2569 2765 2624 2808 ut
2649 2763 2864 2823 possent
2891 2755 2956 2808 de
2989 2755 3077 2807 illo
3101 2753 3344 2808 homines
3373 2753 3550 2823 loqui:

1971 2844 2094 2914 quia
2123 2845 2190 2900 de
2228 2845 2442 2899 homine
2469 2845 2630 2900 homo
2667 2845 2822 2900 facile
2865 2845 3118 2914 loquitur.
3152 2845 3222 2898 De
3255 2845 3362 2898 Deo
3391 2843 3554 2898 homo

1970 2937 2181 3008 quando
2205 2938 2438 3008 loquitur
2458 2939 2554 3002 sic,
2578 2939 2844 3010 quomodo
2873 2938 3010 2992 Dens
3033 2949 3114 2992 est
3133 2939 3154 2986 ν
3187 2937 3356 2991 llomo
3377 2943 3553 2990 autem

1970 3028 2037 3084 dc
2071 3028 2286 3084 bootiuc
2316 3029 2466 3087 facile
2503 3029 2758 3098 loquitur.
2792 3029 2860 3085 υι
2888 3044 3016 3098 ergo
3053 3029 3225 3098 magni
3257 3025 3552 3082 descende-

1970 3129 2089 3176 rent
2127 3120 2192 3173 ad
2225 3135 2438 3189 parvos,
2478 3131 2532 3174 et
2577 3138 2679 3174 non
2713 3121 2816 3175 illis
2858 3131 3032 3176 tamen
3075 3119 3420 3192 loquerentur
3447 3119 3550 3174 nisi

1969 3227 2254 3282 maguum;
2289 3213 2402 3281 ipse
2428 3213 2514 3282 qui
2547 3229 2766 3282 magnus
2796 3223 2932 3280 erat,
2957 3211 3126 3267 lactus
3148 3221 3230 3267 est
3255 3226 3468 3280 parvus,
3495 3219 3556 3266 ut

1970 3301 2038 3358 dc
2082 3303 2174 3358 illo
2220 3304 2426 3374 magni‘
2482 3305 2657 3374 parvis
2705 3305 3065 3374 loquerentur.
3114 3303 3350 3358 Audistis
3394 3302 3554 3358 modo

1969 3392 2111 3464 quod
2141 3393 2281 3456 dico,
2309 3409 2428 3449 cum
2452 3395 2734 3464 Apostolus
2765 3395 3048 3466 legeretur.
3077 3393 3130 3450 Si
3161 3405 3336 3449 autem
3363 3393 3555 3450 adver-

1971 3485 2108 3542 tistis
2127 3485 2168 3550 ',
2197 3485 2330 3540 dixit
2355 3485 2457 3540 hoc
2479 3503 2491 3538 :
2515 3485 2633 3539 Non
2656 3487 2796 3558 potui
2820 3485 2954 3541 vobis
2979 3485 3115 3556 loqui
3142 3487 3285 3555 quasi
3305 3486 3551 3554 spiritua-

1970 3579 2122 3644 Iilms,
2152 3578 2238 3633 sed
2264 3579 2408 3647 quasi
2428 3577 2732 3632 carnalibus.
2758 3579 2896 3650 Ergo
2917 3579 3277 3648 spiritualibus
3300 3578 3352 3632 in
3380 3577 3554 3632 excel-

1969 3671 2044 3726 sis
2073 3671 2332 3740 loquitur;
2379 3673 2683 3727 carnalibus
2731 3683 2909 3728 autem
2941 3682 2998 3728 ut
3026 3673 3291 3743 loquatur,
3321 3672 3548 3728 descen-

1970 3760 2066 3816 dit.
2105 3760 2236 3814 Nam
2274 3770 2329 3815 ut
2368 3762 2548 3816 sciatis
2584 3764 2705 3834 quia
2744 3779 2864 3818 cum
2903 3763 3197 3826 descendit,
3243 3762 3310 3818 de
3345 3764 3436 3818 illo
3463 3763 3554 3832 qui

1971 3849 2247 3905 descendit
2275 3852 2534 3921 loquitur;
2564 3869 2686 3908 cccc
2722 3853 2954 3908 Joannes
2975 3863 3278 3908 manentem
3308 3854 3358 3908 in
3390 3868 3448 3908 sc
3473 3855 3554 3906 lo-

1971 3943 2152 4011 thitur
2185 3961 2196 3996 :
2237 3962 2254 3993 t
2285 3943 2339 3996 lu
2370 3945 2628 4014 principio
2658 3953 2773 3998 crat
2800 3943 3059 4010 Verbum,
3097 3953 3150 4000 et
3180 3945 3408 3998 Verbum
3435 3955 3554 4000 erat

1972 4035 2110 4104 apud
2140 4035 2322 4099 Deum,
2357 4045 2412 4090 ct
2444 4037 2580 4089 Deus
2609 4044 2724 4090 erat
2753 4035 3020 4100 Verbum;
3053 4039 3151 4091 hoc
3181 4045 3295 4091 erat
3327 4038 3376 4091 in
3401 4038 3530 4106 prin.

1972 4126 2110 4194 cipio
2138 4125 2274 4195 apud
2297 4126 2483 4180 Deum.
2508 4125 2694 4182 Omnia
2720 4143 2812 4194 per
2832 4128 2999 4198 ipsum
3033 4127 3162 4183 facta
3190 4137 3331 4194 sunt,
3365 4137 3418 4183 ct
3437 4129 3552 4184 sine

1973 4218 2089 4288 ipso
2127 4215 2320 4270 factum
2350 4227 2430 4272 est
2462 4217 2611 4272 nihil.
2644 4237 2662 4269 ι
2689 4217 2850 4288 Cape,
2883 4218 2928 4274 si
2959 4228 3142 4288 potes;
3175 4220 3368 4288 arripe,
3398 4220 3551 4275 cibus

1973 4317 2074 4364 est.
2101 4307 2204 4362 Sed
2233 4307 2472 4363 dicturus
2512 4324 2570 4363 es
2601 4309 2749 4374 mihi,
2779 4309 2870 4364 lllc
2896 4310 3110 4380 quidem
3147 4310 3297 4366 cibus
3321 4319 3424 4376 est,
3457 4309 3554 4366 sed

1968 4416 2071 4474 ego
2093 4399 2266 4454 infans
2292 4415 2431 4466 sum,
2475 4401 2745 4456 lactandus
2779 4419 2918 4469 sum,
2953 4411 3009 4458 ut
3035 4403 3257 4460 idoneus
3281 4403 3396 4458 ﬁeri
3427 4418 3554 4474 pos-

1969 4495 2070 4548 sim
2101 4491 2166 4545 ad
2207 4491 2632 4548 manducandum
2657 4493 2853 4547 cibum.
2887 4495 3026 4566 Ergo
3055 4496 3176 4564 quia
3207 4505 3260 4549 tu
3285 4495 3420 4550 lacte
3449 4513 3554 4550 uu-

1969 4582 2212 4640 triendus
2243 4598 2323 4650 es,
2352 4584 2438 4638 ille
2469 4593 2646 4640 autem
2675 4585 2824 4640 cibus
2853 4595 2954 4648 est,
2989 4587 3102 4656 ipse
3127 4587 3278 4642 cibus
3310 4602 3402 4656 pcr
3428 4601 3548 4642 car-

1971 4692 2092 4730 nem
2149 4675 2247 4732 tibi
2298 4675 2547 4746 trajectus
2594 4687 2676 4732 cst
2725 4676 2791 4730 ad
2843 4676 3044 4732 fauces.
3099 4677 3380 4746 Quomodo
3427 4693 3556 4748 ergo

1971 4769 2148 4824 cibum
2185 4778 2359 4824 ntater
2387 4768 2636 4832 comedit,
2665 4779 2719 4824 ut
2750 4783 2843 4837 per
2876 4785 3091 4826 carnem
3128 4770 3356 4840 trajiciat
3379 4769 3446 4825 ad
3471 4770 3557 4824 in-

1973 4861 2172 4940 fantem
2217 4864 2304 4918 lac
2347 4860 2579 4927 factum;
2622 4861 2700 4916 sic
2739 4862 2886 4918 cibus
2924 4865 3246 4934 Angelorum
3300 4863 3557 4918 Dominus

1986 4955 2197 5012 Verbum
2243 4970 2366 5010 caro
2409 4957 2598 5026 factum
2632 4965 2723 5020 est,
2758 4965 2813 5010 et
2847 4957 3018 5012 factus
3054 4965 3136 5012 est
3183 4957 3264 5011 lac
3289 4973 3301 5008 :
3326 4963 3381 5011 et
3423 4955 3554 5012 dicit

1971 5047 2278 5116 Apostolus,
2308 5045 2416 5100 Lac
2443 5044 2578 5099 vobis
2605 5057 2776 5114 potum
2806 5045 2942 5112 dedi,
2975 5063 3076 5100 non
3103 5062 3295 5110 escam;
3334 5045 3544 5100 nondun

1972 5140 2106 5194 enim
2125 5139 2385 5210 poteratis,
2408 5138 2500 5192 sed
2521 5153 2612 5190 nec
2631 5137 2798 5191 adhuc
2819 5137 3020 5208 quidem
3049 5139 3250 5207 potestis
3275 5137 3316 5208 (l
3340 5137 3455 5192 Cor.
3477 5153 3532 5192 ιιι

1975 5231 2028 5292 1,
2055 5230 2132 5300 2).
2164 5229 2303 5302 Ergo
2329 5227 2512 5284 dando
2541 5227 2624 5282 lac
2646 5227 2920 5282 descendit
2946 5227 3011 5282 ad
3049 5227 3332 5296 parvulos;
3356 5238 3408 5284 et
3435 5229 3557 5296 quia

1973 5321 2269 5388 descendit,
2299 5319 2716 5380 descendentem
2742 5319 2940 5376 dedit“.
2969 5321 3056 5374 Ait
3085 5321 3228 5374 enim
3256 5340 3268 5374 :
3297 5319 3559 5392 Numquid

1977 5415 2082 5474 dixi
2119 5433 2195 5470 me
2222 5416 2420 5486 aliquid
2443 5418 2576 5470 inter
2601 5431 2686 5468 vos
2711 5415 2858 5480 seire,
2887 5414 2984 5468 nisi
3009 5413 3186 5468 Jesum
3217 5413 3490 5478 Clu-istum,
3514 5422 3560 5468 et

1981 5507 2112 5560 hunc
2145 5507 2446 5577 cruciﬁxum
2483 5503 2578 5579 (Id
2591 5539 2596 5542 -
2639 5521 2701 5575 tt,
2730 5505 2988 5586 2)?_Quia
3029 5506 3076 5561 si
3102 5504 3304 5562 diceret
3332 5515 3558 5574 tantum,
3593 5505 3610 5520 ‘

2043 5669 2060 5699 ς
2087 5667 2256 5716 plures
2277 5673 2406 5724 διες»,
2431 5671 2482 5715 ut
2505 5663 2570 5725 de
2591 5660 2675 5712 illo
2696 5673 2885 5725 magno,-

2042 5733 2063 5762 ι
2087 5739 2206 5778 Mss;
2235 5727 2282 5777 si
2305 5721 2446 5776 aures
2471 5724 2594 5786 (vel,
2619 5721 3090 5786 aure),'adrertistis.

2049 5793 2070 5826 ³
2103 5791 2324 5854 t'leriquc
2360 5785 2490 5850 Mss,
2513 5785 2849 5840 descendendo
2867 5785 3017 5836 dedit.
