4078 6500
491 371 514 427 1
528 371 627 428 599

486 481 666 535 Jcsum
695 478 966 541 Christum,
995 482 1075 527 est
1103 471 1256 527 Jesus
1290 467 1531 524 Christus
1568 463 1725 518 etiam
1767 458 2053 515 secundum

488 572 838 632 divinitatem,
886 564 1181 622 secundum
1224 561 1275 615 id
1319 558 1458 630 quod
1500 564 1614 613 erat
1652 554 1880 608 Verbum
1920 550 2058 621 apud

491 662 674 724 Demn,
707 658 872 715 Filius
914 657 1003 709 Dei
1038 654 1193 709 Jesus
1218 650 1462 706 Christus
1491 665 1503 700 :
1535 646 1627 701 sed
1669 645 1829 705 hunc,
1860 642 1909 697 id
1952 648 2053 703 est,

492 750 593 803 hnc
646 748 802 802 modo
843 747 1061 809 dictum,
1104 741 1305 812 parvuli
1348 755 1451 793 non
1501 736 1735 805 capiunt.
1780 730 2059 800 Quomodo

491 855 618 909 ergo
647 838 856 909 3api;nt
881 837 965 905 qui
998 836 1078 889 lac
1101 832 1351 901 capiunt?
1376 828 1549 884 Jesum
1573 827 1842 890 Christum,
1869 821 2057 892 inquit,

492 943 537 985 et
566 932 697 984 hanc
737 930 1053 997 cruciﬁxum.
1098 926 1237 995 Suge
1278 922 1419 994 quod
1447 935 1542 991 pro
1581 927 1634 974 te
1670 918 1840 973 factus
1874 923 1986 982 est,
2008 921 2062 969 et

491 1021 685 1075 crescis
713 1019 777 1073 ad
811 1019 859 1074 id
887 1018 1023 1089 quod
1055 1027 1155 1073 est.
1188 1016 1323 1071 Sunt
1350 1028 1477 1083 ergo
1503 1009 1853 1065 ascendentes
1876 1014 1932 1061 et
1959 1004 2058 1060 de~

493 1111 827 1165 scendentes.
862 1110 915 1163 In
950 1109 1050 1162 illis
1092 1106 1249 1161 scalis
1274 1114 1327 1162 et
1350 1100 1699 1162 ascendentes
1741 1105 1865 1151 sunt
1890 1095 2062 1150 etde-

493 1200 830 1253 scendentes.
862 1198 1223 1252 Ascendentes
1261 1195 1351 1264 qui
1385 1191 1547 1246 sunt?
1573 1190 1671 1255 Qui
1698 1186 1973 1257 proficiunt
1997 1182 2062 1237 ad

494 1292 820 1345 intellectum
849 1289 1223 1359 spiritualium.
1255 1283 1648 1339 Descendentes
1673 1279 1761 1348 qui
1784 1275 1947 1335 sunt?
1963 1273 2063 1341 Qui

503 1385 767 1452 quamvis,
798 1392 1049 1451 quantum
1081 1380 1319 1435 homines
1346 1384 1579 1446 possunt,
1612 1373 1850 1426 fruantur
1870 1365 2062 1422 intellin

496 1476 669 1541 gentia
702 1473 1053 1543 spiritualium
1079 1487 1093 1536 ;
1140 1480 1313 1524 tamen
1342 1465 1668 1527 descendunt
1698 1462 1765 1516 ad
1795 1458 2061 1530 parvulos,

497 1572 557 1618 ut
599 1564 718 1616 talia
760 1563 836 1616 eis
880 1561 1079 1624 dicant,
1114 1559 1286 1629 qualia
1320 1562 1539 1626 possunt
1584 1566 1792 1621 capere,
1836 1557 1888 1602 et
1929 1547 2067 1600 lacte

500 1654 681 1711 nutriti
713 1653 914 1723 possint
944 1651 1117 1707 idonei
1151 1650 1265 1706 ﬁeri
1293 1658 1344 1702 et
1376 1646 1531 1703 validi
1557 1644 1621 1699 ad
1654 1639 1969 1712 capiendum
1998 1637 2067 1705 cig

501 1743 624 1797 bum
647 1743 994 1811 Spiritualem.
1027 1740 1207 1805 Isaias,
1230 1738 1439 1800 fratres,
1470 1736 1626 1790 etiam
1655 1734 1768 1803 ipse
1788 1730 1852 1784 ad
1878 1744 1975 1784 nos
2001 1727 2067 1783 de

497 1833 943 1891 descendentibus
970 1832 1065 1886 fuit
1090 1848 1102 1885 :
1127 1845 1245 1883 nam
1277 1838 1331 1884 et
1364 1827 1461 1895 ipsi
1482 1825 1674 1897 gradus
1703 1823 1817 1897 ejus
1842 1821 2067 1879 descen:

504 1923 679 1977 dentis
695 1933 969 1993 apparent.
998 1920 1126 1979 Cum
1154 1920 1292 1975 enim
1318 1919 1518 1973 diceret
1545 1916 1611 1971 de
1639 1915 1835 1983 Spiritu
1861 1919 2066 1975 sancto,

510 2031 528 2063 ι
564 2013 896 2082 liequiescet,
927 2031 944 2064 ›
973 2011 1159 2081 inquit,
1190 2029 1208 2062 ι
1234 2025 1393 2078 super
1410 2024 1528 2063 eum
1550 2006 1778 2075 Spiritus
1799 2000 2069 2071 sapientiai

502 2111 558 2155 et
600 2103 916 2167 intellectus,
951 2101 1179 2170 Spiritus
1206 2099 1410 2155 consilii
1451 2107 1503 2152 et
1530 2093 1871 2159 fortitudinis,
1904 2090 2072 2158 Spiri-

507 2200 591 2245 tus
627 2193 859 2247 scienlia:
880 2204 932 2247 et
961 2192 1192 2261 pietatis,
1221 2198 1274 2243 et
1318 2188 1544 2259 Spiritus
1570 2184 1772 2243 timoris
1804 2181 2014 2236 Domini
2043 2198 2074 2239 ι,

503 2280 654 2351 (Isai.
685 2298 756 2345 χι,
780 2282 833 2347 2,
862 2283 919 2350 5)
952 2300 964 2334 :
994 2297 1021 2334 a
1048 2280 1299 2350 sapientia
1331 2277 1510 2347 coepit,
1541 2284 1592 2330 et
1618 2288 1781 2351 usque
1805 2272 1872 2331 ad
1912 2273 2069 2327 timo-

504 2391 617 2432 rem
639 2374 931 2429 descendit.
960 2373 1237 2441 Quomodo
1269 2372 1356 2425 ille
1382 2371 1469 2440 qui
1497 2368 1741 2433 docebat,
1765 2381 1793 2419 a
1814 2363 2071 2433 sapientia

502 2465 776 2520 descendit
805 2481 970 2535 usque
998 2464 1062 2521 ad
1095 2465 1372 2527 timorem;
1408 2472 1459 2514 tu
1497 2460 1584 2529 qui
1612 2458 1793 2523 discis,
1824 2456 1869 2510 si
1909 2456 2070 2526 profi-

502 2558 596 2620 cis,
626 2572 654 2610 a
702 2558 891 2611 timore
929 2556 1156 2612 ascende
1200 2554 1264 2606 ad
1296 2551 1652 2623 sapientiam:
1687 2548 1942 2617 scriptum
1990 2554 2074 2601 est

503 2650 665 2713 enim,
710 2647 919 2701 Initium
962 2647 1221 2717 sapientia:
1266 2646 1414 2698 timor
1453 2642 1660 2695 Domini
1703 2640 1886 2710 (Prov.
1914 2654 1951 2704 ι,
1989 2636 2068 2706 7).

505 2738 619 2793 Jam
656 2754 783 2810 ergo
808 2738 1070 2793 Psalmum
1098 2737 1293 2791 audite.
1336 2737 1472 2790 Ecce
1497 2742 1617 2790 ante
1651 2732 1833 2787 oculos
1864 2738 2073 2784 nostros

508 2844 765 2901 ponamus
785 2843 1123 2882 ascensurum
1156 2826 1420 2879 hominem
1448 2842 1460 2881 :
1490 2823 1574 2877 ubi
1604 2820 1983 2877 asoensurum?
2013 2817 2074 2873 In

508 2923 675 2974 corde.
706 2920 859 2976 Unde
885 2918 1263 2974 ascensurum?
1286 2919 1363 2972 Ab
1385 2916 1698 2979 humilitate,
1729 2914 1777 2967 id
1801 2922 1881 2967 est
1906 2928 1933 2964 a
1956 2928 2078 2964 con.

511 3012 639 3064 ualle
676 3011 988 3081 plorationis.
1032 3010 1147 3077 Quo
1196 3006 1578 3062 escensurum?
1617 3004 1693 3058 Ad
1731 3003 1856 3059 illud
1896 3001 2078 3055 iuell‘a-

510 3100 615 3158 bile
642 3100 779 3169 quod
811 3114 939 3154 cum~
961 3098 1062 3153 dici
1093 3112 1198 3152 non
1230 3105 1428 3168 posset,
1457 3095 1652 3153 dictum
1682 3104 1783 3159 est,
1813 3092 1877 3146 In
1912 3092 2079 3150 locum

509 3208 653 3263 quem
674 3191 936 3260 disposuit.

582 3284 634 3336 5.
667 3281 797 3336 Cum
828 3295 955 3349 ergo
993 3280 1070 3334 sic
1117 3279 1275 3332 homo
1309 3275 1528 3345 cmperit
1565 3274 1846 3343 disponere
1888 3287 2078 3326 ascen-

510 3386 660 3434 sum;
694 3370 795 3423 hoc
820 3369 939 3424 dico
963 3369 1217 3439 apertius,
1247 3383 1365 3421 cum
1396 3366 1616 3434 coeperit
1644 3365 1803 3419 homo
1831 3362 2077 3417 christia-

515 3476 614 3513 nus
642 3460 873 3528 cogitare
902 3459 1177 3530 prolicere,
1213 3457 1393 3531 incipit
1423 3455 1530 3525 pati
1558 3455 1761 3525 linguas
1789 3454 2078 3509 adversan-

514 3553 666 3605 tium.
711 3550 1037 3618 Quicumque
1080 3549 1194 3602 illas
1222 3546 1454 3601 nondum
1484 3558 1670 3616 passus
1708 3552 1809 3605 est,
1847 3542 2081 3596 nonduin

516 3641 739 3711 profecit
769 3658 782 3693 :
814 3640 1129 3711 quicumque
1163 3639 1279 3692 illas
1319 3653 1421 3691 non
1465 3636 1690 3706 patitur,
1739 3649 1835 3688 nec
1863 3642 2085 3688 conatur

518 3730 796 3803 proficere.
828 3730 951 3784 Vult
975 3744 1129 3785 nosse
1157 3728 1278 3799 quid
1306 3728 1581 3782 dicamus?
1610 3725 1720 3782 Imo
1748 3724 1871 3795 quid
1895 3724 2084 3781 audia-

517 3838 637 3876 mus
678 3820 851 3886 simul,
908 3820 1229 3893 experiatur.
1278 3816 1496 3886 Incipiat
1542 3816 1818 3886 prolicere,
1867 3813 2087 3882 incipiat

519 3912 656 3967 velle
684 3912 993 3977 ascendere,
1024 3910 1159 3965 velle
1197 3920 1539 3967 contemnere
1582 3917 1812 3972 terrena,
1843 3906 2044 3977 fragilia
2068 3949 2083 3974 ,

522 4003 868 4073 temporalia‘
895 4044 909 4070 ,
952 4001 1252 4056 felicitatem
1292 4001 1469 4056 smculi
1514 4014 1611 4070 pro
1653 3999 1817 4054 nihilo
1857 3997 2089 4065 habere,

522 4094 689 4151 Deum
737 4094 904 4148 solum
948 4092 1199 4162 cogitare,
1242 4090 1405 4145 lucris
1444 4105 1547 4144 non
1591 4088 1838 4159 gaudere,
1877 4088 2088 4142 damnis

523 4200 627 4239 non
692 4183 1066 4240 contabescere
1096 4222 1112 4245 ,
1167 4183 1341 4235 omnia
1399 4182 1555 4236 etiam
1615 4194 1706 4233 sua
1766 4178 1900 4233 velle
1957 4193 2089 4233 ven-

525 4276 653 4330 dere
703 4282 757 4329 et
811 4274 1126 4344 pauperibus
1175 4273 1441 4336 tribuere,
1487 4280 1541 4325 et
1587 4269 1735 4340 sequi
1785 4270 2087 4335 Christum;

526 4366 799 4420 videamus
854 4363 1296 4435 quemadmodum
1363 4350 1593 4431 patiatur
1642 4361 1846 4430 linguas
1916 4359 2094 4414 detra-

527 4457 764 4511 hentium
795 4456 815 4486 ¹
862 4463 914 4509 et
966 4454 1122 4507 multa
1173 4452 1682 4512 contradicentlum,
1732 4458 1787 4503 et
1826 4448 1964 4523 quod
2014 4458 2097 4504 est

528 4546 756 4617 gravius,
801 4544 947 4613 quasi
991 4542 1312 4599 consulendo
1340 4558 1369 4595 a
1397 4542 1564 4595 salute
1591 4539 1960 4597 avertentium.
1992 4538 2091 4605 Qui

530 4638 670 4693 enim
697 4634 921 4689 consulit
945 4634 1122 4700 alicui,
1150 4634 1215 4687 ad
1244 4633 1465 4687 salutem
1491 4632 1735 4696 consulit,
1763 4630 1829 4684 ad
1864 4630 1914 4684 id
1954 4631 2092 4700 quod

530 4731 745 4800 prodest
770 4727 1020 4792 consulit;
1048 4726 1139 4780 ille
1166 4735 1339 4779 autem
1367 4728 1514 4797 quasi
1539 4724 1840 4789 consulens,
1867 4723 2092 4779 retrahit

531 4836 559 4875 a
587 4820 774 4875 salute.
805 4818 934 4885 Quia
958 4832 1085 4887 ergo
1113 4817 1324 4872 videtur
1354 4816 1545 4871 habere
1575 4816 1785 4884 pallium
1815 4813 2098 4869 consulen-

531 4914 618 4977 tis,
649 4920 702 4967 et
727 4909 884 4964 habet
907 4924 1165 4964 venenum
1195 4907 1520 4977 perimentis,
1554 4906 1725 4974 lingua
1752 4904 1933 4958 dolosa
1959 4902 2098 4957 dicta

530 5013 630 5061 est.
686 5004 1013 5057 Ascensurus
1063 5013 1209 5068 ergo,
1253 5006 1434 5051 contra
1485 4996 1622 5064 ipsas
1676 4994 1879 5063 linguas
1930 4993 2099 5061 primo

532 5098 696 5153 Deum
724 5094 1034 5163 deprecatur
1062 5107 1076 5144 :
1107 5091 1177 5145 ait
1207 5090 1366 5153 enim,
1398 5088 1475 5141 Ad
1500 5097 1572 5149 te,
1604 5085 1832 5147 Domine,
1861 5100 1973 5136 cum
2002 5083 2097 5135 tri-

532 5189 729 5242 bularer
754 5183 983 5245 clamavi,
1007 5191 1051 5235 et
1077 5181 1326 5235 exaudiin
1346 5194 1439 5232 me.
1463 5176 1615 5232 Unde
1638 5177 1780 5230 illum
1802 5170 2102 5228 exaudivit?

539 5280 605 5336 llt
624 5280 730 5348 jam
753 5276 1101 5333 constitueret
1123 5288 1245 5328 eum
1273 5271 1336 5325 ad
1366 5268 1559 5340 gradus
1584 5264 1921 5321 ascendendi.

604 5371 657 5423 4.
682 5368 829 5440 [υενε.
861 5365 940 5437 2.]
969 5366 1034 5419 Et
1061 5364 1180 5433 quia
1199 5362 1306 5431 jam
1332 5370 1647 5413 ascensurus
1675 5363 1755 5409 est
1790 5352 2097 5419 exauditus,

536 5460 659 5528 quid
681 5458 835 5513 orat?
861 5457 1090 5520 Domine,
1118 5469 1235 5508 erue
1254 5452 1471 5505 animam
1493 5463 1654 5501 meam
1681 5462 1712 5498 a
1732 5444 1875 5498 labiis
1902 5443 2103 5513 injustis

537 5563 582 5605 et
623 5566 653 5600 ιι
694 5550 865 5618 lingua
903 5547 1099 5600 dolosa.
1138 5544 1267 5609 Qua:
1287 5549 1371 5596 est
1396 5541 1565 5609 lingua
1596 5533 1818 5590 dolosa?
1846 5531 2099 5598 Subdola,

603 5665 618 5694 ί
646 5660 810 5710 Plures
841 5667 966 5715 Mss,
1009 5657 1131 5708 reue
1167 5662 1460 5707 contemnere
1494 5659 1734 5703 terrenam
1778 5643 2101 5710 fragilitatem,

534 5723 841 5785 Wporulem
863 5719 1135 5785 [elicitam
1160 5715 1339 5785 siccati,
1361 5722 1455 5785 etc.

601 5779 641 5817 ³⁷
656 5786 725 5832 sic
745 5779 986 5833 Mssﬁtidd.
1014 5795 1149 5842 vero,
1174 5779 1535 5830 retrahendum.

1707 353 1761 406 S.
1804 346 2168 405 AUGUSTINI
2209 343 2503 401 EI‘ISCOPI

3598 332 3735 388 1600

2169 459 2368 513 habens
2415 454 2694 525 imaginem
2732 450 3058 515 con~ulendi,
3089 457 3142 504 et
3169 448 3454 518 perniciem
3484 448 3731 503 nocendi.

2165 550 2269 619 Ipsi
2293 555 2415 602 sunt
2434 547 2519 618 qui
2545 546 2726 601 dicunt
2753 561 2765 598 :
2800 544 2863 597 Et
2889 552 2942 597 tu
2964 541 3067 596 hoc
3091 541 3322 596 facturus
3343 557 3401 595 es
3422 580 3436 604 ,
3468 540 3607 610 quod
3640 557 3735 596 ne-

2166 658 2255 707 mo
2276 639 2436 695 fecit?
2465 648 2520 694 et
2544 647 2597 692 tu
2618 637 2762 692 solus
2781 636 2888 691 eris
2912 634 3267 690 christianos?
3288 634 3357 688 Et
3380 634 3423 688 si
3446 632 3740 687 ostenderit

2166 735 2297 789 alios
2325 735 2423 788 hoc
2453 733 2625 789 facere
2649 775 2663 799 ,
2695 739 2755 786 et
2793 730 2982 799 legerit
3008 728 3345 800 Evangelium
3374 729 3462 783 ubi
3487 730 3741 799 prmcepit

2167 825 2421 881 Dominus
2463 824 2610 886 fieri,
2663 832 2716 878 et
2763 822 2946 891 legerit
2992 820 3157 875 Actus
3196 821 3611 891 Apostolorum;
3661 817 3742 876 illi

2167 917 2289 986 quid
2317 916 2500 970 dicunt
2538 917 2588 969 in
2628 916 2803 984 lingua
2833 912 3052 969 subdola
3077 924 3131 970 et
3170 912 3325 969 labiis
3356 914 3592 984 iniquis?
3621 911 3739 967 Non

2168 1008 2365 1077 poteris
2391 1007 2525 1062 forte
2556 1007 2803 1076 implere;
2849 1006 3071 1062 multum
3112 1014 3194 1060 est
3229 1005 3371 1075 quod
3410 1004 3738 1075 aggrederis.

2168 1099 2272 1153 Alii
2316 1098 2645 1168 prohibendo
2692 1097 2997 1161 deterrent,
3037 1097 3124 1151 alii
3162 1097 3423 1152 laudando
3460 1099 3579 1168 plus
3620 1112 3742 1166 pre-

2167 1202 2337 1246 munt.
2365 1191 2494 1259 Quia
2533 1192 2673 1246 enim
2716 1192 2833 1247 talis
2869 1201 2948 1246 est
2975 1192 3079 1245 vita
3107 1206 3235 1259 quas
3256 1191 3363 1260 jam
3401 1190 3743 1259 occupaverit

2167 1282 2443 1346 mundum,
2463 1290 2602 1335 tanta
2625 1281 2905 1335 auctoritas
2926 1281 3119 1336 Christi
3144 1289 3244 1345 est,
3267 1289 3326 1334 ut
3346 1279 3741 1349 reprehendere

2166 1371 2274 1441 jam
2299 1370 2566 1426 Christum
2609 1386 2709 1426 nec
2746 1386 2980 1441 paganus
3004 1370 3211 1426 audeat.
3260 1370 3472 1441 Legitur
3516 1370 3606 1424 ille
3650 1370 3742 1440 qui

2169 1465 2483 1534 reprehendi
2514 1480 2617 1519 non
2648 1473 2839 1533 potest,
2871 1466 2991 1534 quia
3022 1463 3173 1529 dixit,
3207 1463 3359 1528 Vade,
3390 1464 3544 1517 vende
3571 1463 3744 1516 omnia

2169 1572 2282 1625 qua:
2298 1557 2466 1621 habes,
2489 1567 2534 1610 et
2556 1557 2795 1610 distribue
2810 1556 3131 1626 pauperibus,
3145 1564 3188 1609 et
3205 1572 3407 1625 sequere
3426 1572 3503 1609 me
3526 1554 3743 1625 (Matth.

2170 1665 2255 1704 χιχ
2279 1691 2292 1713 ,
2322 1650 2424 1719 21)
2455 1667 2467 1701 :
2497 1647 2706 1703 Christo
2750 1647 3037 1703 contradici
3082 1662 3187 1701 non
3230 1654 3421 1715 potest,
3454 1645 3744 1715 Evangelio

2170 1738 2456 1794 contradici
2479 1754 2582 1793 non
2605 1746 2795 1809 potest,
2813 1736 3125 1806 reprehendi
3149 1736 3387 1791 Christus
3410 1751 3512 1789 non
3532 1744 3701 1804 potest
3724 1751 3742 1799 ;

2170 1830 2427 1885 convertit
2454 1843 2512 1884 se
2547 1829 2721 1899 lingua
2750 1829 2931 1883 dolosa
2956 1827 3020 1882 ad
3040 1828 3245 1882 laudem
3267 1826 3652 1896 prohibentem.
3684 1825 3747 1881 Si

2172 1920 2374 1988 laudas,
2394 1920 2624 1975 hortare.
2646 1920 2819 1988 Quare
2840 1919 3097 1974 laudando
3114 1918 3332 1988 premis?
3353 1918 3535 1973 Melius
3549 1918 3759 1987 vitupex

2173 2026 2340 2077 rates,
2361 2027 2513 2081 quam
2535 2011 2717 2066 dolose
2734 2010 2993 2065 laudares.
3016 2010 3152 2077 Quid
3172 2010 3312 2064 enim
3334 2009 3536 2063 diceres
3548 2008 3750 2076 vitupe-

2171 2102 2376 2167 rando?
2398 2101 2575 2157 Absit:
2593 2100 2727 2165 taeda
2758 2102 2860 2155 vita
2881 2101 2979 2155 ista
2999 2109 3101 2167 est,
3118 2100 3253 2155 mala
3273 2100 3376 2153 vita
3398 2100 3494 2154 ista
3513 2107 3610 2154 est.
3636 2098 3749 2153 Sed

2172 2192 2292 2262 quia
2323 2193 2481 2257 nosti,
2512 2207 2631 2247 cum
2662 2192 2775 2245 hmo
2802 2192 3019 2255 dixeris,
3048 2191 3215 2261 premi
3248 2201 3301 2246 te
3326 2206 3481 2261 posse
3513 2191 3751 2245 auctori-

2176 2292 2281 2337 tate
2305 2283 2640 2352 evangelica;
2670 2282 2933 2338 convertis
2960 2291 3011 2337 te
3036 2282 3101 2337 ad
3126 2281 3267 2335 aliud
3288 2281 3627 2337 dissuadendi
3651 2297 3749 2351 ge-

2173 2389 2294 2437 nus,
2323 2383 2379 2428 ut
2409 2374 2670 2429 laudando
2696 2374 2849 2441 falso,
2879 2389 2965 2429 me
2988 2388 3016 2427 a
3041 2388 3173 2432 vera.
3189 2374 3221 2405 ίί
3234 2372 3389 2427 laude
3423 2371 3748 2442 prohibeas;

2174 2464 2282 2525 imo
2304 2464 2565 2519 laudando
2588 2464 2879 2528 Christum,
2900 2479 2928 2517 a
2950 2464 3161 2518 Christo
3189 2462 3487 2531 prohibeas,
3515 2461 3704 2516 dicens
3733 2479 3760 2536 ε⁸

2175 2558 2311 2625 Quid
2341 2567 2423 2613 est
2450 2557 2587 2612 hoc?
2615 2558 2750 2613 Ecce
2770 2558 2841 2611 illi
2867 2557 3122 2619 fecerunt,
3150 2554 3284 2609 forte
3306 2563 3361 2609 tu
3382 2569 3486 2608 non
3508 2553 3707 2621 poteris
3735 2568 3750 2603 :

2175 2650 2366 2720 incipis
2386 2649 2693 2716 ascendere,
2716 2648 2880 2703 cadis.
2905 2647 3119 2701 Monere
3140 2646 3377 2709 videtur;
3401 2659 3618 2713 serpens
3640 2651 3749 2707 est,

2176 2740 2358 2795 dolosa
2385 2741 2557 2809 lingua
2585 2747 2684 2804 est,
2704 2752 2963 2793 venenum
2993 2736 3169 2790 habet.
3203 2736 3344 2805 Roga
3374 2744 3556 2789 contra
3583 2733 3753 2795 illam,

2176 2832 2223 2886 si
2251 2832 2328 2885 vis
2352 2830 2655 2893 ascendere,
2684 2838 2736 2885 et
2774 2829 2859 2883 dic
2894 2828 3001 2882 Deo
3036 2836 3125 2881 tuo
3153 2844 3165 2879 :
3197 2825 3440 2889 Domine,
3478 2839 3596 2877 erue
3632 2824 3757 2876 ani-

2179 2940 2311 2978 mam
2332 2938 2493 2976 meam
2517 2939 2549 2975 a
2576 2921 2719 2975 labiis
2740 2920 2937 2987 iniustis
2960 2927 3005 2972 et
3029 2935 3059 2970 a
3080 2918 3250 2988 lingua
3276 2916 3470 2969 dolosa.

2250 3017 2299 3071 5.
2332 3016 2479 3087 [vers.
2512 3012 2647 3085 5-5.]
2684 3015 2745 3067 Et
2772 3012 2898 3066 dicit
2929 3010 3017 3065 tibi
3046 3010 3298 3064 Dominus
3324 3016 3462 3071 tuus,
3494 3006 3630 3072 Quid
3655 3006 3755 3059 da-

2181 3108 2313 3162 bitur
2339 3109 2444 3171 tibi,
2472 3116 2557 3159 aut
2592 3106 2711 3176 quid
2729 3114 3009 3173 apponetur
3038 3101 3125 3155 tibi
3146 3102 3212 3153 ad
3239 3100 3463 3169 linguam
3490 3097 3759 3151 dolosam?

2182 3199 2238 3256 Id
2261 3208 2361 3263 est,
2388 3198 2527 3268 quod
2559 3196 2754 3251 habeas
2777 3194 3030 3248 adversus
3060 3193 3287 3261 linguam
3318 3189 3552 3243 dolosam
3574 3230 3589 3253 ,
3612 3186 3760 3257 quod

2182 3305 2418 3359 opponas
2463 3289 2654 3356 lingua:
2682 3286 2879 3340 dolosa:
2906 3297 3055 3353 ,gquo
3084 3290 3135 3336 te
3161 3281 3367 3335 munias
3387 3279 3637 3337 adversus
3658 3278 3761 3330 lin-

2181 3395 2337 3451 gnam
2378 3378 2635 3443 dolosam,
2668 3376 2788 3446 quid
2824 3375 2912 3429 tibi
2937 3374 3156 3437 dabitur,
3197 3380 3282 3424 aut
3318 3370 3439 3440 quid
3478 3377 3771 3439 npponetur.

2185 3473 2309 3527 tibi?
2354 3470 2695 3540 Interrogavit
2740 3482 3026 3532 exercens;
3073 3480 3193 3518 nam
3237 3464 3351 3532 ipse
3396 3461 3634 3517 dicturus
3676 3468 3761 3514 est

2186 3567 2324 3637 quod
2363 3566 2670 3633 interrogat.
2702 3558 2995 3630 Respondit
3021 3558 3159 3613 enim
3181 3598 3196 3623 ,
3225 3554 3510 3623 subjiciens
3535 3551 3633 3606 sibi
3671 3550 3762 3605 in-

2190 3655 2494 3725 terroganti,
2536 3653 2748 3724 Sagitta:
2777 3651 2987 3721 potentis
3008 3657 3185 3713 acutte,
3214 3663 3327 3699 cum
3348 3645 3641 3699 carbonibus
3666 3642 3767 3695 de-

2188 3746 2472 3808 solatoriis;
2519 3744 2641 3808 vel,
2686 3740 3034 3795 vastator-ibus.
3084 3738 3211 3793 Sive
3249 3734 3560 3790 desolatoriis
3588 3732 3762 3795 dicas,

2190 3839 2306 3893 sive
2328 3835 2658 3891 vastatoribus
2685 3832 2833 3889 dicas
2863 3831 3018 3902 (nam
3047 3830 3097 3883 in
3130 3827 3351 3883 diversis
3376 3824 3646 3880 codicibus
3674 3821 3765 3877 dio

2190 3943 2343 3985 verse
2367 3927 2620 3996 scriptum
2642 3922 2783 3993 est),
2811 3922 2949 3977 idem
2980 3918 3255 3991 significat.
3290 3916 3507 3971 Videte:
3530 3923 3769 3968 vastato-

2192 4034 2278 4076 res
2306 4018 2565 4074 carbones
2590 4015 2854 4080 dicuntur,
2880 4012 3000 4083 quia
3028 4009 3283 4065 vastando
3304 4017 3356 4064 et
3380 4004 3670 4062 desolando
3694 4004 3768 4059 ad

2193 4109 2570 4166 desolationem
2593 4106 2744 4161 facile
2764 4104 3075 4174 perducunt.
3098 4100 3197 4167 Qui
3221 4108 3344 4155 sunt
3360 4099 3443 4153 isti
3464 4097 3726 4153 carbones
3741 4095 3775 4157 *ἶ⁸

2194 4201 2454 4270 Intelligat
2475 4197 2714 4253 Charitas
2740 4203 2915 4250 vestra
2938 4193 3105 4263 primo
3129 4206 3247 4261 qua:
3266 4197 3389 4244 sunt
3411 4186 3632 4256 sagitta).
3663 4184 3770 4240 Sa-

2195 4296 2331 4366 gith
2360 4290 2571 4361 potentis
2595 4297 2771 4352 acutae,
2800 4286 2960 4341 verba
2996 4284 3089 4339 Dei
3131 4290 3272 4337 sunt.
3317 4280 3454 4335 Ecce
3474 4279 3766 4348 jaciuntur,

2196 4394 2251 4441 et
2272 4380 2579 4450 tra’nsfigunt
2603 4377 2764 4434 corda
2793 4395 2806 4431 :
2838 4375 2930 4431 sed
2959 4388 3080 4428 cum
3110 4372 3359 4427 transﬁxa
3387 4368 3578 4424 fuerint
3604 4366 3769 4422 corda

2198 4474 2404 4545 sagittis
2449 4466 2599 4528 verbi
2640 4470 2766 4534 Dei,
2816 4482 2965 4521 amor
3008 4465 3265 4520 excitatur
3285 4464 3328 4530 ’,
3373 4474 3479 4517 non
3521 4460 3773 4515 interitus

2198 4572 2553 4634 comparatur.
2605 4559 2760 4614 Novit
2796 4556 3049 4613 Dominus
3087 4555 3332 4625 sagittare
3373 4552 3437 4607 ad
3472 4566 3710 4605 amorem
3748 4569 3762 4581 ·

2200 4669 2255 4715 et
2297 4671 2453 4713 nemo
2495 4654 2765 4724 pulchrius
2808 4650 3020 4720 saginat
3061 4647 3129 4702 ad
3174 4661 3431 4711 amorem,
3476 4658 3637 4715 quam
3680 4643 3771 4714 qui

2201 4750 2363 4805 verbo
2391 4747 2629 4816 sagittat;
2677 4743 2783 4796 imo
2820 4741 3033 4810 sagittat
3070 4752 3164 4792 cor
3199 4735 3445 4799 amantis,
3472 4743 3530 4787 ut.
3557 4733 3777 4802 adjuvet

2201 4849 2462 4895 amantem
2486 4854 2499 4902 ;
2527 4836 2755 4904 saginat,
2778 4839 2837 4886 ut
2865 4830 3019 4897 faciat
3036 4835 3322 4882 amantem.
3352 4825 3564 4895 Sagith
3590 4834 3770 4879 autem

2202 4942 2344 4998 sunt,
2375 4945 2492 4986 cum
2522 4929 2724 4998 agimus
2740 4924 2933 4979 verbis.
2960 4920 3229 4977 Carbones
3267 4927 3441 4973 autem
3478 4923 3785 4971 vastatores.

2203 5024 2292 5094 qui
2339 5021 2498 5077 sunt?
2548 5019 2738 5072 Parum
2785 5022 2867 5069 est
2897 5012 3072 5067 verbis
3109 5023 3266 5079 agere
3309 5015 3495 5062 contra
3536 5006 3778 5076 linguam

2166 5124 2169 5125 '
2204 5111 2478 5168 subdolam
2507 5116 2560 5162 et
2585 5105 2720 5161 labia
2751 5104 2945 5170 iniqua,
2972 5114 3153 5168 parum
3186 5107 3267 5153 est
3285 5097 3459 5152 verbis
3487 5110 3683 5164 agere;
3725 5104 3780 5150 et

2203 5200 2460 5271 exemplis
2483 5194 2743 5267 agendum
2770 5199 2868 5246 est.
2897 5189 3150 5257 Exempla
3177 5195 3301 5241 sunt
3319 5186 3576 5242 carbones
3597 5196 3778 5240 vasta-

2206 5301 2369 5347 tores.
2398 5290 2465 5344 Et
2486 5300 2650 5357 quare
2674 5290 2966 5338 vastatores
2988 5278 3254 5342 dicuntur,
3287 5276 3519 5330 breviter
3548 5275 3777 5344 accipiat

2206 5383 2450 5437 Charitas
2475 5386 2670 5433 vestra.
2710 5373 2903 5433 Primo,
2936 5368 3200 5439 quomodo
3231 5365 3484 5435 exemplis
3513 5366 3779 5436 agendum

2208 5478 2296 5538 sit,
2326 5472 2517 5527 videte.
2550 5468 2747 5537 Lingua
2770 5462 2987 5518 subdola
3019 5459 3151 5514 nihil
3176 5460 3253 5513 sic
3278 5457 3424 5511 novit
3449 5456 3651 5520 dicere,
3675 5472 3781 5526 quo

2210 5566 2377 5634 magis
2402 5560 2619 5616 subdola
2644 5565 2748 5624 est,
2778 5555 2899 5621 nisi,
2930 5553 3062 5608 Vide
3094 5569 3160 5607 ne
3189 5567 3292 5605 non
3326 5550 3497 5620 possis
3522 5550 3781 5621 implere;

2275 5699 2289 5729 ι
2330 5697 2495 5745 Plures
2517 5700 2644 5755 uss,
2668 5696 2717 5739 nt
2736 5686 2978 5738 laudando
2994 5683 3227 5755 me_f.'.'lso,
3252 5697 3282 5733 a
3300 5696 3425 5743 uera,
3454 5688 3548 5736 etc.

2276 5762 2296 5791 ⁸
2321 5767 2419 5807 Am.
2448 5764 2495 5804 et
2516 5754 2733 5817 plerique
2756 5757 2881 5809 Mss,
2918 5754 3225 5798 exercitatur.
