4074 6484
282 419 412 473 1601

279 529 506 582 inultum
552 535 634 584 est
668 523 732 582 ad
764 537 814 582 te
842 523 942 581 hoc
968 523 1200 595 aggredi.
1243 521 1504 590 Aceepisti
1557 530 1611 574 tu
1655 531 1860 590 prtece-

281 632 430 692 ptum
477 620 839 690 evangelicum
868 660 883 684 ,
929 617 1090 670 habes
1130 615 1407 682 sagittam;
1463 611 1555 666 sed
1600 609 1862 665 carbones

283 712 519 768 nondum
550 713 735 766 habes.
765 707 1078 765 Timendum
1107 721 1173 760 ne
1200 706 1386 776 sagitta
1419 704 1530 756 sola
1561 717 1662 755 non
1691 701 1864 755 valeat

279 805 538 860 adversus
563 805 794 874 linguam
815 802 1051 856 dolosam
1079 817 1091 852 :
1115 807 1238 852 sunt
1258 806 1310 852 et
1334 796 1610 851 carbones.
1642 794 1858 864 Utputa,

281 895 464 968 incipit
504 897 646 952 enim
685 895 776 950 libi
812 895 988 949 dicere
1029 893 1190 954 Deus,
1221 890 1300 944 Tn
1342 905 1446 944 non
1488 900 1670 957 potes,
1697 903 1863 957 quare

280 989 370 1044 ille
401 988 616 1058 potest?
645 1001 810 1056 quare
831 985 964 1040 alter
983 983 1188 1054 potuit?
1217 979 1478 1052 Numquid
1505 989 1558 1034 ιιι
1589 974 1863 1034 delicatior

280 1096 338 1133 cs
365 1079 456 1134 illo
484 1079 764 1134 senatore?
793 1075 1044 1146 numquid
1069 1087 1118 1130 tu
1143 1075 1403 1128 infirmior
1431 1089 1490 1129 es
1521 1073 1630 1140 illo,
1660 1081 1752 1126 aut
1775 1069 1865 1127 illo

283 1172 334 1226 in
383 1171 773 1226 valetudine‘?
808 1167 1060 1236 ntnnqnid
1109 1179 1164 1223 tu
1212 1167 1468 1220 infirmior
1510 1182 1568 1220 es
1611 1165 1864 1221 feminis?

285 1261 523 1316 Feminae
553 1269 862 1332 potuerunt,
891 1256 986 1314 viri
1017 1274 1120 1313 non
1151 1257 1406 1327 possunt?
1434 1251 1642 1312 delicati
1673 1251 1864 1310 divites

280 1361 606 1424 potuerunt,
649 1367 911 1424 pauperes
957 1368 1060 1406 non
1106 1351 1366 1422 possunt?
1393 1349 1498 1440 Sed
1525 1364 1643 1434 ego,
1674 1343 1862 1417 inquit,

283 1450 510 1503 multum
541 1447 776 1518 peccavi,
808 1455 862 1500 et
884 1445 1104 1500 multum
1136 1451 1382 1513 peccator
1407 1437 1542 1498 sum.
1571 1437 1866 1496 Numeran-

283 1549 372 1596 tur
406 1543 566 1597 etiam
595 1541 682 1612 qui
711 1540 934 1594 multum
972 1546 1353 1609 peccaverunt;
1401 1545 1451 1590 et
1481 1552 1546 1591 eo
1571 1537 1687 1606 plus
1715 1550 1863 1588 ama-

280 1643 494 1699 verunt,
514 1650 617 1702 quo
645 1633 794 1703 plura
825 1633 927 1686 illis
947 1631 1164 1685 dimissa
1191 1637 1345 1684 sunt:
1373 1628 1639 1697 quomodo
1665 1627 1862 1682 dictum

280 1733 368 1778 est
409 1723 460 1778 in
511 1723 821 1792 Evangelio,
855 1721 947 1776 Cui
991 1721 1244 1776 modicum
1281 1721 1582 1786 dimittitur,
1614 1719 1865 1772 modicum

282 1816 450 1886 diligit
477 1815 496 1884 (
523 1813 644 1868 an.
676 1830 764 1876 vn,
799 1815 865 1868 47
895 1811 935 1884 ).
977 1812 1106 1867 Cum
1138 1828 1264 1882 ergo
1295 1811 1488 1866 fuerint
1518 1813 1615 1866 ista
1646 1827 1864 1866 enume-

279 1914 416 1968 rata,
451 1914 504 1959 et
545 1905 852 1958 nominatim
883 1904 1009 1958 dicti
1043 1902 1235 1958 fuerint
1281 1902 1521 1956 homines
1550 1903 1638 1972 qui
1679 1912 1864 1972 potue-

279 2003 428 2060 runt,
450 1994 538 2049 ille
559 2003 772 2064 accepta
799 1995 987 2064 sagitta
1019 1995 1070 2048 in
1099 1993 1278 2058 corde,
1305 1987 1679 2047 accedentibus
1701 1993 1862 2048 etiam

279 2083 601 2141 carbonibus
629 2082 998 2152 desolatoriis,
1027 2081 1296 2140 desolatur
1332 2083 1382 2139 in
1415 2081 1505 2138 illo
1534 2093 1744 2139 terrena
1773 2098 1865 2138 coa-

278 2177 484 2248 gitatio.
514 2175 646 2245 Quid
679 2186 758 2233 est
787 2175 927 2233 enim
951 2218 967 2241 ,
1009 2175 1316 2231 desolatur?
1357 2175 1438 2230 Ad
1481 2171 1862 2230 desolationem

277 2270 610 2340 perducitur.
647 2271 807 2326 Erant
831 2279 1007 2326 autem
1037 2272 1088 2324 in
1121 2265 1210 2326 illo
1233 2267 1394 2324 multa
1416 2286 1532 2340 qua:
1560 2267 1698 2322 male
1719 2268 1864 2323 fron-

276 2362 524 2428 duerant,
544 2364 724 2418 multa:
745 2361 990 2420 carnales
1013 2361 1384 2434 cogitationes,
1409 2359 1693 2416 sa3culares
1715 2359 1864 2416 multi

277 2468 491 2508 amores
520 2473 532 2508 :
563 2451 660 2524 ipsi
687 2465 911 2508 uruntur
947 2447 1267 2510 carbonibus
1299 2453 1658 2518 desolatoriis,
1689 2461 1744 2506 ut
1773 2452 1866 2506 fiat

277 2560 442 2614 purus
485 2545 632 2600 locus
680 2545 972 2616 desolatus,
1011 2547 1062 2601 in
1105 2547 1254 2616 cujus
1293 2547 1394 2601 loci
1429 2547 1658 2616 puritate
1706 2545 1864 2600 faciat

277 2635 424 2692 Deus
448 2637 724 2692 :edilicium
751 2653 938 2705 suum;
981 2640 1102 2710 quia
1134 2639 1269 2694 facta
1315 2648 1430 2694 erat
1467 2635 1537 2694 ibi
1565 2641 1716 2692 ruina
1744 2633 1864 2694 dia-

277 2728 408 2795 boli,
439 2737 494 2784 et
520 2731 809 2786 :edilicatur
834 2731 906 2786 ibi
935 2731 1180 2786 Christus
1213 2749 1226 2784 :
1261 2747 1380 2786 nam
1409 2731 1658 2800 quamdiu
1687 2741 1864 2786 manet

275 2817 350 2877 ibi
390 2821 651 2888 diabolus,
685 2838 788 2877 non
815 2833 989 2892 potest
1018 2824 1268 2877 aedificari
1297 2823 1558 2878 Christus.
1592 2823 1866 2878 Accedunt

277 2913 540 2968 carbones
579 2913 908 2979 desolatorii,
940 2923 993 2968 et
1031 2911 1284 2984 dejiciunt
1326 2914 1465 2984 quod
1510 2913 1650 2968 male
1694 2913 1865 2968 fuerat

277 3003 614 3070 aedificatum,
655 3013 708 3059 et
747 2997 989 3060 desolato
1014 3002 1132 3059 loco
1162 3003 1366 3060 accedit
1390 3013 1654 3058 structura
1685 3003 1863 3060 felici-

277 3093 403 3147 tatis
431 3103 716 3163 perpetuaa.
745 3085 934 3148 Videte
957 3109 1084 3165 ergo
1109 3111 1274 3164 quare
1295 3093 1418 3148 dicti
1441 3101 1563 3148 sunt
1582 3094 1859 3150 carbones.

277 3184 412 3250 Quia
442 3184 532 3254 qui
561 3199 620 3240 se
643 3195 963 3240 convertunt
991 3183 1056 3240 ad
1084 3185 1386 3250 Dominum,
1424 3185 1492 3240 de
1530 3186 1751 3241 mortuis
1777 3201 1864 3242 re-

276 3273 560 3329 viviscunt.
609 3273 881 3331 Carbunes
909 3285 1086 3330 autem
1113 3273 1324 3345 quando
1351 3275 1734 3339 accenduntur,
1763 3292 1864 3330 an-

279 3375 496 3436 tequam
522 3363 961 3434 accenderentur,
989 3367 1232 3421 exstincti
1261 3375 1432 3422 erant.
1460 3365 1592 3422 Nam
1615 3361 1863 3423 exsdncti

277 3457 562 3525 carbones,
603 3455 798 3514 mortui
843 3457 1122 3524 dicuntur;
1156 3457 1426 3524 ardentes,
1455 3458 1556 3513 vivi
1587 3459 1864 3530 appellan-

279 3557 386 3603 tur.
420 3549 676 3619 Exempla
703 3565 830 3620 ergo
861 3546 1150 3604 multortnn
1180 3543 1478 3621 iniquorum
1502 3551 1591 3620 qui
1622 3550 1864 3606 conversi

278 3649 404 3694 sunt
421 3639 486 3694 ad
507 3640 812 3708 Dominum,
841 3639 1102 3696 carbones
1123 3639 1246 3696 dicti
1274 3647 1417 3696 sunt.
1437 3639 1605 3696 Audis
1621 3640 1865 3698 homines

279 3731 484 3796 mirari,
509 3739 563 3786 et
584 3731 781 3797 dicere,
807 3733 918 3804 Ego
949 3730 1096 3787 illum
1127 3733 1268 3800 novi,
1297 3749 1454 3804 quam
1481 3729 1723 3790 ebriosus
1745 3733 1860 3804 fuit,

279 3836 440 3890 quam
458 3821 766 3888 sceleratus,
786 3823 957 3892 qualis
979 3829 1184 3878 amator
1203 3823 1328 3878 circi
1347 3833 1436 3878 aut
1463 3825 1862 3895 amphitheatri,

281 3913 452 3982 qualis
493 3911 806 3969 fraudator:
835 3913 995 3970 modo
1034 3911 1300 3985 quomodo
1346 3917 1456 3971 Deo
1493 3918 1678 3982 servit,
1706 3929 1864 3987 quam

285 4005 546 4060 innocens
577 4006 745 4062 factus
769 4008 878 4062 est!
920 4007 1034 4062 Noli
1080 4009 1294 4074 mirari;
1343 4005 1503 4065 carbo
1543 4019 1644 4066 est.
1675 4011 1864 4066 Vitium

282 4095 518 4164 gaudes,
570 4110 727 4166 quem
779 4098 1096 4152 exstinctum
1146 4098 1450 4168 plangehas.
1507 4096 1612 4156 Sed
1656 4101 1868 4171 quando

283 4187 470 4243 laudas
497 4188 672 4242 vivum
695 4231 711 4254 ,
742 4189 785 4242 si
820 4190 956 4244 nosti
988 4189 1224 4254 laudare,
1257 4189 1450 4246 adhibe
1485 4189 1630 4246 illum
1659 4202 1870 4247 mortuo

285 4289 346 4334 ut
387 4280 738 4348 accendatur;
790 4274 848 4336 id
886 4291 987 4345 est,
1020 4283 1338 4354 quicumque
1380 4284 1552 4340 adhuc
1598 4283 1745 4354 piger
1787 4295 1869 4342 est

284 4373 440 4442 sequi
485 4373 670 4436 Deum,
699 4373 924 4430 admove
967 4375 1044 4428 illi
1093 4375 1375 4430 carbonem
1404 4377 1494 4446 qui
1532 4385 1644 4432 erat
1673 4378 1870 4433 exstin-

285 4473 406 4518 ctus
429 4505 445 4529 ,
491 4471 549 4519 et
575 4464 767 4518 habeto
793 4465 1037 4536 sagittam
1065 4466 1212 4520 verbi
1237 4467 1352 4534 Dei,
1381 4476 1435 4523 et
1462 4465 1747 4524 carbonem
1775 4486 1869 4524 va-

287 4565 580 4624 statorem,
617 4565 676 4612 ut
711 4573 961 4614 occurras
1005 4559 1155 4615 labiis
1195 4559 1386 4631 iniquis
1422 4571 1476 4617 et
1515 4559 1708 4634 linguae
1747 4563 1870 4618 sub-

288 4648 448 4702 dolaa.

361 4738 416 4792 6.
455 4737 592 4806 Quid
629 4740 902 4810 sequitur?
943 4741 1160 4812 Accepit
1197 4741 1294 4798 iste
1337 4741 1552 4814 sagittas
1595 4743 1870 4814 ardentes,

291 4830 515 4900 accipiat
560 4830 818 4887 carbones
865 4841 1176 4887 vastatores.
1226 4831 1342 4888 .lam
1393 4835 1597 4904 repellit
1645 4837 1873 4908 linguam

290 4923 570 4976 subdolam
601 4931 654 4977 et
686 4923 824 4978 labia
854 4923 1029 4993 iniqua
1053 4967 1068 4992 ,
1105 4925 1212 4994 jam
1242 4926 1481 4981 ascendit
1508 4929 1758 4997 gradum,
1792 4931 1874 4984 in-

293 5014 422 5084 cipit
449 5015 704 5084 prolicere
733 5035 746 5070 :
775 5016 867 5072 sed
896 5017 1069 5072 adhuc
1097 5015 1222 5073 vivit
1245 5019 1384 5074 inter
1409 5020 1596 5086 malos,
1621 5019 1759 5076 inter
1780 5023 1877 5076 ini-

293 5120 465 5175 quos;
497 5105 734 5163 nondum
763 5117 846 5164 est
869 5124 991 5165 area
1020 5111 1268 5165 ventilata
1301 5128 1314 5165 :
1345 5121 1467 5181 puta
1496 5114 1616 5182 quia
1645 5114 1876 5168 triticum

297 5195 492 5251 factum
523 5205 634 5262 est,
667 5199 922 5270 numquid
949 5200 1056 5270 jam
1096 5202 1134 5254 in
1191 5200 1383 5256 horreo
1408 5202 1529 5256 est?
1565 5199 1753 5258 Adhuc
1781 5220 1878 5260 ne-

293 5304 448 5344 cesse
475 5300 555 5343 est
585 5289 746 5344 multa
781 5291 925 5360 palea
959 5301 1262 5361 prematur;
1289 5301 1343 5348 et
1367 5301 1619 5364 quantum
1649 5297 1878 5365 prolicit,

297 5387 501 5433 tantum
534 5378 676 5434 videt
703 5379 903 5449 majora
933 5381 1178 5436 scandala
1210 5383 1262 5437 in
1295 5381 1508 5454 pupulo.
1541 5385 1671 5439 Nam
1702 5385 1747 5440 si
1777 5404 1879 5442 non

299 5469 560 5540 proficiat,
593 5486 698 5525 non
726 5471 869 5526 videt
898 5471 1230 5542 iniquitates;
1259 5475 1302 5528 si
1330 5491 1434 5530 non
1461 5473 1531 5530 sit
1559 5493 1716 5532 verax
1743 5479 1884 5534 chri-

299 5562 504 5615 stianos
528 5603 540 5624 ,
571 5577 676 5616 non
710 5562 848 5616 videt
887 5565 1055 5617 fictos.
1087 5563 1298 5619 Etenim
1319 5606 1334 5631 ,
1369 5565 1592 5633 fratres,
1623 5578 1676 5624 ct
1701 5569 1768 5624 de
1797 5569 1882 5624 illa

301 5651 649 5706 similitudine
677 5653 777 5706 hoc
808 5668 904 5706 nos
931 5651 1085 5709 docet
1117 5653 1367 5710 Dominus
1387 5700 1400 5724 ,
1429 5656 1494 5714 de
1527 5657 1803 5716 frumentis
1831 5671 1886 5717 et

367 5805 382 5836 ⁸
414 5804 602 5868 Aliquot
626 5813 750 5868 Mss,
769 5811 852 5856 aut
875 5803 956 5856 αιο
974 5805 1200 5859 invalido.

1379 403 1770 465 EN.\RR.\T|0
1809 401 1872 458 ΙΝ
1913 401 2228 460 l‘S.\l..‘ilUM
2269 407 2452 460 CXIX.

3417 413 3554 474 1602

1971 513 2203 568 zizaniis.
2235 517 2358 572 Cum
2389 530 2552 572 autem
2580 523 2806 574 crevisset
2833 519 2984 577 herba
3014 537 3060 579 et
3087 532 3308 597 fructum
3333 533 3548 603 fecisset,

1971 613 2086 659 tunc
2109 622 2451 678 apparuerunt
2478 621 2524 664 et
2551 613 2748 666 zizzmirt
2778 615 2794 684 (
2819 615 3004 670 Matth.
3037 636 3148 684 xm,
3179 622 3280 693 26)
3309 643 3320 678 :
3353 625 3402 679 id
3433 639 3514 682 est

1970 697 2090 762 quin
2117 699 2243 752 nulli
2269 701 2466 755 homini
2491 717 2744 771 apparent
2773 708 2916 772 mali,
2941 709 3039 764 nisi
3069 710 3236 766 flictus
3261 715 3415 770 fuerit
3439 719 3550 785 ipse

1972 785 2170 854 b0nus;
2195 791 2314 859 quia
2336 809 2448 846 cum
2467 796 2691 848 crevisset
2713 797 2862 852 herba
2881 810 2926 852 et
2947 805 3170 870 fructum
3191 807 3405 874 fecisset,
3431 820 3550 863 tunc

1967 893 2310 948 apparuerunt
2339 883 2555 938 zizania.
2584 885 2698 941 .lam
2727 904 2852 959 ergo
2883 891 2982 947 iste
3010 895 3171 963 cmpit
3197 899 3471 966 prolicere,
3498 909 3552 954 et

1968 971 2128 1039 coepit
2154 972 2330 1027 videre
2362 977 2546 1042 malos,
2577 987 2630 1030 et
2659 979 2823 1034 multa
2855 983 2991 1036 mala
3019 999 3136 1053 quae
3164 996 3286 1041 ante
3311 1005 3415 1044 non
3447 1007 3551 1044 no-

1969 1072 2136 1129 verat,
2164 1071 2216 1117 ct
2245 1063 2436 1119 clamat
2466 1067 2532 1120 ad
2567 1067 2842 1125 Dominum
2876 1089 2887 1125 :
2927 1073 3038 1126 Heu
3064 1093 3159 1142 me,
3191 1081 3324 1147 quod
3353 1082 3549 1136 incola-

1969 1161 2050 1204 tus
2085 1167 2223 1206 meus
2265 1154 2563 1226 longinquus
2584 1199 2598 1218 ,
2631 1160 2830 1230 inquit,
2858 1163 3019 1230 factus
3059 1168 3166 1220 est!
3192 1169 3412 1226 Multum
3439 1189 3467 1226 a
3499 1185 3549 1230 te

1971 1245 2184 1309 recessi,
2209 1249 2557 1316 peregrinatio
2579 1268 2692 1306 mea
2716 1253 2849 1309 facta
2871 1266 2954 1312 est
2979 1257 3280 1331 longinqua.
3303 1263 3547 1322 Nondum

1969 1338 2088 1391 veni
2128 1339 2179 1392 in
2219 1341 2442 1408 patriam
2487 1337 2660 1410 illam,
2694 1347 2780 1400 ubi
2816 1363 2935 1402 cum
2971 1351 3116 1406 nullo
3145 1355 3287 1409 malo
3313 1356 3548 1414 victurus

1969 1441 2084 1481 sum
2111 1445 2125 1492 ;
2161 1429 2394 1484 nondum
2429 1433 2545 1485 veni
2578 1434 2642 1486 ad
2673 1435 2812 1490 illam
2843 1441 3150 1496 societatem
3189 1445 3508 1514 Angelorum
3530 1489 3545 1512 ,

1971 1517 2056 1571 ubi
2095 1520 2340 1574 scandala
2371 1536 2474 1576 non
2510 1524 2723 1579 timebo.
2756 1525 2932 1592 Quare
2957 1540 3132 1586 autem
3163 1537 3396 1590 nondum
3427 1555 3544 1594 sum

1969 1609 2078 1664 ibi?
2106 1611 2236 1678 Quia
2267 1613 2516 1668 incolatus
2547 1631 2682 1670 meus
2708 1619 3006 1691 longinquus
3032 1629 3192 1694 factus
3219 1639 3309 1683 est.
3337 1631 3544 1686 Incola-

1970 1709 2052 1754 tns
2079 1701 2427 1772 peregrinatio
2448 1715 2529 1759 est.
2553 1725 2564 1760 :
2593 1707 2760 1762 incola
2783 1708 2977 1778 dicitur
2994 1716 3082 1784 qui
3105 1716 3303 1773 habitat
3329 1721 3378 1774 in
3403 1731 3542 1776 terra

1967 1791 2158 1856 aliena,
2191 1809 2295 1848 non
2327 1794 2378 1848 in
2409 1796 2620 1852 civitate
2643 1814 2758 1854 sua.
2787 1799 3132 1873 Longinqttus,
3167 1809 3350 1878 inquit,
3369 1817 3548 1883 factus

1966 1891 2038 1936 est
2062 1884 2307 1939 incolat’us
2337 1903 2493 1941 meus.
2526 1889 2590 1943 Et
2615 1891 2700 1946 ubi
2728 1893 3080 1965 longinquus?
3101 1895 3416 1968 Aliquando,
3443 1904 3548 1958 fra-

1967 1983 2076 2029 tres
2103 1979 2238 2042 mei,
2265 1993 2385 2032 cum
2417 1983 2781 2052 peregrinatur
2805 1986 2964 2044 Ιιοηιο
2987 2029 3003 2054 ,
3031 1989 3170 2045 inter
3199 1993 3443 2049 meliores
3467 1998 3549 2050 vi-

1967 2065 2059 2133 vit,
2083 2083 2240 2138 qnam
2265 2069 2313 2122 in
2344 2073 2512 2139 patria
2539 2087 2633 2128 sua
2662 2075 2798 2130 forte
2823 2077 3024 2133 viveret
3049 2098 3060 2131 :
3085 2081 3177 2134 sed
3209 2100 3311 2136 non
3339 2085 3416 2140 sic
3439 2095 3542 2152 est,

1966 2159 2175 2228 quando
2195 2160 2260 2215 de
2284 2163 2369 2218 illa
2391 2163 2684 2220 Jerusalem
2707 2168 2908 2222 cmlesti
2938 2173 3354 2240 peregrinamnr.
3382 2177 3546 2232 Mutat

1967 2251 2107 2306 crtitn
2138 2251 2300 2308 homo
2329 2257 2590 2324 patriam,
2623 2267 2678 2312 et
2704 2257 2986 2328 aliquando
3027 2263 3079 2316 in
3125 2266 3548 2335 peregrinatione

1966 2341 2040 2396 illi
2087 2343 2222 2399 bene
2260 2351 2342 2400 est
2376 2364 2388 2399 :
2421 2347 2618 2402 invenit
2659 2351 2861 2405 amicos
2903 2347 3085 2407 ﬁdeles
3127 2356 3542 2426 peregrinando,

1967 2448 2098 2502 quos
2129 2437 2181 2488 in
2219 2437 2384 2506 patria
2413 2437 2654 2494 invenire
2683 2455 2786 2496 non
2821 2443 3008 2510 potuit.
3051 2444 3292 2501 Inimicos
3328 2447 3544 2518 habuit,

1967 2532 2026 2576 ut
2049 2523 2116 2577 de
2147 2527 2314 2594 patria
2345 2529 2661 2596 pelleretur;
2693 2540 2747 2586 et
2775 2547 2892 2586 cum
2925 2536 3366 2604 peregrinaretur,
3400 2539 3548 2594 inve-

1965 2613 2044 2670 nit
2073 2615 2211 2685 quod
2239 2633 2342 2672 non
2373 2618 2602 2676 habebat
2625 2622 2678 2676 in
2707 2625 2894 2691 patria.
2921 2624 3032 2679 Non
3061 2626 3137 2680 sle
3161 2635 3242 2681 est
3269 2629 3433 2697 patria
3459 2629 3546 2684 illa

1965 2705 2294 2774 Jerusalem,
2328 2709 2414 2763 ubi
2442 2725 2630 2766 omnes
2671 2711 2794 2768 boni
2843 2729 2858 2768 ε
2899 2717 3217 2788 quicumque
3257 2719 3380 2775 inde
3421 2736 3546 2790 per-

1969 2796 2244 2866 egrinatur
2262 2839 2276 2860 ,
2305 2799 2445 2854 inter
2471 2802 2638 2856 malos
2665 2813 2774 2867 est;
2807 2819 2910 2860 nec
2932 2807 3182 2864 recedere
3214 2825 3242 2864 a
3269 2811 3418 2866 malis
3447 2829 3548 2883 po-

1967 2895 2100 2952 test,
2135 2887 2238 2942 nisi
2267 2905 2386 2942 eum
2419 2891 2634 2946 redierit
2660 2894 2724 2946 ad
2759 2895 3066 2951 societatem
3105 2901 3456 2968 Angelorum,
3491 2912 3547 2958 ut

1966 2979 2037 3034 ibi
2077 2979 2146 3034 sit
2184 2981 2324 3036 unde
2365 2985 2753 3052 peregrinatur.
2789 2985 2859 3041 lbi
2889 3003 3076 3043 omnes
3109 2989 3236 3058 justi
3264 3001 3318 3046 et
3347 2996 3545 3061 sancti;

1966 3069 2056 3139 qui
2097 3070 2348 3125 fruuntur
2379 3071 2551 3126 Verbo
2583 3073 2676 3128 Dei
2717 3075 2832 3130 sine
2864 3077 3128 3144 lectione,
3157 3081 3270 3135 sine
3302 3083 3496 3138 litteris
3529 3101 3543 3138 :

1965 3159 2106 3227 quod
2132 3162 2272 3214 enim
2301 3161 2454 3216 nobis
2475 3177 2572 3232 per
2595 3164 2812 3234 paginas
2834 3167 3084 3235 scriptum
3107 3179 3208 3236 est,
3239 3187 3334 3238 per
3356 3171 3544 3228 faciem

1965 3249 2062 3305 Dei
2093 3251 2164 3304 illi
2193 3263 2437 3307 cernunt.
2471 3253 2652 3319 Qualis
2682 3255 2884 3323 patria!
2916 3258 3098 3328 Magna
3127 3261 3324 3330 patria,
3355 3274 3409 3318 et
3443 3265 3547 3318 mi-

1967 3342 2072 3397 seri
2103 3352 2225 3396 sunt
2250 3345 2510 3412 peregrini
2539 3346 2606 3400 ab
2633 3346 2716 3400 illa
2745 3348 2930 3415 patria.

2039 3433 2092 3488 7.
2123 3433 2226 3490 Sed
2253 3435 2394 3504 quod
2422 3436 2496 3489 ait
2523 3437 2641 3502 iste,
2671 3436 2969 3510 Longinqua
2995 3445 3129 3512 facta
3157 3453 3228 3498 est
3257 3446 3548 3516 peregrina-

1967 3527 2036 3580 tio
2065 3543 2214 3592 mea;
2239 3527 2468 3583 maxime
2494 3544 2678 3584 eorum
2705 3546 2803 3585 vox
2831 3541 2933 3600 est,
2962 3534 3014 3587 id
3040 3543 3141 3602 est,
3175 3537 3338 3606 ipsius
3365 3539 3548 3594 Eecle~

1967 3619 2096 3686 size,
2135 3634 2254 3689 qua:
2295 3620 2499 3676 laborat
2531 3621 2584 3675 in
2621 3621 2717 3678 hac
2755 3631 2913 3678 terra.
2957 3625 3101 3682 Illius
3141 3643 3242 3682 vox
3281 3639 3398 3695 est,
3430 3645 3548 3700 quae

1967 3711 2161 3766 clamat
2188 3725 2220 3765 a
2251 3711 2446 3768 finibus
2471 3721 2628 3768 terrae
2657 3713 2709 3768 in
2739 3715 2842 3770 alio
2880 3716 3084 3785 psalmo
3111 3718 3294 3774 dicens
3321 3737 3336 3774 :
3364 3721 3406 3774 Α
3431 3723 3550 3790 ﬁni-

1969 3801 2058 3855 bus
2083 3809 2228 3856 teme
2251 3804 2318 3854 ad
2342 3813 2389 3856 te
2411 3803 2644 3857 clamavi.
2667 3805 2797 3872 Quis
2823 3815 3057 3861 nostrqu
3085 3809 3276 3864 clamat
3300 3825 3331 3864 a
3355 3811 3549 3866 finibus

1971 3893 2162 3944 teme?
2189 3890 2300 3946 Nec
2329 3907 2449 3961 ego,
2479 3907 2576 3948 nec
2607 3903 2680 3958 tu,
2711 3909 2810 3949 nec
2835 3896 2926 3950 ille
2954 3913 2968 3950 :
2999 3899 3090 3953 sed
3116 3915 3146 3954 a
3177 3901 3367 3956 finibus
3393 3910 3550 3958 term

1969 3996 2081 4052 Ipsa
2121 3989 2228 4036 tota
2253 3985 2270 4014 ¹
2305 3981 2539 4038 Ecclesia
2561 4025 2577 4050 ,
2619 3991 2726 4038 tota
2769 3986 3048 4042 hmreditas
3083 3989 3280 4045 Christi
3317 3993 3547 4060 clamat;

1969 4070 2090 4141 quia
2128 4071 2364 4127 Ecclesia
2401 4072 2684 4129 bacreditas
2717 4077 2864 4142 ejus,
2894 4086 2946 4131 et
2979 4079 3046 4134 de
3085 4079 3320 4135 Ecclesia
3349 4083 3546 4138 dictum

1969 4173 2072 4228 est,
2099 4163 2310 4218 Postulo
2330 4181 2362 4218 a
2385 4181 2483 4232 me,
2505 4175 2550 4220 et
2571 4167 2699 4220 dabo
2722 4169 2810 4221 tibi
2831 4179 3000 4237 gentes
3023 4171 3362 4228 Itatreditatem
3388 4185 3547 4238 tuam,

1969 4263 2016 4308 et
2053 4256 2412 4324 possessionem
2447 4265 2582 4310 tuam
2619 4259 2853 4313 terminos
2891 4271 3038 4314 terra:
3067 4261 3245 4332 (Psal.
3277 4279 3310 4317 ιι
3331 4307 3344 4328 ,
3377 4265 3465 4335 8).
3493 4267 3550 4322 Si

1971 4359 2098 4416 ergo
2136 4347 2402 4415 possessio
2433 4348 2628 4404 Christi
2656 4363 2821 4419 usque
2849 4351 2913 4406 ad
2955 4353 3086 4408 fines
3125 4364 3309 4423 terrze,
3341 4367 3394 4411 et
3425 4373 3550 4428 pos-

1972 4438 2140 4494 sessio
2175 4436 2372 4494 Christi
2410 4455 2598 4496 omnes
2639 4443 2866 4509 sancti”,
2899 4454 2952 4498 et
2987 4459 3172 4501 omnes
3213 4451 3380 4504 sancti
3417 4465 3552 4505 unus

1975 4529 2135 4584 homo
2166 4531 2218 4585 in
2246 4532 2491 4598 Christo,
2523 4534 2644 4603 quia
2675 4529 2848 4590 unitas
2881 4547 3060 4592 sancta
3099 4540 3148 4594 in
3189 4539 3402 4596 Christo
3434 4551 3549 4606 est;

1977 4621 2093 4691 ipse
2124 4638 2259 4677 unus
2289 4623 2448 4678 homo
2475 4625 2630 4690 dicit,
2662 4627 2704 4678 Α
2732 4627 2916 4694 ﬁnibus
2945 4639 3090 4684 terra:
3123 4631 3191 4684 ad
3226 4643 3274 4686 te
3303 4631 3519 4687 clamavi
3537 4677 3552 4698 ,

1975 4715 2096 4768 dum
2133 4725 2397 4788 augeretur
2438 4733 2524 4772 cor
2561 4715 2723 4772 meum
2761 4719 2943 4790 (Psal.
2986 4738 3083 4788 Lx,
3112 4723 3199 4792 5).
3235 4724 3400 4794 llujus
3427 4740 3556 4794 ergo

1977 4807 2206 4862 hominis
2229 4809 2514 4879 longinqua
2547 4812 2900 4880 peregrinatio
2929 4813 3064 4868 fac'a
3089 4825 3170 4870 est
3199 4817 3337 4870 inter
3362 4817 3552 4872 malos.

1977 4897 2046 4951 Et
2073 4907 2320 4967 tanquam
2347 4900 2612 4954 diceretur
2641 4902 2750 4968 illi,
2777 4903 2910 4958 Cum
2937 4906 3128 4974 quibus
3153 4921 3282 4976 ergo
3311 4907 3516 4961 habitas
3538 4950 3553 4973 ,

1980 4995 2036 5040 ut
2064 4989 2282 5056 gemas?
2316 4987 2693 5060 Peregrinatio,
2733 4993 2934 5063 inquit,
2965 5013 3074 5049 mea
3113 4997 3383 5068 longinqua
3421 5001 3558 5068 facta

1987 5087 2078 5130 est.
2102 5078 2206 5132 Sed
2227 5079 2376 5147 quid,
2401 5081 2446 5133 si
2473 5095 2592 5135 cum
2622 5081 2776 5137 bouis
2797 5087 2977 5140 esset?
3000 5086 3054 5142 Si
3073 5103 3194 5142 cum
3223 5090 3372 5143 bonis
3395 5099 3556 5156 esset;

1988 5181 2092 5220 non
2117 5167 2340 5233 diceret,
2367 5168 2486 5224 Heu
2515 5172 2630 5226 me!
2660 5172 2793 5238 lleu,
2822 5189 2922 5228 vox
2957 5186 3038 5229 est
3067 5177 3316 5242 miseriae,
3348 5195 3446 5233 vox
3478 5190 3562 5236 est

1982 5258 2296 5314 calamitatis
2321 5269 2374 5314 et
2399 5261 2746 5329 infelicitatis;
2769 5265 2862 5318 sed
2887 5273 3060 5320 tamen
3087 5266 3140 5321 in
3168 5283 3281 5337 spe.
3305 5271 3426 5338 quia
3448 5273 3558 5340 jam

1983 5349 2062 5403 vel
2091 5363 2308 5418 gemere
2329 5349 2532 5406 didicit.
2560 5353 2706 5408 Multi
2731 5354 2873 5409 enim
2902 5363 2956 5409 et
2981 5357 3160 5413 miseri
3186 5369 3341 5426 sunt,
3369 5369 3424 5416 et
3451 5377 3557 5418 non

1983 5449 2232 5510 gemunt,
2260 5450 2314 5496 et
2351 5444 2773 5514 peregrinantur,
2805 5454 2860 5499 et
2888 5446 3062 5503 redire
3091 5449 3296 5506 nolunt.
3325 5451 3428 5509 Iste
3451 5452 3560 5522 jam

1986 5533 2172 5588 volens
2197 5533 2394 5599 redire,
2427 5536 2700 5603 cognoscit
2734 5535 3094 5592 infelicitatem
3123 5541 3565 5612 peregrinationis

1987 5637 2098 5680 suae
2127 5641 2142 5679 :
2171 5623 2294 5694 quia
2321 5625 2535 5694 agnovit
2563 5626 2727 5692 illam,
2759 5627 2930 5693 redit;
2959 5637 3016 5684 et
3041 5631 3332 5688 ascendere
3359 5633 3561 5706 incipit,

2053 5757 2070 5789 ι
2094 5761 2286 5819 Am..Er.
2313 5763 2366 5806 et
2387 5757 2553 5819 plures
2575 5765 2701 5818 Mss,
2729 5759 2846 5810 sola.

2056 5819 2077 5848 ²
2099 5818 2266 5868 Plures
2283 5818 2410 5882 atas,
2434 5821 2664 5885 possessio
2683 5821 2862 5874 Christi
2889 5819 3098 5876 homines
3119 5827 3291 5878 sancti.
