4078 6524
535 367 671 430 i603

524 489 646 560 quia
675 485 952 541 Canticttm
990 480 1246 554 graduum
1275 479 1434 548 empit
1461 485 1694 533 multare.
1731 477 1828 534 Ubi
1857 494 1983 549 ergo
2011 495 2105 548 ge-

527 582 645 648 mit,
674 588 727 636 et
754 581 892 634 inter
913 593 1048 648 quos
1077 573 1314 629 habitat?
1336 571 1620 626 Inhabitavi
1640 588 1752 624 cum
1779 572 2111 627 tabernaculis

528 674 710 730 Ccdar.
742 673 975 728 Verbum
1012 670 1112 724 hoc
1137 668 1257 736 quia
1294 665 1563 721 hebrwum
1594 673 1706 731 est,
1739 665 1919 734 procul
1949 664 2110 720 dubio

527 784 634 822 non
663 763 1012 820 intellexistis.
1039 759 1175 828 Quid
1202 771 1302 824 est,
1330 756 1618 812 Iuhubt'tavi
1642 775 1752 810 cum
1781 755 2109 810 tabernaculis

527 855 724 912 Cedar?
743 855 930 917 Cedar,
954 862 1206 922 quantum
1231 848 1568 904 meminimus
1589 863 1654 901 ex
1677 847 2110 916 interpretatione

528 945 802 1000 nominum
835 943 1164 998 hebrmorum
1187 983 1200 1005 ,
1229 940 1502 995 Tenebras
1529 939 1812 1008 signiﬁcat.
1831 940 2113 1007 'lnterpre-

526 1046 690 1091 latum
716 1035 888 1090 Cedar
917 1034 1112 1099 latine,
1146 1032 1403 1087 Tenebrae
1429 1030 1695 1084 dicuntur.
1725 1029 1902 1084 Nostis
1932 1042 2112 1086 autem

526 1128 662 1184 duos
691 1128 826 1182 lilios
855 1127 1101 1181 imbuisse
1138 1125 1404 1179 Abraham
1425 1167 1438 1189 ,
1471 1139 1602 1193 quos
1630 1124 1842 1193 quidem
1877 1139 2111 1179 commcs

527 1228 703 1276 morat
732 1217 1018 1286 Apostolus
1039 1258 1052 1282 ,
1080 1227 1132 1270 ct
1160 1213 1224 1268 ad
1258 1214 1539 1283 imaginem
1567 1213 1788 1267 duorum
1823 1221 2110 1268 testamen-

525 1316 699 1362 torum
725 1321 844 1361 esse
867 1306 995 1359 dicit
1024 1323 1036 1358 :
1065 1318 1198 1357 unus
1221 1303 1287 1357 de
1314 1303 1500 1356 ancilla
1529 1311 1643 1356 erat
1662 1343 1674 1366 ,
1707 1312 1757 1354 et
1788 1302 1921 1355 alter
1945 1301 2012 1356 dc
2043 1302 2108 1356 li-

523 1398 674 1454 bera.
710 1397 788 1451 Ex
823 1396 1044 1459 ancilla,
1077 1395 1263 1448 lsmael
1293 1402 1438 1458 erat;
1469 1392 1536 1447 de
1565 1392 1726 1446 libera
1758 1392 1884 1446 Sara
1907 1436 1920 1456 ,
1953 1408 2108 1462 quem

524 1492 762 1562 suscepit
792 1506 860 1546 ex
887 1489 1257 1559 desperatione
1285 1503 1378 1556 per
1409 1485 1587 1550 ﬁdem,
1618 1483 1764 1540 Isaac
1792 1495 1925 1540 erat.
1958 1485 2114 1541 Uter-

525 1599 628 1653 que
649 1599 712 1637 ex
739 1581 942 1636 semine
971 1578 1216 1644 Abrahre,
1247 1577 1339 1632 sed
1370 1592 1472 1630 non
1504 1584 1723 1646 uterque
1749 1576 1923 1630 luere;
1946 1576 2113 1630 Abra-

524 1674 629 1730 hae.
664 1673 739 1728 De
770 1671 1038 1726 Abraham
1071 1679 1224 1724 natus
1254 1683 1418 1734 unus,
1450 1665 1544 1721 sed
1582 1674 1757 1722 tamen
1799 1682 1902 1720 non
1939 1665 2111 1721 luere-

525 1766 660 1822 ditat
692 1783 705 1819 :
736 1763 870 1819 alter
907 1763 1067 1817 etiam
1113 1762 1317 1826 lueres;
1363 1775 1469 1813 non
1506 1759 1677 1813 solum
1720 1758 1888 1824 ﬁlius,
1929 1760 2021 1814 sed
2059 1768 2114 1814 et

525 1854 720 1910 haeres.
763 1853 819 1908 In
862 1852 1049 1908 lsmael
1090 1858 1213 1905 sunt
1247 1865 1434 1905 omnes
1471 1848 1563 1919 qui
1607 1849 1892 1904 carnaliter
1933 1850 2113 1904 Culuul

525 1949 717 2004 Deum.
748 1944 826 2000 Ad
853 1945 995 2015 ipsos
1023 1944 1162 1998 enim
1192 1951 1245 1996 et
1271 1950 1422 1995 vetus
1444 1948 1817 1995 testamentum
1844 1941 2070 2008 pertinet
2095 1957 2107 1994 :

541 2041 647 2112 ptia
675 2040 752 2095 sic
776 2039 909 2092 dixit
936 2036 1239 2106 Apostolus,
1265 2035 1372 2090 Sub
1392 2033 1525 2106 Lege
1545 2034 1760 2087 volentes
1781 2049 1904 2096 esse,
1929 2032 2112 2103 Legem

523 2151 626 2190 non
667 2132 920 2187 audistis?
958 2131 1218 2199 Scriptum
1254 2138 1327 2182 est
1367 2129 1496 2181 enim
1529 2127 1664 2198 quod
1702 2126 1956 2180 Abraham
1986 2127 2112 2182 duos

524 2225 658 2296 filios
688 2224 893 2290 habuit,
923 2236 1077 2276 unum
1107 2222 1168 2274 de
1193 2220 1400 2286 ancilla,
1433 2228 1476 2272 et
1507 2235 1663 2272 unum
1689 2217 1752 2272 de
1780 2219 1970 2283 libera;
1999 2233 2114 2288 quia

523 2325 639 2371 sunt
668 2317 718 2369 in
746 2316 1010 2386 allegoria.
1046 2313 1168 2368 Ilazc
1195 2313 1325 2366 enim
1356 2321 1474 2366 sunt
1510 2311 1611 2365 duo
1641 2320 1952 2366 testamenta.
1981 2311 2112 2378 Quae

522 2418 650 2466 sunt
667 2409 772 2464 duo
796 2407 1146 2464 testamenta?
1170 2405 1342 2462 Unum
1371 2413 1544 2470 vetus,
1567 2414 1621 2460 et
1643 2405 1868 2460 alterum
1891 2419 2106 2459 novum.

523 2502 689 2558 Vetus
718 2509 1094 2558 testamentum
1123 2515 1150 2553 a
1182 2499 1290 2554 Deo
1309 2540 1323 2561 ,
1352 2506 1407 2554 et
1440 2512 1633 2552 novum
1676 2506 2048 2553 testamentum
2078 2513 2110 2552 a

521 2595 668 2661 Deo;
699 2593 966 2664 quomodo
1004 2591 1071 2648 de
1107 2589 1376 2645 Abraham
1406 2597 1460 2644 et
1489 2588 1675 2644 lsmael
1713 2597 1767 2642 et
1801 2589 1965 2644 lsaac.
2002 2588 2107 2643 Sed

519 2684 712 2746 lsmael
741 2686 807 2741 ad
839 2695 1136 2748 terrenum,
1169 2683 1314 2737 Isaac
1353 2682 1419 2737 ad
1453 2683 1672 2738 caeleste
1708 2698 1949 2753 regnum.
1983 2679 2109 2738 ldeo

519 2791 674 2837 vetus
702 2788 1074 2836 testamentum
1112 2775 1497 2846 promissiones
1525 2775 1683 2830 habet
1711 2784 1973 2839 terrenas,
2002 2785 2108 2830 ter-

521 2888 706 2932 renam
733 2872 1046 2937 Jerusalem,
1079 2878 1343 2924 terrenam
1370 2867 1727 2931 Palaestinam,
1753 2882 1972 2936 regnum
2001 2878 2107 2923 ter—

520 2983 711 3024 renum
731 3008 746 3029 ,
775 2965 1000 3020 salutem
1036 2970 1300 3017 terrenam
1321 2999 1337 3026 ,
1369 2959 1602 3012 hostium
1641 2957 2066 3028 subjugationem
2087 2999 2102 3024 ,

521 3058 896 3116 abundantiam
927 3055 1190 3117 ﬁliorum,
1213 3050 1586 3106 fecunditatem
1617 3047 1827 3119 frugum
1852 3050 1890 3102 ¹.
1917 3049 2106 3104 Omnia

519 3152 619 3208 ista
654 3147 1031 3220 promissiones
1059 3153 1185 3200 sunt
1209 3150 1455 3198 terrente.
1487 3141 1544 3196 in
1572 3139 1737 3212 ﬁgura
1763 3141 2106 3211 spiritualiter

519 3242 908 3312 intelliguntur,
934 3235 1202 3308 quomodo
1227 3233 1523 3290 Jerusalem
1551 3241 1761 3288 terrena
1785 3233 1968 3288 umbra
1992 3241 2107 3289 erat

518 3336 668 3405 regni
695 3332 950 3396 caelestis,
980 3339 1035 3386 et
1057 3344 1276 3399 regnum
1307 3337 1576 3382 terrenum
1604 3327 1791 3381 umbra
1818 3337 1933 3380 erat
1957 3327 2104 3396 regni

517 3427 797 3483 caelorum.
839 3421 1028 3478 lsmael
1070 3421 1121 3474 in
1158 3418 1380 3485 umbra,
1418 3416 1562 3472 lsaae
1610 3418 1661 3471 in
1698 3417 1836 3472 luce.
1882 3418 1936 3472 Si
1977 3433 2104 3488 ergo

518 3517 709 3574 lsmael
740 3515 794 3570 in
825 3514 1041 3577 umbra,
1074 3527 1180 3567 non
1209 3509 1402 3564 mirum
1427 3509 1550 3578 quia
1585 3508 1652 3562 ibi
1690 3509 1942 3564 tenebrte.
1974 3506 2102 3566 Pin-

515 3614 732 3681 guiores
759 3606 957 3664 etenim
989 3603 1189 3658 umhrm
1223 3601 1457 3657 tenebras
1485 3608 1626 3655 sunt.
1661 3597 1801 3671 Ergo
1829 3601 2021 3657 lsntael
2048 3602 2100 3656 in

519 3699 789 3764 tenebris,
821 3696 965 3751 Isaac
1003 3693 1232 3749 inluce.
1259 3691 1587 3762 Quicumque
1616 3691 1702 3746 hic
1729 3692 1888 3746 etiam
1918 3692 1969 3746 in
1999 3693 2101 3748 Ec-

515 3793 677 3848 clesia
709 3801 975 3846 terrenam
1005 3787 1306 3843 lelicitatem
1333 3794 1578 3856 qumrunt
1599 3800 1629 3839 a
1662 3785 1805 3852 Deo,
1836 3785 2011 3842 adhuc
2033 3785 2101 3842 ad

515 3882 707 3940 lsntael
737 3882 1022 3952 pertinent.
1052 3877 1153 3950 Ipsi
1183 3885 1307 3932 sunt
1335 3876 1422 3946 qui
1452 3875 1824 3932 contradicunt
1850 3879 2100 3947 Spiritua-

512 3976 658 4032 libus
685 3972 1106 4046 proﬁcientibus,
1129 3979 1184 4025 et
1205 3968 1494 4024 detrahunt
1517 3967 1642 4034 illis,
1666 3977 1719 4023 et
1738 3967 1937 4024 habent
1960 3968 2100 4024 labia

514 4068 694 4139 iniqua
735 4076 790 4122 et
816 4065 1018 4135 linguas
1043 4062 1316 4118 subdolas.
1355 4060 1553 4115 Contra
1590 4074 1725 4130 quos
1757 4061 1962 4131 rogavit
1999 4062 2100 4120 iste

511 4159 842 4223 ascendens,
872 4165 928 4212 et
963 4154 1192 4225 appositi
1229 4161 1356 4207 sunt
1388 4152 1437 4208 ei
1467 4151 1727 4208 carbones
1755 4151 2059 4207 desolatorii
2079 4194 2095 4218 ,

511 4259 567 4306 et
591 4251 794 4320 sagittae
823 4248 1050 4318 potentis
1072 4255 1262 4300 acutae.
1284 4243 1428 4300 inter
1447 4243 1566 4298 illos
1587 4243 1725 4299 enim
1752 4241 1925 4298 adhuc
1945 4243 2092 4310 vivit,

511 4342 684 4397 donec
707 4330 812 4396 tcta
840 4354 964 4394 area
990 4337 1274 4392 ventiletur
1302 4354 1314 4390 :
1345 4335 1465 4391 ideo
1488 4333 1640 4398 dixit,
1673 4333 1960 4389 lnhabitavi
1983 4352 2097 4389 cum

510 4431 845 4486 tabernaculis
875 4428 1056 4484 Cedar.
1094 4426 1224 4482 Nam
1263 4434 1327 4481 et-
1351 4427 1468 4494 ipsa
1504 4424 1840 4480 tabernacula
1870 4425 2093 4492 lsmael,

507 4525 683 4580 Cedar
705 4524 843 4578 dicta
871 4531 1017 4576 sunt.
1044 4520 1132 4575 Sic
1151 4518 1311 4573 habet
1331 4514 1467 4572 liber
1485 4517 1783 4581 Geneseos;
1812 4517 1888 4573 sic
1914 4517 2091 4586 habet,

509 4616 652 4689 quod
681 4615 850 4671 Cedar
877 4614 942 4668 ad
974 4613 1160 4667 lsmael
1193 4609 1420 4680 pertinet
1448 4607 1612 4678 (Gen.
1646 4624 1769 4671 xxv,
1803 4608 1927 4679 l3).
1955 4609 2094 4679 Ergo

507 4712 654 4769 Isaac
677 4725 801 4765 cum
830 4708 1046 4770 lsmael;
1072 4705 1123 4760 id
1148 4712 1251 4770 est,
1275 4704 1362 4772 qui
1387 4704 1650 4774 pertinent
1671 4703 1736 4758 ad
1764 4703 1926 4770 lsaac,
1958 4704 2094 4760 inter

506 4804 629 4859 illos
659 4804 862 4864 vivunt,
893 4800 982 4869 qui
1014 4797 1280 4867 pertinent
1306 4796 1373 4851 ad
1403 4795 1612 4849 lsmacl.
1646 4795 1732 4850 Isti
1763 4810 1970 4850 sursum
2001 4811 2094 4849 vo-

503 4895 622 4950 lunt
665 4893 988 4957 ascendere,
1042 4886 1115 4944 illi
1159 4889 1409 4943 deorsum
1455 4887 1638 4941 volunt
1681 4901 1921 4956 premere
1957 4905 1968 4940 :
2005 4887 2090 4941 isti

501 4988 695 5042 volunt
717 4988 896 5042 volare
923 4983 989 5038 ad
1020 4984 1208 5047 Deum,
1232 4982 1306 5036 illi
1328 4989 1587 5036 conantur
1612 4994 1814 5050 pennas
1837 4979 2086 5034 evellere.

503 5076 740 5148 Namque
768 5074 909 5145 apud
937 5073 1246 5143 Apustulum
1283 5073 1350 5127 ita
1379 5071 1574 5126 dicitur
1603 5088 1618 5126 :
1652 5071 1757 5126 Sed
1783 5071 1912 5125 sicut
1937 5081 2086 5134 tunc,

503 5169 588 5237 qui
612 5168 884 5222 secundum
913 5180 1115 5219 carnem
1141 5174 1288 5218 natus
1312 5171 1437 5229 erat,
1467 5163 1846 5231 persequebatur
1864 5177 1979 5215 eum
2003 5161 2090 5229 qui

504 5259 775 5313 secundum
803 5259 1073 5327 spiritum;
1105 5257 1177 5308 ita
1205 5264 1254 5308 et
1281 5269 1434 5308 nunc.
1465 5252 1776 5321 Spirituales
1810 5267 1938 5322 ergo
1971 5269 2091 5322 per-

503 5350 830 5404 secutionem
885 5348 1158 5417 patiuntur
1197 5360 1228 5399 a
1268 5343 1591 5399 carnalibus.
1637 5341 1743 5398 Sed
1788 5343 1914 5411 quid
1959 5342 2088 5396 dicit

502 5441 808 5511 Scriptura?
832 5441 976 5510 Ejice
1003 5439 1240 5493 ancillam
1265 5447 1313 5494 et
1341 5439 1504 5506 ﬁlium
1528 5436 1675 5508 ejus;
1700 5450 1798 5488 non
1825 5434 1955 5488 enim
1983 5434 2088 5488 Iuc-

501 5550 582 5588 res
607 5535 697 5587 erit
723 5535 858 5601 ﬁlius
883 5531 1084 5585 ancilla:
1112 5548 1223 5584 cum
1241 5532 1360 5600 filio
1386 5547 1492 5585 meo
1522 5529 1671 5585 Isaac
1697 5527 1813 5599 (1d.
1847 5544 1953 5593 va,
1982 5528 2082 5592 l5;

500 5635 548 5681 et
583 5640 694 5684 χιι,
727 5625 782 5688 ‘2,
815 5625 867 5687 ’5,
903 5622 1002 5686 1ος
1035 5622 1205 5675 Galat.
1236 5638 1312 5689 tv,
1339 5622 1547 5693 2t-50).
1581 5621 1684 5677 Sed
1715 5621 1815 5675 hoc
1842 5619 1983 5690 quod
2005 5619 2085 5673 di-

503 5719 608 5785 cit,
644 5717 810 5787 Ejice,
843 5717 1053 5785 quando
1083 5717 1218 5769 erit?
1255 5717 1475 5784 Quando
1506 5731 1628 5772 area
1657 5714 1880 5785 cmperit
1912 5713 2082 5770 venti-

565 5833 582 5866 ¹
608 5831 776 5882 t'lures
790 5835 922 5890 ms,
954 5829 1211 5891 fructuum.

1795 363 1851 422 S.
1894 355 2258 421 AUGUSTINI
2301 361 2597 426 EPISCOi‘I

3667 373 3801 436 1601

2224 482 2338 537 lari.
2373 483 2526 540 Modo
2553 497 2733 542 autem
2765 496 3045 558 antequam
3078 488 3350 558 ejiciatur,
3384 490 3493 546 Heu
3527 511 3634 562 me,
3664 497 3798 567 quod

2216 575 2463 630 incolatus
2507 594 2644 630 meus
2688 578 2987 649 longinquus
3029 581 3193 650 factus
3230 584 3336 637 est!
3373 585 3646 639 inhabitavi
3685 604 3800 640 cum

2217 666 2546 719 tabernaculis
2592 665 2770 721 Cedar.
2821 669 2885 722 Et
2931 672 3148 738 exponit
3187 673 3374 742 nobis,
3414 677 3503 746 qui
3549 685 3681 752 sunt.
3713 675 3802 732 isti

2214 759 2302 828 qui
2333 760 2598 828 pertinent
2623 761 2687 814 ad
2718 762 3054 818 tabernacula
3081 764 3272 820 Cedar.

2287 849 2338 904 8.
2373 849 2518 921 [vers.
2553 845 2629 923 6.]
2661 851 2711 903 Μ
2721 854 2878 906 ultunt
2911 856 3226 926 peregrinata
3251 867 3323 912 est
3359 858 3530 912 anima
3559 876 3690 914 mea.
3725 853 3801 915 Nc

2217 942 2694 1011 peregrinationem
2750 946 3081 1015 corporalem
3145 949 3506 1019 iutelligeres,
3563 951 3798 1005 animum

2215 1031 2346 1086 dixit
2390 1035 2736 1104 peregrinari.
2771 1035 2979 1106 Corpus
3019 1041 3387 1110 peregrinatur
3426 1042 3584 1106 locis,
3618 1043 3800 1097 anima

2213 1124 2587 1193 peregrinatur
2611 1125 2905 1182 affectibus.
2933 1128 2985 1183 Si
3017 1131 3278 1184 amaverls
3308 1139 3526 1195 terram,
3558 1135 3798 1206 peregri-

2216 1214 2357 1267 naris
2385 1230 2413 1267 a
2447 1215 2558 1269 Deo
2589 1233 2600 1268 :
2632 1217 2675 1270 si
2711 1219 2972 1273 amaveris
3003 1221 3205 1288 Deum,
3231 1222 3474 1276 ascendis
3502 1223 3567 1277 ad
3607 1227 3797 1278 Deum.

2218 1303 2271 1356 lu
2300 1305 2558 1360 charitate
2585 1307 2676 1360 Dei
2705 1318 2756 1362 et
2786 1311 3011 1379 proximi
3040 1327 3403 1379 exerceamur,
3433 1323 3488 1368 ut
3515 1315 3798 1370 redeamus

2215 1396 2280 1451 ad
2302 1395 2635 1454 charitateui.
2658 1400 2711 1456 Si
2737 1402 2987 1456 eudamus
3016 1403 3065 1456 in
3094 1413 3312 1469 terram,
3342 1406 3719 1461 marcescimus
3745 1410 3798 1462 et

2218 1491 2584 1556 putrescimus.
2616 1490 2718 1546 lste
2741 1501 2918 1547 autem
2947 1491 3034 1561 qui
3061 1495 3343 1561 ceciderat,
3373 1497 3687 1551 descensum
3716 1508 3799 1552 est

2215 1579 2280 1633 ad
2308 1595 2427 1634 eum
2448 1623 2462 1648 ,
2490 1591 2548 1636 ut
2576 1584 2908 1640 ascenderet.
2946 1586 3230 1642 intendens
3256 1597 3462 1658 tempus
3489 1592 3798 1659 peregrina-

2219 1669 2377 1725 tionis
2403 1686 2532 1735 suae,
2561 1671 2693 1726 dixit
2717 1689 2775 1728 se
2803 1676 3126 1745 peregrinari
3155 1678 3205 1732 in
3229 1678 3578 1734 tabernaculis
3601 1679 3793 1734 Cedar.

2216 1760 2423 1828 Quare?
2461 1762 2592 1830 Quia
2638 1764 2847 1819 multum
2889 1769 3203 1838 peregrinata
3235 1779 3306 1824 est
3345 1771 3517 1846 animo
3545 1787 3676 1828 mea.
3718 1767 3796 1828 lbi

2217 1853 2602 1924 peregrinatur,
2629 1856 2716 1911 ubi
2737 1858 2996 1912 ascendit.
3023 1860 3138 1915 Non
3161 1875 3382 1931 corpore
3405 1864 3795 1934 peregrinatur,

2217 1960 2322 1998 nun
2355 1961 2580 2016 corpore
2611 1948 2866 2003 ascendit.
2899 1950 3002 2005 Sed
3030 1951 3114 2006 ubi
3145 1953 3417 2008 ascendit?
3443 1953 3794 2023 Ascensiones,

2217 2035 2405 2104 inquit,
2433 2035 2483 2090 in
2509 2037 2677 2092 corde.
2705 2038 2757 2094 Si
2787 2054 2914 2110 ergo
2943 2041 3183 2096 ascendit
3203 2044 3254 2096 in
3276 2043 3456 2110 corde,
3479 2060 3585 2099 non
3607 2060 3799 2099 ascen-

2215 2124 2292 2180 dit
2323 2142 2416 2195 pcr
2443 2129 2788 2185 ascensiones
2813 2131 2989 2186 cordis
3017 2134 3117 2187 nisi
3141 2134 3316 2188 anima
3341 2149 3458 2206 qua:
3484 2136 3798 2208 peregrina-

2219 2226 2321 2271 tur.
2351 2217 2454 2274 Sed
2481 2218 2650 2275 donec
2679 2223 2970 2291 perveniat,
2998 2225 3212 2278 multum
3239 2227 3555 2298 peregrinata
3581 2238 3654 2282 est
3682 2229 3800 2282 ani-

2214 2329 2298 2366 ma
2328 2330 2454 2367 mea.
2481 2311 2622 2370 Ubi?
2646 2313 2702 2369 lu
2729 2316 3060 2372 tabernaculis
3091 2318 3270 2373 Cedar.

2285 2407 2338 2462 9.
2371 2406 2530 2480 [vers.
2563 2407 2650 2481 7.]
2677 2409 2802 2463 Cum
2831 2410 2908 2464 his
2940 2412 3026 2481 qui
3058 2411 3270 2466 oderunt
3306 2429 3508 2483 pacem,
3538 2429 3674 2468 erant
3703 2432 3799 2486 ραι

2213 2498 2408 2566 ciﬁcus.
2453 2498 2646 2554 Verum
2690 2509 2746 2555 ut
2785 2501 3045 2566 audiatis,
3087 2501 3278 2557 fratres
3311 2502 3647 2570 charissimi,
3687 2521 3799 2563 non

2214 2590 2456 2659 poteritis
2491 2591 2720 2662 probare
2751 2608 2910 2662 quam
2941 2608 3063 2648 vera
3100 2594 3358 2660 cantetis,
3393 2595 3494 2650 nisi
3523 2597 3802 2664 ceperitis

2215 2681 2387 2736 facere
2418 2682 2558 2752 quod
2587 2683 2831 2739 cantatis.
2862 2682 3256 2751 Quantumlibet
3286 2685 3411 2738 illud
3442 2685 3635 2751 dicam,
3662 2703 3802 2757 quo-

2213 2774 2508 2831 modolibet
2541 2791 2828 2847 exponam,
2861 2777 3327 2848 qualibuscumque
3358 2779 3532 2833 verbis
3564 2795 3797 2847 vet-sem,

2213 2883 2317 2922 non
2347 2868 2506 2922 intrat
2533 2867 2584 2922 in
2610 2884 2702 2922 eor
2726 2870 2843 2938 ejus
2873 2870 2925 2922 in
2950 2885 3054 2939 quo
3088 2884 3191 2923 non
3219 2878 3302 2924 est
3327 2885 3461 2939 opus
3489 2871 3624 2940 ejus.
3659 2871 3800 2927 luci-

2213 2960 2320 3028 pite
2347 2974 2527 3029 agere,
2555 2969 2608 3013 et
2635 2959 2811 3014 videte
2839 2961 2965 3030 quid
2998 2961 3295 3030 loquamur.
3323 2962 3472 3018 Tune
3496 2964 3562 3017 ad
3587 2964 3800 3034 singula

2211 3051 2370 3106 verba
2400 3051 2648 3122 lacryma:
2681 3051 2980 3122 profluunt,
3013 3064 3136 3108 tunc
3164 3053 3409 3109 Psalmus
3435 3064 3712 3123 cantatur,
3741 3067 3798 3112 et

2210 3141 2334 3197 facit
2361 3158 2455 3198 cor
2483 3143 2623 3214 quod
2650 3143 2701 3197 in
2735 3143 2948 3198 Psalmo
2972 3153 3234 3199 cantatur.
3263 3146 3429 3214 Quam
3465 3148 3614 3202 multi
3647 3150 3792 3204 enim

2208 3243 2402 3289 sonant
2439 3249 2600 3299 voce,
2631 3244 2684 3289 et
2711 3235 2872 3290 corde
2900 3236 3028 3290 nmti
3064 3236 3225 3290 sunt?
3256 3238 3319 3292 Et
3345 3254 3500 3309 quam
3527 3240 3679 3294 multi
3710 3250 3796 3294 ta-

2207 3336 2331 3380 cent
2360 3325 2514 3380 lahiis
2535 3367 2548 3393 ,
2577 3335 2630 3380 et
2665 3327 2893 3381 clamant
2927 3325 3156 3381 affectu?
3185 3327 3316 3395 Quia
3347 3329 3414 3383 ad
3445 3345 3538 3384 cor
3563 3329 3796 3386 hominis

2168 3437 2172 3442 η
2209 3432 2364 3471 aures
2389 3417 2478 3472 Dei
2505 3434 2518 3472 :
2544 3418 2680 3472 sicut
2700 3433 2858 3472 aures
2878 3420 3119 3488 corporis
3144 3419 3209 3474 ad
3235 3434 3296 3475 os
3320 3419 3571 3486 hominis,
3599 3422 3675 3477 sic
3695 3438 3796 3477 cor

2207 3508 2440 3564 hominis
2469 3509 2534 3564 ad
2562 3524 2718 3564 aures
2752 3509 2867 3565 Dei.
2897 3510 3043 3564 Multi
3075 3511 3256 3567 clauso
3289 3524 3380 3566 ore
3409 3512 3788 3580 exaudiuntur,

2206 3610 2261 3655 et
2291 3601 2439 3654 multi
2473 3601 2524 3655 in
2562 3601 2766 3672 magnis
2795 3601 3116 3656 clamoribus
3151 3616 3254 3658 non
3290 3603 3666 3659 exaudiuntur.
3697 3605 3793 3658 Af-

2207 3690 2430 3746 fectibus
2455 3706 2608 3746 orare
2629 3691 2904 3756 debemus,
2931 3705 2982 3747 et
3005 3693 3206 3759 dicere,
3234 3693 3450 3750 Multum
3471 3697 3793 3768 peregrinata

2205 3792 2276 3836 est
2305 3783 2474 3836 anima
2504 3799 2614 3835 mea
2643 3798 2661 3836 .-'
2690 3800 2802 3836 cum
2831 3784 2907 3836 his
2936 3783 3022 3854 qui
3047 3785 3261 3838 oderunt
3286 3801 3490 3856 pacem,
3523 3803 3659 3840 eram
3694 3805 3794 3856 pa‘

2205 3875 2397 3940 ci/icus.
2427 3874 2562 3942 Quid
2596 3875 2736 3929 enim
2767 3874 2908 3929 aliud
2935 3874 3162 3932 dicimus
3193 3877 3306 3932 istis
3336 3877 3615 3946 lueriticis,
3645 3881 3748 3935 nisi
3773 3923 3790 3950 ,

2204 3967 2519 4038 Cognoscite
2557 3983 2739 4038 pacem
2760 4010 2775 4035 ,
2808 3977 2982 4025 amate
3011 3971 3234 4039 pacem?
3262 3970 3442 4026 Justos
3468 3987 3562 4028 vos
3590 3971 3788 4030 dicitis.

2202 4061 2308 4117 Sed
2345 4060 2387 4116 si
2423 4061 2550 4131 justi
2587 4063 2812 4126 essetis,
2853 4061 2992 4117 inter
3030 4063 3231 4132 paleam
3273 4078 3435 4132 grana
3477 4069 3787 4134 gemeretis.

2201 4151 2333 4207 Nam
2356 4153 2478 4222 quia
2505 4168 2664 4222 grana
2689 4163 2811 4206 sunt
2835 4153 2884 4207 in
2911 4152 3200 4217 Catholica,
3225 4163 3279 4209 et
3301 4171 3419 4208 vera
3442 4169 3604 4224 grana
3628 4167 3786 4227 sunt;
3825 4163 3839 4168 ’“

2203 4243 2323 4298 ideo
2357 4244 2580 4298 tolerant
2605 4243 2811 4312 paleam
2833 4285 2845 4308 ,
2872 4245 3043 4298 donec
3067 4246 3348 4299 ventiletur
3373 4260 3528 4314 area;
3554 4248 3676 4317 quia
3704 4249 3790 4304 in-

2203 4343 2286 4390 ter
2325 4334 2529 4404 paleam
2571 4335 2838 4399 clamant,
2883 4334 2996 4387 Heu
3039 4352 3151 4401 me,
3190 4336 3326 4405 quod
3362 4336 3610 4391 incolatu:
3643 4355 3790 4396 naeus

2201 4428 2501 4498 longinquus
2531 4427 2696 4497 factus
2735 4427 2840 4480 est!
2867 4427 3140 4480 inhabitari
3177 4444 3290 4481 cum
3323 4429 3660 4484 tabernaculis
3687 4430 3787 4485 Ce-

2199 4519 2312 4571 dar.
2346 4516 2637 4586 lnltabitavi
2659 4559 2672 4582 ,
2707 4517 2908 4587 inquit,
2936 4533 3057 4572 cum
3084 4518 3266 4586 paleis.
3292 4516 3395 4573 Sed
3423 4521 3690 4589 quomodo
3717 4523 3785 4578 de

2199 4611 2348 4681 palea
2381 4610 2578 4666 multus
2606 4608 2779 4664 fumus
2807 4611 2935 4676 exit,
2965 4611 3041 4664 sic
3070 4610 3135 4666 de
3160 4611 3175 4642 ⁸
3203 4608 3372 4665 Cedar
3402 4612 3656 4668 tenebrze.
3692 4615 3786 4669 In-

2197 4702 2417 4756 Itabitavi
2445 4717 2559 4755 cum
2600 4701 2934 4756 tabernaculis
2969 4700 3134 4756 Cedar
3162 4718 3180 4756 :
3210 4703 3421 4755 multum
3465 4706 3785 4774 peregrinata

2195 4802 2270 4848 est
2305 4793 2477 4846 anima
2518 4809 2646 4846 mea.
2686 4791 3094 4848 Frumentorntn
3137 4807 3237 4846 vox
3276 4801 3392 4859 est,
3426 4793 3562 4848 inter
3602 4796 3785 4865 paleas

2195 4888 2540 4958 gementium.
2571 4887 2694 4942 Haec
2731 4887 2997 4957 loquimur
3032 4889 3134 4942 illis
3171 4887 3258 4958 qui
3279 4883 3521 4942 ederunt
3551 4905 3735 4959 pacem
3765 4908 3778 4956 ;

2195 4986 2249 5033 et
2273 4978 2516 5042 dicimus,
2545 4976 2669 5032 Cum
2692 4978 2767 5031 Itis
2786 4979 2872 5049 qui
2899 4978 3109 5032 oderunt
3133 4995 3326 5050 parem,
3354 4995 3490 5032 erant
3513 4981 3780 5050 paciﬁcus.

2195 5068 2294 5136 Qui
2321 5078 2446 5125 sunt
2471 5069 2557 5139 qui
2586 5069 2814 5123 oderunt
2849 5069 3065 5138 pacem?
3093 5068 3192 5136 Qui
3223 5068 3576 5124 conscindunt
3605 5072 3784 5127 unita-

2197 5172 2322 5216 tem.
2355 5160 2410 5217 Si
2438 5162 2578 5216 enim
2611 5176 2789 5232 pacem
2822 5176 2924 5216 non
2957 5161 3212 5227 odissent,
3243 5163 3295 5216 in
3323 5164 3522 5218 unitate
3549 5168 3782 5222 mansis-

2195 5263 2330 5308 sent.
2361 5252 2466 5309 Sed
2494 5252 2737 5307 videlicet
2761 5262 3036 5323 propterea
3065 5267 3121 5307 se
3147 5263 3548 5322 separaverunt,
3574 5265 3630 5308 ut
3653 5256 3781 5326 justi

2193 5355 2402 5412 essent,
2431 5355 2486 5400 ut
2516 5361 2618 5400 non
2652 5346 2908 5400 haberent
2946 5347 3144 5401 mixtos
3183 5347 3420 5418 injustas.
3458 5349 3567 5402 Aut
3598 5360 3780 5403 nostra

2193 5445 2276 5491 est
2317 5425 2415 5490 ista
2455 5452 2590 5500 vox,
2622 5446 2712 5491 aut
2753 5434 2998 5505 illorum;
3029 5439 3164 5509 elige
3199 5441 3349 5509 cujus
3384 5440 3472 5495 sit.
3503 5441 3783 5496 Catholica

2193 5526 2319 5581 dicit
2351 5545 2364 5581 :
2388 5527 2500 5581 Non
2527 5536 2610 5582 est
2638 5527 2948 5584 dimittenda
2978 5531 3170 5596 unitas,
3196 5546 3299 5584 non
3327 5540 3408 5585 est
3439 5532 3786 5602 prmcidenda

2194 5618 2425 5674 Ecclesia
2451 5619 2561 5674 Dei.
2587 5617 2850 5675 Judicabit
2876 5621 3017 5676 Deus
3043 5621 3109 5676 de
3133 5621 3284 5676 malis
3309 5631 3362 5677 et
3387 5622 3542 5676 bonis
3568 5636 3783 5693 postea.

2191 5711 2245 5768 Si
2277 5725 2415 5765 nunc
2443 5710 2568 5765 mali
2607 5726 2634 5764 a
2675 5711 2828 5767 bonis
2865 5713 3101 5781 separari
3140 5728 3244 5768 non
3280 5723 3542 5784 possunt,
3577 5713 3790 5770 ferendi

2264 5826 2280 5856 ι
2304 5823 2554 5886 Particula,
2579 5824 2658 5886 de,
2679 5837 2774 5875 non
2802 5830 2876 5876 est
2899 5827 2947 5875 in
2965 5831 3068 5874 Mss.
