4078 6468
295 387 434 452 1605

290 515 413 562 sunt
441 505 508 560 ad
533 513 741 575 tempus
771 523 782 558 :
810 503 930 560 mali
959 505 1009 559 iu
1032 519 1154 560 area
1183 502 1458 561 nobiseum
1483 519 1602 561 esse
1630 517 1870 576 possunt,

289 595 341 650 in
375 595 571 650 horreo
601 609 706 650 non
737 606 976 665 possunt.
1005 595 1071 650 Et
1095 595 1226 650 forte
1253 595 1410 651 hodie
1437 596 1524 667 qui
1556 597 1678 650 mali
1711 612 1876 666 appa-

289 697 429 750 rent,
461 702 578 742 cras
601 689 722 742 boni
749 697 933 749 erunt;
961 697 1013 742 et
1036 687 1122 756 qui
1152 687 1216 743 de
1239 687 1474 742 bonitate
1502 687 1658 744 hodie
1687 703 1874 756 super-

289 775 460 839 biunt,
491 790 610 830 cras
641 776 764 830 mali
797 777 1152 831 invenientur.
1179 775 1428 848 Quisquis
1452 791 1578 848 ergo
1607 778 1875 834 humiliter

287 867 459 921 malos
480 867 547 921 ad
575 875 781 937 tempus
803 867 921 934 fert,
947 868 1060 936 ipse
1086 869 1358 938 perveniet
1383 867 1448 924 ad
1474 869 1708 938 requiem
1735 885 1876 923 sem-

287 959 572 1028 pilernam.
608 959 732 1013 [hcc
761 975 860 1013 vox
893 959 1180 1014 catholica‘
1203 967 1304 1014 est.
1329 959 1542 1014 Illorum
1569 969 1744 1014 autem
1773 975 1872 1014 vox

286 1051 458 1120 qualis
487 1059 599 1118 est,
633 1067 735 1106 nou
769 1051 1171 1122 intelligentiam
1205 1067 1376 1122 neque
1407 1067 1526 1122 qua:
1566 1053 1869 1122 loquuutttr,

285 1155 460 1210 neque
503 1141 572 1196 de
610 1141 800 1212 quibus
839 1143 1105 1196 affirmant
1134 1142 1186 1215 (Ι
1217 1141 1346 1196 Tim.
1376 1158 1412 1205 ι,
1443 1143 1474 1196 7
1495 1143 1553 1210 )‘i
1587 1142 1668 1196 Ne
1697 1153 1874 1212 tangas

283 1229 602 1286 immundum
629 1231 781 1302 (I'sai.
807 1237 901 1299 illi,
931 1233 1051 1304 ii)~;
1079 1243 1153 1296 et,
1181 1234 1279 1300 Qui
1303 1233 1512 1305 tetigerit
1531 1233 1868 1300 immundum,

283 1321 630 1390 inquinabitar
655 1321 834 1395 (Lavit.
865 1339 991 1390 χχιι,
1025 1323 1122 1390 5)εε
1149 1339 1454 1392 separemus
1486 1337 1602 1390 nos,
1637 1339 1700 1378 ue
1726 1339 1872 1377 com-

283 1416 606 1470 misceamur
633 1417 805 1470 malis.
835 1416 896 1470 Et
924 1433 1019 1470 nos
1047 1415 1148 1471 illis
1167 1423 1186 1469 ἐ
1219 1418 1405 1470 Amate
1435 1429 1636 1485 pacem,
1669 1416 1872 1485 diligite

283 1507 564 1561 unitatem.
595 1505 820 1562 Nescitis
849 1523 877 1560 a
909 1523 1064 1577 quam
1106 1507 1286 1562 multis
1321 1507 1472 1561 bonis
1511 1507 1867 1576 separamini,

283 1599 408 1652 dum
459 1599 606 1668 quasi
653 1599 805 1653 malis
850 1599 1282 1654 ealumniamini?
1333 1597 1566 1660 Furuut,
1611 1600 1866 1666 szeviunt,

281 1689 494 1757 quando
517 1689 613 1742 ista
637 1689 860 1744 dicimus
885 1707 898 1744 :
925 1705 1044 1744 nam
1067 1699 1310 1760 qumrunt
1331 1700 1383 1745 et
1406 1691 1724 1744 mortiiieare
1749 1705 1866 1748 nos.

281 1779 658 1846 Apparuerunt
700 1793 842 1848 sa'pe
891 1779 1117 1849 impetus
1143 1797 1356 1845 eorum,
1389 1791 1746 1850 apparuerunt
1785 1783 1868 1836 in-

280 1867 452 1921 sidiar.
497 1867 626 1922 Cum
669 1883 796 1940 ergo
835 1870 972 1924 inter
1011 1869 1228 1924 insidias
1267 1871 1477 1925 illorum
1521 1871 1778 1937 vivimus,
1817 1875 1870 1926 c’t

277 1959 475 2028 quibus
513 1957 770 2026 dicimus,
809 1960 996 2014 Amate
1035 1975 1255 2030 pacem,
1296 1959 1645 2016 adversantur
1677 1962 1863 2030 nobis;

279 2064 459 2103 nonne
485 2065 585 2104 vox
613 2051 710 2104 ista
741 2059 919 2106 nostra
945 2059 1044 2116 est,
1071 2051 1196 2106 Cum
1224 2053 1302 2106 his
1326 2054 1414 2124 qui
1437 2054 1648 2108 oderunt
1667 2071 1862 2125 pacem,

277 2151 418 2190 eram
450 2137 731 2208 paciﬁcus?
757 2139 882 2194 Cum
911 2141 1138 2211 loquerer
1160 2142 1279 2204 illis.
1310 2143 1620 2198 debellabant
1649 2161 1726 2198 me
1748 2163 1868 2216 gra-

278 2230 361 2283 tis.
385 2229 522 2296 Quid
549 2240 629 2286 est
655 2241 850 2300 autem,
879 2233 1090 2299 fratres,
1118 2235 1432 2292 debellabant
1453 2239 1569 2292 me?
1587 2238 1651 2293 Et
1673 2251 1864 2310 parum

277 2327 424 2386 erat,
452 2323 496 2374 si
529 2337 632 2376 non
664 2321 914 2388 adderet,
947 2325 1122 2394 gratis.
1156 2325 1357 2394 Quibus
1386 2327 1611 2384 dicimus
1631 2371 1645 2395 ,
1677 2332 1866 2386 Amate

277 2423 498 2480 pacem,
529 2411 794 2467 Christum
831 2424 1003 2469 amate
1032 2435 1046 2470 :
1076 2418 1332 2490 numquid
1376 2419 1632 2489 dicimus,
1677 2425 1864 2479 Amate

277 2509 330 2554 et
358 2502 617 2558 honorate
649 2519 744 2558 nos
764 2505 788 2558 ἲ
811 2503 936 2569 Sed,
969 2506 1236 2564 llouorate
1259 2509 1551 2565 Christum.
1580 2511 1688 2567 Nos
1712 2515 1864 2568 nolu-

275 2605 396 2645 mus
441 2592 724 2661 honorari,
771 2595 862 2651 sed
909 2598 1078 2652 illiilli.
1123 2599 1252 2654 Nam
1291 2617 1388 2656 nos
1418 2603 1540 2672 quid
1582 2620 1763 2658 sumus
1797 2605 1862 2660 ad

277 2685 578 2752 apostolum
613 2687 870 2744 Paulum?
899 2689 998 2758 Qui
1030 2701 1202 2747 t:uuen
1232 2694 1438 2750 dicebat
1467 2697 1568 2750 illis
1599 2699 1859 2767 parvulis,

275 2791 412 2844 quos
435 2777 558 2832 mali
581 2777 821 2835 homines
848 2791 900 2835 et
931 2783 1052 2836 mali
1083 2800 1329 2840 suasores
1359 2789 1645 2856 prmcidcre
1665 2789 1732 2845 ab
1755 2791 1864 2845 uni-

279 2879 384 2923 tate
431 2869 482 2923 in
529 2870 814 2928 schismata
863 2875 1146 2942 volebant;
1190 2877 1313 2946 quid
1359 2879 1436 2933 eis
1482 2879 1690 2934 dicebat
1735 2881 1863 2936 ille?

193 2995 196 2997 μ
279 2959 544 3028 Numquid
569 2961 764 3016 Paulus
790 2981 880 3034 pro
903 2963 1036 3018 vobis
1060 2967 1332 3034 cruci/ist
1353 2979 1422 3022 est
1441 2967 1466 3022 .’
1485 2981 1570 3022 aut
1591 2971 1641 3024 in
1661 2973 1862 3026 nomine

279 3048 432 3103 Pauli
460 3051 698 3120 baptismi
718 3055 832 3106 estis
854 3053 1036 3130 (υἱον.
1063 3071 1100 3118 ι,
1126 3053 1254 3126 i5)?
1277 3057 1384 3111 lloc
1407 3067 1460 3112 et
1481 3075 1578 3115 nos
1599 3061 1855 3117 dicitnus:

275 3145 463 3198 Amate
510 3155 728 3214 pacem,
757 3155 932 3200 amate
958 3145 1247 3202 Christum.
1279 3147 1336 3203 Si
1375 3147 1515 3204 enim
1553 3162 1734 3206 amant
1763 3169 1858 3222 pa-

274 3249 410 3300 cem,
433 3235 703 3290 Christum
735 3243 934 3292 amant.
962 3238 1091 3293 Cum
1117 3253 1244 3311 ergo
1274 3241 1518 3308 dicimus,
1545 3245 1732 3299 Amate
1765 3261 1858 3314 pa-

273 3343 417 3392 rem;
451 3327 553 3382 hoc
581 3329 826 3397 dicimus,
854 3332 1042 3386 Amate
1069 3331 1358 3388 Christum.
1388 3335 1596 3404 Quare?
1623 3337 1752 3405 Quia
1792 3339 1858 3393 de

273 3419 486 3474 Christo
524 3420 598 3474 ait
636 3421 923 3490 Apostolus
943 3465 957 3488 ,
987 3419 1108 3492 Ipse
1140 3434 1211 3480 est
1239 3427 1371 3480 enim
1402 3443 1503 3496 pax
1532 3439 1703 3482 nostra
1727 3471 1740 3495 ,
1773 3431 1858 3500 qui

272 3511 388 3580 fecit
429 3521 643 3582 utraque
683 3529 838 3565 unum
867 3512 885 3584 (
903 3509 1091 3584 Eplies.
1128 3528 1164 3569 ιι
1186 3556 1199 3578 ,
1237 3515 1354 3588 Μ).
1385 3517 1438 3573 Si
1465 3533 1594 3589 ergo
1617 3518 1859 3577 Christus

273 3603 390 3658 ideo
419 3619 522 3673 pax
545 3645 559 3669 ,
589 3605 710 3673 quia
738 3606 853 3675 fecit
881 3615 1088 3677 utraque
1115 3625 1266 3662 unum
1287 3651 1301 3672 ,
1330 3625 1494 3680 quare
1525 3623 1619 3667 vos
1651 3613 1719 3667 de
1753 3629 1860 3669 uno

273 3689 472 3748 fecistis
509 3693 662 3748 duo?
703 3695 978 3762 Quomodo
1020 3713 1148 3768 ergo
1193 3699 1393 3769 pacifici
1437 3701 1595 3766 estis,
1639 3713 1695 3757 ut
1736 3719 1856 3760 cum

273 3782 516 3838 Christus
547 3782 704 3839 faciat
731 3801 892 3839 unum
921 3785 987 3842 de
1020 3787 1263 3857 duobus,
1295 3805 1390 3846 vos
1419 3791 1624 3848 faciatis
1649 3793 1714 3848 de
1753 3811 1857 3848 uno

274 3871 417 3928 duo?
445 3873 552 3930 Sed
582 3873 702 3944 quia
729 3875 842 3930 lucc
867 3877 1110 3946 dicimus,
1135 3894 1256 3935 cmn
1289 3881 1369 3935 his
1393 3883 1480 3952 qui
1511 3883 1735 3938 oderunt
1761 3901 1856 3956 pa-

273 3977 384 4019 cem
409 3981 600 4020 sumus
627 3967 862 4035 pacifici;
892 3975 944 4022 et
971 3979 1144 4023 tamen
1173 3971 1242 4024 illi
1271 3971 1358 4042 qui
1390 3973 1614 4028 oderunt
1639 3989 1853 4045 pacem,

275 4073 388 4114 cum
415 4060 760 4129 loqueremur
783 4062 881 4130 eis,
905 4061 1240 4119 debellabant
1265 4081 1363 4120 nos
1388 4067 1571 4138 gratis.

713 4291 793 4352 IN
839 4291 1218 4356 PSALMUM
1259 4292 1436 4355 CXX

855 4411 1270 4469 ENARRATIO.

919 4539 1090 4580 smo
1119 4523 1214 4599 (a).

345 4639 395 4693 l.
427 4635 710 4694 Secundus
739 4645 819 4691 est
857 4637 954 4691 iste
983 4637 1220 4708 psalmus
1249 4653 1431 4693 eorum
1459 4655 1683 4710 quorum
1724 4643 1849 4698 titu-

279 4729 354 4784 lus
382 4739 488 4798 est,
517 4727 782 4784 Canticum
809 4730 1078 4800 graduum.
1113 4729 1300 4784 Plures
1334 4731 1474 4786 enim
1505 4741 1628 4788 sunt
1651 4735 1853 4805 signifi-

275 4832 480 4890 cantes,
527 4829 584 4876 ut
619 4819 726 4889 jam
755 4821 804 4874 iu
851 4820 1020 4890 primo
1047 4835 1230 4875 eorum
1273 4823 1520 4889 audistis,
1576 4839 1856 4881 ascensum

279 4925 544 4978 nostrum,
574 4914 662 4983 qui
688 4913 745 4967 tit
769 4913 820 4967 in
842 4911 1005 4968 corde
1029 4911 1095 4966 ad
1127 4911 1314 4979 Deum,
1343 4929 1371 4966 a
1413 4915 1653 4970 convalle
1678 4917 1856 4987 plora-

279 5009 454 5072 tionis,
486 5005 538 5060 id
565 5015 648 5058 est
670 5045 682 5066 ,
716 5003 782 5057 ab
812 5001 1108 5058 humilitate
1141 5003 1620 5058 contribulatiouis.
1657 5007 1858 5061 Ascen-

277 5110 366 5152 sus
389 5097 534 5151 enim
568 5095 711 5148 utilis
743 5093 894 5151 nobis
921 5108 1024 5150 non
1054 5102 1228 5166 potest
1256 5110 1395 5160 esse,
1427 5095 1528 5150 nisi
1558 5097 1727 5166 primo
1759 5097 1854 5154 hu-

281 5187 466 5242 miliati
488 5189 534 5252 ',
561 5203 588 5238 a
613 5188 850 5242 convalle
881 5187 1033 5241 nobis
1053 5187 1445 5242 ascendendum
1467 5203 1586 5242 esse
1607 5192 1860 5247 memine-

281 5277 444 5332 rimus
487 5277 783 5348 (convallis
828 5278 970 5332 enim
1021 5286 1177 5332 terra:
1211 5277 1358 5332 locus
1402 5287 1482 5332 est
1521 5279 1805 5348 depressos
1841 5302 1854 5339 :

281 5371 412 5426 sicut
437 5371 556 5425 loca
591 5381 745 5423 terra:
790 5370 894 5422 alta
929 5377 1138 5424 montes
1169 5379 1224 5424 et
1263 5371 1462 5437 colles,
1501 5371 1569 5425 ita
1599 5375 1862 5430 convallis

285 5459 430 5520 locus
482 5461 768 5531 humilis);
803 5477 871 5515 ue
898 5461 1022 5516 dum
1055 5477 1392 5531 pra-propere
1438 5471 1492 5516 et
1536 5475 1860 5534 pra‘postere

275 5555 570 5628 quzerimus
618 5553 869 5618 exaltari,
929 5567 1030 5608 non
1071 5553 1443 5620 ascendamus,
1495 5553 1587 5608 sed
1623 5571 1856 5614 ruamus.

343 5665 848 5738 fiforté,c_atlwlsca_f.
938 5733 948 5738 _
989 5733 1027 5738 η
1143 5735 1177 5738 r_
1219 5734 1232 5738 _
1408 5725 1419 5738 .
1628 5728 1658 5738 __

343 5729 450 5778 ἐἰς
474 5725 676 5788 iam.
700 5735 752 5788 et
775 5727 954 5788 aliquoi.
989 5733 1094 5776 Mss.
1131 5735 1186 5776 At
1219 5734 1326 5778 ων.
1349 5762 1362 5786 ,
1399 5725 1698 5780 humilitatis.
1739 5739 1860 5780 tion-

203 5815 208 5822 -
287 5786 920 5862 Λυ1ιὶιιιεε..,Ιιιηιιίιὲαιξδς,Δ
1010 5851 1020 5860 _
1311 5855 1332 5862 Δ
1364 5851 1374 5861 ⁸
1438 5851 1448 5861 .
1492 5861 1516 5862 η
1656 5859 1666 5862 _
1731 5854 1738 5862 _

351 5853 421 5914 Qa)
455 5853 518 5900 Ad
540 5847 774 5914 {quidam
800 5850 985 5900 habitus
1009 5851 1056 5900 in
1081 5849 1222 5899 natali
1241 5857 1280 5898 5.
1305 5851 1527 5911 Crispinus
1547 5854 1784 5912 martyris.

1425 361 1818 450 minume
1857 391 1921 449 IN
1959 395 2278 460 rsuawu
2317 407 2480 466 cxx.

3417 431 3555 487 £606

2001 509 2188 567 Docuit
2233 525 2405 570 autem
2458 519 2570 588 ipse
2617 519 2870 574 Dominus
2911 537 2940 576 a
2971 529 3213 585 convalle
3259 533 3564 602 plorationis

1988 601 2380 661 ascendendum
2407 651 2422 674 ,
2456 615 2666 680 quando
2696 633 2789 684 pro
2823 621 2972 674 nobis
3005 625 3268 686 lunuiliari
3303 649 3466 704 usque
3495 637 3562 693 ad

1986 709 2208 755 mortem
2254 709 2425 762 crucis
2456 722 2507 764 et
2549 715 2652 782 pati
2703 715 2944 788 dignatus
2973 735 3071 778 est.
3109 727 3219 783 lluc
3261 737 3560 806 exenthqu

1984 803 2087 842 non
2111 793 2473 866 relinquamus
2501 822 2512 856 :
2543 807 2693 862 istam
2717 815 3006 870 convallem
3031 819 3344 888 plorationis
3363 793 3562 905 marty-

1984 893 2068 905 ιιυυ.
2100 881 2294 905 2-..-II_,
2459 901 2467 905 -
2529 893 2570 905 ιη
2631 897 2643 905 .
2709 901 2719 905 -
2821 903 2828 905 .

1981 893 2070 980 res
2099 881 2493 944 intellexerunt.
2529 893 2678 952 Unde
2707 901 3077 964 intellexerunt
3099 911 3122 964 ?
3143 915 3316 970 unde?
3345 918 3476 986 Quia
3499 881 3560 978 iet

1981 967 2076 1037 ipsi
2105 971 2170 1027 de
2197 981 2435 1036 convalle
2461 983 2770 1054 plorationis
2789 1035 2804 1059 ,
2839 1005 2893 1048 ut
2939 967 3552 1071 coronarenturjscen-

1979 1059 2193 1118 derunt.

2047 1154 2100 1207 2.
2129 1155 2381 1228 Cnngrnit
2409 1175 2462 1218 et
2497 1167 2754 1226 hodierno
2776 1175 2878 1230 diei
2909 1182 3140 1248 psalmus
3173 1186 3270 1242 iste
3296 1189 3556 1248 Canticum

1975 1246 2224 1312 graduum
2257 1269 2275 1302 :
2314 1253 2380 1306 de
2412 1255 2512 1310 illis
2552 1263 2692 1315 enim
2723 1264 2918 1320 dictum
2959 1283 3057 1336 est,
3109 1272 3300 1332 Euntes
3339 1281 3475 1336 ibant
3504 1295 3552 1336 et

1974 1335 2181 1406 ﬂebant,
2211 1343 2458 1400 mittentes
2480 1353 2670 1406 sentina
2700 1374 2810 1410 sua.
2843 1359 2964 1415 [hcc
2988 1375 3070 1418 cst
3092 1371 3344 1426 convallis
3376 1351 3556 1440 plora;

1973 1429 2155 1495 lionis,
2187 1435 2272 1487 ubi
2303 1453 2330 1489 a
2361 1439 2608 1500 flentibus
2653 1449 2931 1506 mittuntur
2977 1462 3200 1514 semina.
3243 1429 3386 1528 Quae
3422 1429 3546 1522 sunt

1973 1529 2146 1574 autem
2175 1527 2416 1581 semina?
2451 1531 2595 1587 Bona
2631 1554 2788 1605 opera
2835 1541 2885 1595 in
2919 1543 3013 1598 ista
3061 1527 3400 1610 tribulatione
3444 1567 3551 1612 ter-

1965 1621 2120 1666 rena.
2145 1615 2244 1681 Qui
2293 1619 2428 1676 bene
2457 1636 2708 1692 Operatur
2736 1631 2784 1682 in
2828 1637 3068 1691 convalle
3101 1642 3432 1712 plorationis,
3467 1651 3544 1702 si-

1972 1701 2112 1790 inilis
2151 1715 2232 1760 est
2275 1707 2474 1766 homini
2512 1716 2793 1773 seminanti
2847 1738 2941 1792 per
2983 1723 3256 1784 hiemem.'
3285 1733 3548 1806 Numquid

1964 1789 2167 1863 'i‘rigore
2185 1797 2252 1852 ab
2277 1814 2440 1870 opere
2465 1805 2802 1864 deterretur?
2830 1813 2916 1868 Sic
2947 1823 3209 1884 pressaris
3236 1828 3414 1882 mundi
3441 1789 3546 1884 non

1961 1884 2226 1942 debemus
2251 1906 2280 1943 a
2309 1893 2448 1949 bono
2477 1913 2640 1967 opere
2665 1901 2958 1972 deterreri;
2989 1912 3108 1978 quia
3145 1914 3292 1970 vides
3319 1919 3442 1986 quid
3465 1937 3549 1976 se-

1967 1977 2149 2046 quitur
2176 1997 2189 2033 :
2225 1979 2435 2051 Euntes,
2471 1987 2640 2058 inquit
2664 2033 2676 2054 ,
2709 1993 2847 2049 ibant
2873 2007 2916 2050 et
2943 1977 3131 2068 ﬂebant
3151 2045 3162 2065 ,
3199 1977 3443 2064 mittentes
3471 2028 3549 2065 se-

1961 2070 2104 2124 mina
2132 2089 2242 2126 sua.
2277 2075 2440 2132 Valde
2468 2081 2666 2149 miseri,
2707 2085 2748 2138 si
2772 2101 2982 2157 semper
3011 2093 3234 2161 flebant;
3265 2099 3419 2156 valde
3447 2104 3547 2157 mi-

1961 2161 2094 2228 seri,
2118 2163 2160 2218 si
2185 2181 2450 2236 nunquam
2475 2170 2540 2226 de
2567 2173 2814 2245 lacrymis
2841 2179 3120 2239 liberandi.
3149 2185 3254 2242 Sed
3278 2189 3394 2246 vide
3419 2195 3542 2264 quid

1963 2255 2205 2324 sequitur
2229 2273 2243 2310 :
2287 2257 2547 2316 Venientes
2567 2276 2733 2320 autem
2763 2271 2955 2326 venient
2981 2275 3030 2328 in
3049 2280 3404 2352 exsultatione,
3424 2255 3541 2357 por-

1959 2349 2124 2397 tantes
2149 2349 2375 2416 germina
2396 2368 2491 2405 sua
2515 2355 2529 2384 ¹
2557 2353 2576 2424 (
2596 2353 2738 2410 Ριαι.
2777 2373 2939 2428 cxxv,
2966 2365 2998 2418 ϐ
3025 2363 3068 2434 ).

1957 2507 1962 2512 _
2033 2431 2087 2491 ὅ.
2119 2437 2260 2492 Nihil
2287 2441 2428 2497 aliud
2457 2445 2572 2500 istis
2594 2450 2813 2505 canticis
2841 2431 3116 2524 docemur,
3139 2459 3348 2528 fratres,
3380 2481 3536 2536 quani

1959 2527 2282 2597 ascendere;
2312 2534 2404 2588 sed
2437 2540 2725 2597 ascendere
2767 2543 2817 2597 iu
2849 2547 3027 2616 corde,
3061 2551 3115 2605 in
3141 2553 3329 2610 affectu
3359 2527 3497 2614 bono
3521 2603 3536 2626 ,

1961 2616 2013 2672 in
2054 2618 2179 2690 fide,
2227 2639 2321 2692 spe
2349 2627 2708 2699 ctcharitate,
2758 2635 2808 2689 in
2850 2635 3115 2697 desiderio
3171 2616 3538 2718 perpetuitatis

1960 2717 2014 2766 et
2040 2711 2162 2767 vitae
2202 2725 2436 2773 :eternzc.
2465 2720 2553 2776 Sic
2579 2725 2902 2782 ascenditur.
2935 2711 3191 2803 Congruit
3231 2711 3324 2794 nos
3359 2741 3536 2801 dicere

1958 2804 2226 2870 quomodo
2265 2810 2658 2866 ascendendum
2689 2816 2774 2870 sit.
2818 2819 3021 2884 Quanta
3054 2827 3368 2886 terribiliora
3400 2834 3533 2890 let-ta

1958 2890 2026 2946 de
2067 2891 2355 2966 Evangelia
2384 2901 2583 2957 audivit
2609 2905 2854 2964 Charitas
2894 2923 3062 2968 vestra
3093 2919 3104 2971 !
3141 2918 3340 2976 Videtis
3389 2935 3535 2982 certe

1955 2983 2074 3051 quia
2104 2987 2234 3040 liora
2262 2987 2488 3056 Domini,
2517 2997 2644 3048 sicut
2671 2998 2756 3066 [ur
2773 3001 2824 3053 in
2850 3015 3011 3068 nocte,
3049 3007 3118 3060 ita
3141 3011 3315 3065 veniet.
3353 3015 3414 3070 Si
3440 3019 3537 3071 sei.

1957 3087 2052 3142 ret,
2099 3077 2289 3148 inquit,
2339 3089 2706 3158 paterfamilias
2749 3109 2848 3163 qua
2886 3095 3012 3150 liora
3041 3103 3127 3169 fur
3165 3106 3536 3174 veniret,amen

1956 3167 2070 3222 dico
2111 3171 2264 3235 vobis,
2309 3177 2428 3243 quia
2457 3195 2558 3234 non
2583 3192 2836 3250 pateretur
2861 3191 3060 3258 perfodi
3085 3197 3325 3263 parietem
3364 3219 3529 3256 suum.

1957 3255 2138 3315 Dicitis
2180 3265 2374 3318 modo:
2400 3267 2528 3334 Quis
2555 3287 2681 3340 ergo
2713 3255 2987 3348 novitque
3025 3255 3154 3338 hora
3186 3289 3376 3354 veniet,
3412 3295 3532 3362 quia

1955 3347 2086 3405 hora
2119 3353 2254 3409 sicut
2281 3355 2362 3410 fur
2389 3361 2532 3413 erit?
2561 3361 2742 3418 Nescis
2771 3381 2872 3438 qua
2921 3369 3048 3426 hora
3079 3377 3274 3442 veniat,
3323 3347 3535 3451 sem-per

1955 3441 2142 3512 vigila;
2177 3455 2231 3499 ut
2259 3448 2378 3518 quia
2411 3454 2584 3507 nescis
2606 3457 2816 3524 quando
2851 3461 3060 3529 veniat,
3095 3479 3333 3535 paratum
3367 3485 3414 3526 te
3442 3441 3530 3528 in-

1955 3537 2170 3606 veniat,
2202 3555 2320 3595 cum
2354 3547 2576 3600 venerit.
2611 3549 2676 3603 Et
2704 3551 2770 3605 ad
2817 3551 2919 3610 hoc
2945 3555 3080 3612 forte
3123 3563 3298 3616 nesris
3324 3568 3534 3632 quando

1953 3638 2209 3685 venturus
2235 3641 2318 3687 est
2339 3676 2352 3700 ,
2389 3644 2444 3690 ut
2469 3653 2681 3710 semper
2709 3652 2920 3710 paratus
2949 3647 3042 3702 sis.
3087 3649 3235 3705 Illum
3264 3656 3403 3710 enim
3437 3673 3532 3726 pa-

1957 3721 2319 3778 tremfamilias
2348 3727 2526 3782 subito
2547 3733 2830 3800 occupabit
2856 3737 2876 3766 '
2903 3735 3031 3792 hora
3060 3739 3166 3802 illa,
3197 3745 3284 3811 qui
3315 3721 3535 3814 paterfa-

1953 3809 2148 3876 mitias,
2194 3815 2452 3882 superbus
2483 3818 2810 3888 significatus
2839 3835 2938 3878 est.
2983 3827 3094 3881 Noli
3125 3809 3258 3885 velle
3288 3809 3405 3890 esse
3435 3851 3531 3906 pa-

1955 3901 2279 3971 terfamilias,
2309 3913 2360 3961 et
2408 3925 2510 3964 non
2541 3919 2589 3966 te
2618 3914 2794 3968 subito
2833 3915 2914 3970 illa
2969 3919 3095 3973 hora
3142 3901 3534 3994 occupabitllit

1953 3992 2076 4063 quid
2099 4009 2213 4062 ero,
2248 3997 2461 4068 inquis?
2502 4003 2722 4068 Qualem
2747 4007 2938 4062 audisti
2973 4011 3039 4066 de
3069 3992 3290 4082 psalmo,
3330 4017 3532 4090 Ptmper

1953 4093 2000 4138 et
2027 4085 2200 4141 dolens
2226 4105 2314 4160 ego
2342 4107 2452 4144 sum
2493 4094 2511 4160 (
2535 4093 2678 4149 Psal.
2709 4111 2890 4164 vant,
2923 4101 3048 4172 50).
3079 4105 3130 4159 Si
3167 4108 3305 4161 enim
3334 4085 3532 4180 pauper

1951 4183 2008 4229 et
2037 4176 2224 4234 dolens
2248 4179 2374 4246 eris,
2405 4197 2507 4236 non
2540 4184 2645 4238 eris
2673 4188 3070 4260 paterfamilias,
3100 4209 3256 4264 quem
3287 4176 3372 4254 illa
3396 4176 3526 4260 hora

1951 4268 2126 4324 subito
2149 4273 2396 4338 inveniet,
2427 4285 2479 4330 et
2506 4276 2678 4332 subito
2701 4291 2920 4348 premet.
2947 4283 3357 4346 Patresfamilias
3387 4294 3528 4349 enim

1953 4370 2075 4414 sunt
2099 4359 2172 4415 illi
2199 4365 2286 4432 qui
2322 4378 2705 4434 prarsumentes
2732 4371 2798 4427 de
2829 4375 3205 4446 cupiditatibus
3239 4383 3368 4447 suis,
3397 4394 3449 4440 et
3477 4387 3528 4442 in

1954 4451 2159 4508 deliciis
2199 4453 2355 4523 hujus
2383 4461 2558 4512 saeculi
2591 4461 2893 4520 diffluentes
2915 4509 2928 4533 ,
2963 4477 3203 4538 tument;
3237 4483 3289 4528 et
3315 4477 3528 4544 erigun-

1955 4553 2041 4599 tur
2069 4546 2322 4602 adversus
2365 4547 2614 4620 humiles,
2648 4563 2700 4608 et
2727 4555 2982 4613 insultant
3007 4563 3206 4618 sanctis
3237 4565 3516 4638 intelligen-

1955 4635 2094 4691 tibus
2123 4649 2398 4704 angustam
2417 4642 2576 4709 viam,
2605 4661 2723 4714 quae
2753 4647 2898 4704 ducit
2923 4650 2990 4704 ad
3015 4652 3170 4707 vitam
3201 4635 3528 4728 (Mattlnvn,

1955 4727 2078 4798 M).
2107 4727 2321 4785 Talibus
2361 4733 2501 4785 enim
2530 4735 2704 4790 veniet
2736 4736 2818 4790 illa
2847 4739 2974 4793 hora
3004 4743 3180 4796 subito
3205 4761 3217 4808 ;
3247 4747 3368 4814 quia
3401 4749 3530 4802 tales

1954 4829 2104 4874 erant
2117 4831 2166 4874 ct
2183 4821 2234 4874 in
2251 4823 2436 4876 diebus
2451 4823 2582 4888 Noe.
2603 4841 2828 4895 quorum
2846 4829 3050 4885 dierum
3069 4838 3530 4890 commemoratio.

1947 4932 2076 4970 'ncm
2099 4917 2319 4971 audistis
2333 4915 2522 4972 factam
2545 4919 2594 4973 in
2611 4919 2918 4990 Evangelio.
2942 4924 3030 4979 Sic
3050 4926 3142 4978 erit
3156 4927 3392 4982 adventus
3409 4927 3531 4984 Filii

1955 5008 2191 5072 hominis,
2219 5007 2406 5077 inquit,
2435 5011 2682 5077 quomodo
2703 5014 2754 5066 in
2775 5013 2946 5068 diebus
2973 5015 3105 5070 Nae.
3129 5013 3526 5086 Mandurabant,

1953 5097 2197 5164 bibebant,
2230 5098 2499 5169 nubebant,
2527 5117 2707 5156 uxores
2729 5103 2988 5170 ducebant,
3016 5107 3348 5174 novellabant,
3371 5111 3528 5175 mliﬁ-

1953 5189 2153 5256 cabant,
2179 5189 2337 5244 donec
2361 5191 2552 5246 introiit
2578 5193 2692 5248 Noe
2717 5197 2766 5248 in
2803 5211 3009 5258 arcam;
3035 5206 3082 5250 et
3105 5197 3236 5250 venit
3261 5197 3525 5262 diluvium,

1957 5293 2002 5338 et
2017 5281 2415 5354 perdiditonmes
2429 5282 2534 5354 (Id.
2549 5301 2694 5346 XXIV,
2711 5285 2900 5350 37-14;
2921 5297 2966 5340 et
2985 5285 3108 5340 Luc.
3131 5303 3253 5348 ιιι-ιι,
3273 5289 3341 5342 ‘26
3354 5289 3528 5360 e127).

1957 5376 2263 5444 Quidergo?
2283 5391 2469 5430 omnes
2484 5375 2828 5444 perilumtqui
2853 5377 2946 5430 ista
2963 5378 3175 5440 faciunt,
3197 5381 3284 5449 qui
3308 5381 3528 5447 nubunt,

1959 5467 2045 5537 qui
2066 5480 2257 5520 uxores
2273 5465 2487 5526 ducunt,
2512 5465 2597 5532 qui
2627 5465 2914 5528 novellaut,
2937 5467 3022 5535 qui
3049 5468 3353 5524 aedificant?
3375 5471 3486 5526 Non
3515 5491 3529 5526 :

1957 5557 2050 5612 sed
2076 5555 2162 5625 qui
2181 5555 2343 5610 dehis
2362 5564 2704 5623 praesmnunt,
2729 5555 2820 5609 sed
2849 5558 2934 5624 qui
2966 5558 3060 5612 i~ta
3089 5559 3194 5614 Deo
3225 5562 3530 5630 prmferunt,

1961 5649 2052 5706 sed
2075 5650 2160 5720 qui
2195 5657 2409 5719 propter
2439 5649 2550 5701 lucc
2568 5647 2838 5702 offendere
2862 5649 3024 5702 [lcum
3055 5653 3160 5705 cito
3190 5657 3356 5723 parati
3387 5665 3528 5710 sunt.

2061 5795 2076 5824 ι
2105 5793 2252 5840 Νικιιῆ
2277 5804 2446 5838 oumes
2468 5799 2589 5846 Vss,
2614 5795 2792 5862 {nantia
2818 5813 2919 5848 sua.

2061 5857 2080 5886 ³
2107 5863 2120 5901 i
2139 5855 2324 5913 ianque
2346 5859 2470 5908 iisan,
2493 5855 2756 5914 Ut‘t'ttpttt'il.
