4078 6512
534 357 663 414 i607

523 483 593 534 At
615 493 736 533 vero
751 477 839 547 qui
859 476 972 530 istis
992 472 1237 529 omnibus
1261 472 1275 501 ¹
1291 478 1496 524 autnon
1511 476 1748 533 utuntur,
1768 478 1859 522 aut
1885 476 2103 520 utuntur

525 580 775 639 tanquam
790 583 890 620 non
916 574 1144 626 utentes,
1163 561 1280 631 plus
1295 568 1678 630 praesumentes
1701 558 1766 614 de
1792 558 1882 612 illo
1903 558 1992 628 qui
2009 558 2106 612 de-

523 656 619 723 dit,
649 674 804 728 quam
829 656 896 711 de
927 656 1007 709 his
1033 669 1152 724 qua:
1177 652 1294 706 data
1317 660 1458 713 sunt,
1489 660 1543 705 et
1562 649 1916 720 intelligentes
1941 649 1994 702 in
2020 648 2105 703 his

487 766 490 770 '
523 750 639 820 ejus
665 746 1086 803 consolationem
1112 751 1166 797 et
1191 739 1632 806 misericordiam,
1657 747 1834 795 etnon
1859 738 2102 808 occupati

524 837 700 901 donis,
726 852 790 890 ne
815 851 845 888 a
876 835 1133 888 donatore
1163 841 1359 896 ruant;
1393 832 1480 902 qui
1514 831 1648 884 tales
1669 841 1813 895 sunt,
1847 846 1949 884 non
1982 830 2104 884 illos

523 927 758 983 inveniet
793 927 1080 993 imparatos
1107 923 1234 978 hora
1271 923 1359 977 illa
1407 923 1542 977 sicut
1569 922 1668 976 fur.
1709 918 1924 976 Talibus
1971 921 2105 976 dixit

521 1019 810 1089 Apostolus
837 1035 850 1071 :
887 1015 987 1070 Vos
1011 1026 1177 1068 autem
1201 1029 1301 1068 non
1327 1014 1444 1068 estis
1472 1014 1523 1067 in
1544 1014 1778 1078 tenebris,
1807 1023 1861 1066 ut
1887 1011 1992 1066 dies
2017 1009 2104 1066 ille

521 1128 606 1166 vos
636 1121 874 1174 tanquam
900 1111 983 1178 fur
1003 1106 1426 1178 comprehendat;
1455 1121 1625 1159 omnes
1648 1106 1780 1158 enim
1797 1119 1880 1157 vos
1909 1101 2004 1172 ﬁlii
2023 1103 2104 1156 lu-

521 1203 592 1256 cis
613 1201 749 1267 estis,
781 1209 828 1254 et
853 1199 949 1267 ﬁlii
977 1197 1096 1251 diei.
1122 1197 1244 1253 Ideo
1271 1195 1527 1252 Dominus
1549 1209 1669 1251 cum
1689 1196 1888 1252 diceret
1914 1196 2104 1250 timen-

520 1294 641 1347 dam
670 1308 789 1346 esse
819 1291 1005 1346 horam
1029 1291 1165 1346 sicut
1195 1291 1385 1354 torem,
1404 1299 1612 1344 noctem
1641 1289 1846 1358 posuit;
1880 1296 1934 1342 et
1959 1289 2102 1357 Apo—

520 1383 688 1437 stolus
721 1385 788 1436 ita
815 1383 907 1445 ait,
945 1381 1076 1448 Quia
1099 1381 1223 1434 ltora
1256 1379 1456 1434 Domini
1487 1380 1614 1433 sicut
1654 1383 1739 1450 [ur
1758 1380 1810 1432 in
1839 1388 2000 1442 nocte,
2029 1378 2102 1432 ita

519 1477 696 1530 ueniet.
726 1473 840 1528 Non
862 1475 941 1528 vis
966 1481 1023 1527 ιιι
1048 1481 1097 1527 te
1125 1472 1393 1527 inveniat?
1413 1471 1527 1524 Noli
1554 1485 1672 1525 esse
1701 1471 1754 1525 in
1772 1477 1947 1525 nocte.
1965 1469 2101 1537 Quid

519 1577 622 1634 est,
667 1566 785 1621 Noli
830 1580 949 1621 esse
977 1565 1029 1618 in
1078 1564 1274 1618 nocte?
1302 1561 1428 1616 Filii
1478 1561 1602 1616 lucis
1631 1562 1746 1614 estis
1771 1571 1816 1614 et
1842 1561 1937 1630 ﬁlii
1967 1561 2100 1626 diei;

519 1677 619 1715 non
649 1676 818 1713 sumus
847 1659 1005 1712 noctis
1042 1673 1199 1726 neque
1241 1655 1553 1709 tenebrarum
1586 1653 1626 1726 (Ι
1656 1652 1829 1707 Thess.
1856 1669 1906 1718 v,
1937 1647 2037 1708 2-5
2056 1651 2096 1722 ).

518 1751 616 1818 Qui
649 1759 773 1804 sunt
798 1749 891 1802 lilii
921 1747 1090 1802 noctis
1117 1755 1171 1801 et
1197 1743 1567 1801 tenebrarum?
1597 1741 1789 1814 iniqui,
1822 1736 1989 1813 impii,
2013 1743 2098 1797 in-

521 1842 720 1897 lidelcs.

589 1942 641 1987 4.
690 1932 840 2004 [rem
881 1930 957 2002 1.]
983 1926 1085 1985 Sed
1117 1938 1170 1984 et
1215 1927 1313 1998 ipsi
1341 1925 1560 1983 audiant
1611 1933 1891 1994 antequam
1922 1921 2100 1980 veniat

519 2021 669 2086 hora,
713 2034 766 2076 et
807 2022 948 2080 dicat
979 2021 1077 2074 illis
1104 2019 1408 2089 Apostolus,
1455 2016 1645 2071 Fuistis
1675 2016 1948 2086 aliquando
1974 2026 2100 2069 teneo

518 2113 659 2177 brat;
685 2129 816 2165 nunc
843 2122 1004 2164 autent
1033 2109 1123 2164 tua:
1149 2111 1200 2162 in
1243 2108 1459 2162 Domino
1486 2106 1503 2177 (
1525 2105 1711 2176 Ephes.
1741 2122 1791 2172 v,
1821 2105 1914 2176 8).
1949 2105 2099 2161 Sicut

518 2203 617 2257 istc
662 2203 892 2272 psalmus
941 2201 1117 2266 habet,
1163 2199 1430 2270 evigilent.
1481 2195 1596 2252 Jam
1647 2197 1923 2251 illuminati
1975 2201 2100 2252 sunt

518 2302 747 2358 montes,
781 2293 905 2362 quid
935 2292 1107 2346 adlmc
1150 2291 1461 2346 dormiunt?
1486 2287 1689 2345 Levcnt
1714 2289 1884 2343 oculos
1909 2303 2024 2342 suos
2045 2286 2099 2344 in

516 2397 726 2452 montes,
759 2387 889 2438 unde
916 2385 1070 2439 veniet
1096 2382 1344 2436 auxilium
1385 2380 1508 2438 illis.
1537 2382 1672 2449 Quid
1700 2392 1781 2436 est
1801 2424 1815 2449 ,
1845 2382 1959 2437 Jam
1987 2381 2100 2436 illu-

516 2479 698 2533 minati
745 2487 863 2532 sunt
894 2477 1143 2532 montes?
1171 2476 1287 2530 Jam
1316 2483 1465 2532 ortus
1493 2483 1574 2530 est
1600 2475 1679 2528 sol
1715 2471 1953 2544 justitize,
1983 2469 2094 2543 jam

515 2570 582 2622 ab
605 2569 871 2638 Apostolis
905 2568 1246 2638 prmdieatum
1277 2575 1358 2621 est
1401 2561 1764 2635 Evangelium,
1796 2565 2096 2636 praedicata:

513 2670 634 2713 sunt
659 2660 965 2730 Scripturm,
985 2668 1266 2728 patuerunt
1282 2657 1456 2712 omnia
1479 2665 1831 2723 sacramenta,
1849 2657 2094 2713 c0nscis-

515 2765 631 2805 sum
681 2759 762 2804 est
790 2753 960 2805 velum
993 2748 1217 2822 (Matth.
1252 2759 1419 2813 xxvn,
1446 2745 1548 2820 51)
1574 2791 1589 2814 ,
1621 2749 1790 2818 patuit
1827 2757 2091 2803 secretum

517 2841 698 2909 templi
731 2859 743 2894 :
791 2840 898 2910 jam
949 2840 1160 2893 tandem
1203 2837 1379 2893 levent
1404 2839 1587 2892 oculos
1617 2838 1666 2891 in
1695 2845 1922 2900 montes,
1955 2837 2093 2894 unde

511 2934 690 2988 veniet
713 2934 970 2987 auxilium
995 2933 1116 2986 illis.
1143 2927 1255 2986 Hoc
1275 2931 1419 2986 enim
1452 2925 1683 3000 praecipit
1708 2927 1806 2986 iste
1832 2926 2090 2999 psnlmdS,

513 3022 778 3077 secundus
799 3021 864 3076 de
891 3022 972 3076 his
993 3021 1077 3091 qui
1103 3021 1461 3075 inscribuntur
1483 3061 1498 3085 ,
1528 3014 1790 3074 Canticum
1816 3019 2086 3089 graduum.

511 3111 621 3166 Sed
669 3129 772 3165 non
822 3127 1002 3165 rursus
1033 3118 1359 3180 prmsnmant
1402 3108 1470 3164 de
1502 3103 1807 3173 montibus;
1839 3103 1959 3178 quia
1993 3110 2090 3178 ipsi

509 3212 718 3256 montes
750 3217 850 3255 non
884 3216 913 3255 a
938 3217 996 3254 se
1024 3200 1223 3266 lucent,
1255 3199 1347 3255 sed
1377 3199 1444 3254 ab
1473 3200 1561 3254 illo
1584 3199 1761 3254 lucent
1787 3200 1852 3254 de
1882 3215 1985 3269 quo
2011 3201 2092 3254 di-

508 3300 650 3348 ctum
682 3301 781 3357 est,
837 3291 960 3345 Erat
1009 3291 1178 3345 lumen
1207 3307 1414 3356 verum,
1453 3287 1586 3361 quod
1612 3291 1863 3344 illuminat
1893 3307 2091 3346 omnem

509 3383 757 3438 hominem
801 3384 1072 3436 venientem
1119 3383 1170 3435 in
1211 3383 1341 3436 hunc
1387 3384 1632 3435 mundum
1660 3381 1852 3453 (Joan.
1911 3399 1949 3450 ι,
1991 3384 2085 3454 9).

508 3477 712 3530 Montes
752 3486 970 3544 possunt
1000 3476 1258 3544 intelligi,
1310 3474 1556 3529 homines
1601 3475 1814 3544 magni,
1845 3474 2090 3532 homines

507 3566 657 3619 clari.
701 3567 764 3618 Et
809 3566 931 3634 quis
981 3565 1148 3633 major
1193 3563 1397 3620 Joanne
1441 3565 1720 3634 Baptista?
1773 3564 1952 3633 Qualis
2001 3565 2088 3622 ille

507 3671 664 3711 mons
694 3664 807 3710 erat
832 3699 846 3722 ,
876 3655 941 3710 de
967 3671 1071 3726 quo
1111 3656 1366 3710 Dominus
1393 3656 1505 3726 ipse
1535 3652 1680 3720 dicit,
1709 3652 1773 3708 In
1809 3655 1940 3709 natis
1978 3669 2088 3710 mu-

508 3747 684 3802 lierum
706 3763 849 3800 nemo
873 3745 1149 3801 exsurrexit
1178 3744 1342 3818 major
1368 3746 1570 3801 Joanne
1598 3746 1827 3817 Baptista
1851 3749 1868 3820 (
1897 3748 2083 3804 Matth.

504 3855 576 3902 XI,
613 3840 668 3893 tl
698 3837 756 3911 )‘l
805 3839 958 3893 Vides
1003 3850 1143 3894 certe
1174 3839 1329 3894 istum
1363 3856 1607 3908 magnum
1639 3850 1873 3896 montem
1901 3841 2084 3897 lucen-

503 3941 648 3996 tem;
681 3931 800 3984 amli
840 3931 1201 3986 conﬁtentem.
1250 3931 1383 3999 Quid
1415 3931 1794 3987 confitentem?
1831 3933 1942 3988 Nos
1972 3925 2082 3989 om-

503 4040 608 4086 nes,
638 4024 823 4092 inquit,
870 4024 932 4077 de
969 4025 1278 4091 plenitudine
1322 4025 1432 4095 ejus
1474 4026 1756 4094 accepimus
1798 4018 1994 4098 (Joan.
2042 4041 2079 4093 ι,

504 4115 626 4186 16).
663 4116 735 4170 De
774 4103 925 4185 cujus
953 4131 1080 4185 ergo
1124 4117 1451 4186 plenitudine
1488 4127 1809 4188 acceperunt
1848 4126 2078 4187 montes,

503 4208 683 4260 abillo
710 4218 792 4262 est
837 4209 926 4262 tibi
967 4209 1242 4272 auxilium,
1275 4225 1376 4263 non
1418 4224 1448 4263 a
1479 4211 1746 4264 montibus
1767 4211 1826 4276 ¹;
1870 4211 1919 4264 in
1951 4226 2082 4281 quos

503 4307 681 4351 tamen
715 4298 812 4352 nisi
863 4298 1118 4352 levaveris
1144 4299 1327 4353 oculos
1369 4315 1462 4368 per
1486 4299 1789 4370 Scripturas
1813 4341 1828 4368 ,
1857 4316 1960 4354 non
1981 4300 2081 4356 ad-

502 4387 802 4442 moveberis
833 4385 853 4418 ⁸
878 4405 892 4448 ς
921 4396 978 4440 ιιι
1003 4388 1070 4442 ab
1099 4388 1192 4441 illo
1223 4386 1558 4444 illumineris.

576 4481 628 4534 5.
658 4479 804 4552 [vers.
837 4479 915 4552 5.]
958 4480 1122 4535 Canta
1151 4496 1276 4550 ergo
1304 4481 1445 4552 quod
1488 4483 1727 4552 sequitur
1759 4501 1772 4536 :
1799 4484 1842 4537 si
1875 4482 1953 4538 vis
1981 4493 2076 4538 a‘u-

505 4570 620 4625 dire
647 4579 702 4622 nt
743 4566 1042 4624 ﬁrmissime
1097 4582 1260 4640 ponas
1300 4572 1462 4640 pedes
1508 4573 1558 4625 in
1612 4573 1883 4641 gradibus,
1933 4589 1998 4627 ne
2026 4573 2077 4627 in

507 4661 596 4717 illa
623 4661 935 4716 ascensione
965 4672 1055 4716 aut
1101 4657 1354 4732 fatiget-is,
1399 4673 1490 4718 aut
1525 4665 1701 4734 lapsus
1726 4663 1883 4719 cadas
1905 4664 1926 4696 ’⁸
1951 4707 1966 4733 ,
1995 4667 2080 4723 dic

566 4816 582 4846 ι
621 4814 805 4876 Aliquot
828 4821 931 4862 Mss.
959 4813 1082 4869 loco.
1107 4813 1342 4871 omnibus,
1364 4814 1566 4875 habent,
1592 4815 1828 4865 inertibus.
1856 4824 1909 4867 At
1929 4823 2003 4866 Er.
2028 4824 2080 4868 et

497 4879 634 4925 (aut).
662 4875 786 4925 liber
821 4889 991 4925 vocem
1026 4884 1298 4938 utramque,
1338 4875 1556 4928 inanibus
1593 4877 1824 4939 oneribus,
1861 4878 2077 4942 comple-

499 4946 710 4988 Clllllllll‘.

563 5002 582 5031 ¹
608 5000 690 5047 Hic
707 4999 1001 5062 Parisienses
1035 5007 1088 5049 et
1116 5006 1317 5048 Venetae
1348 5000 1566 5062 quaedam
1583 5001 1794 5062 antiquae
1819 5001 2075 5060 editiones,

499 5068 624 5123 post,
651 5072 744 5108 non
766 5074 796 5110 a
817 5060 1074 5123 montibus,
1096 5060 1452 5123 prosequuntur
1475 5063 1542 5123 sic
1567 5076 1578 5110 :
1613 5080 1634 5107 ιι
1659 5060 1794 5111 salus
1821 5063 1969 5123 igitur
1992 5078 2078 5112 no-

506 5121 529 5166 i
550 5128 650 5170 stra
674 5129 724 5170 et
748 5122 978 5170 auxilium
1005 5121 1219 5172 nostrum
1239 5121 1452 5170 Christus
1495 5121 1619 5172 [ilius
1641 5125 1812 5172 summi
1836 5121 2002 5184 I‘atris,
2025 5129 2073 5174 et

505 5200 528 5228 ιι
551 5195 660 5231 cum
679 5184 853 5232 eodem
875 5191 1013 5233 Patre
1038 5191 1177 5246 Deus,
1187 5186 1490 5246 omnipotens
1513 5191 1604 5242 est,
1631 5191 1683 5233 et
1705 5198 1812 5246 cum
1836 5186 1938 5246 ipso
1961 5199 2075 5246 per—

505 5261 527 5289 ι
552 5257 758 5293 manens
779 5257 976 5306 semtier
998 5245 1263 5308 secundum
1285 5245 1333 5294 id
1353 5246 1479 5308 quod
1519 5253 1612 5294 est.
1640 5253 1688 5294 lu
1712 5245 1819 5308 illos
1835 5245 2068 5308 denique,

504 5323 526 5350 ιι
552 5317 675 5366 quos
691 5305 1054 5354 commemoravi
1073 5305 1394 5366 montes,ni§i
1417 5305 1660 5356 levaveris
1680 5306 1863 5366 oculos,
1888 5323 1910 5351 ιο
1943 5305 2040 5358 etc.

563 5365 584 5427 ξ
609 5366 826 5427 Plerique
845 5373 970 5424 Mss,
995 5366 1267 5416 admonebat
1279 5365 1340 5417 is.

561 5426 584 5458 ⁸
608 5433 657 5474 In
681 5426 876 5476 Venetis
899 5435 952 5476 et
974 5429 1318 5477 Parisiensibus
1335 5428 1542 5479 vetustis
1565 5429 1855 5487 editionibus
1878 5429 1981 5478 haec
2004 5429 2074 5479 le-

505 5495 682 5553 guntur
709 5501 721 5536 :
754 5504 777 5533 α
802 5495 890 5536 Αιιι
913 5487 1073 5553 lapsus
1094 5489 1252 5547 cadas,
1278 5490 1529 5553 Auxilium,
1554 5492 1730 5553 inquit,
1749 5504 1909 5553 meum
1933 5504 1957 5540 a
1983 5499 2074 5553 Do-

509 5566 530 5593 ι
553 5549 718 5621 mino._
738 5555 836 5597 non
874 5562 904 5621 ιι
938 5549 1310 5621 qualicumque;
1327 5553 1438 5621 quia
1459 5549 1682 5621 dicuntur
1700 5551 1880 5621 domini
1917 5551 2072 5621 multi,

508 5625 529 5654 ι
552 5609 796 5670 mortales,
808 5609 990 5669 caduci,
1015 5613 1174 5660 miseri
1195 5609 1209 5659 Ξ
1225 5609 1312 5661 sed
1329 5609 1360 5660 a
1372 5615 1569 5662 Domino
1585 5613 1902 5670 dominorum,
1913 5615 1974 5662 ab
1993 5609 2074 5665 illo

507 5685 530 5713 ιι
553 5668 797 5742 videlicet,
822 5673 904 5742 qui
925 5668 1039 5742 fecit
1059 5671 1234 5721 coelum
1259 5680 1311 5742 et_
1337 5680 1551 5742 terram._
1574 5681 1691 5723 Ecce
1726 5668 1962 5742 summum
1987 5681 2075 5724 Do-

506 5747 529 5773 ιι
551 5736 750 5788 mtuum,
773 5736 855 5840 (Eii
876 5738 951 5780 est
973 5740 1098 5782 Deus
1116 5742 1166 5783 et
1183 5736 1438 5783 Dominus:
1464 5736 1635 5784 dicitur
1658 5743 1802 5791 Deus,
1818 5739 1930 5797 quia
1945 5749 2075 5798 quas-

507 5807 530 5837 ι
550 5803 758 5840 cumque
828 5800 904 5840 cla
925 5801 1051 5840 sunt.
1082 5808 1168 5840 uer
1207 5797 1364 5840 ipsum
1405 5805 1533 5840 sunt.
1560 5803 1609 5840 et
1640 5798 1700 5840 ah
1733 5799 1834 5840 iugo
1871 5805 1983 5840 sunt
2022 5805 2075 5840 ut

507 5807 530 5837 ι
550 5803 758 5852 cumque
781 5797 904 5843 facta
925 5801 1051 5856 sunt,
1081 5808 1168 5857 per
1206 5797 1364 5858 ipsum
1405 5805 1534 5856 sunt,
1560 5803 1609 5845 et
1640 5798 1700 5846 ab
1733 5799 1834 5860 ipso
1871 5797 1983 5847 sunt
2022 5805 2076 5848 ut

1764 350 1822 408 S.
1857 347 2218 406 AUGUSTINI
2260 347 2559 409 EPISCOl’l

3661 363 3682 418 l
3693 360 3797 420 608

2213 469 2350 537 quod
2393 473 2630 541 sequitur
2653 515 2666 538 ,
2703 473 2782 528 Ne
2810 475 2898 530 des
2925 475 2992 530 ad
3032 477 3330 540 movendum
3377 478 3555 548 pedem
3601 496 3788 534 meum.

2213 556 2363 613 Unde
2391 570 2671 616 moventur
2719 564 2922 634 pedes?
2963 565 3111 622 Unde
3155 575 3330 638 motus
3353 578 3436 624 est
3463 583 3557 640 pes
3600 570 3674 624 illi
3700 571 3791 642 qui

2210 657 2324 702 erat
2362 649 2414 704 in
2457 653 2721 721 paradiso.
2773 655 2876 710 Sed
2907 659 3050 726 prius
3078 658 3292 714 attende
3321 659 3460 715 unde
3504 669 3680 717 motus
3708 670 3794 717 est

2210 740 2285 795 illi
2311 743 2398 810 qui
2427 754 2542 798 erat
2572 745 2710 802 inter
2729 747 2979 818 Angelos,
3003 757 3055 804 et
3080 759 3226 805 moto
3257 750 3389 820 pede
3414 751 3627 818 cecidit,
3650 762 3704 806 et
3724 751 3794 809 de

2208 835 2399 904 angelo
2443 836 2608 894 {actus
2637 847 2719 894 est
2743 840 2983 897 diabolus
3009 859 3022 895 :
3051 851 3199 899 moto
3224 844 3365 898 enim
3397 844 3532 914 pede
3575 844 3784 903 cecidit.

2209 925 2399 991 Quaere
2443 928 2582 984 unde
2625 930 2819 986 cecidit
2863 950 2876 986 :
2925 935 3173 1004 superbia
3215 935 3471 991 cecidit‘.
3503 936 3619 991 Non
3663 942 3794 1009 ergo

2208 1023 2386 1070 movet
2429 1017 2651 1087 pedem,
2697 1021 2799 1076 nisi
2839 1024 3123 1093 superbia:
3155 1024 3221 1079 ad
3258 1026 3470 1080 ruinam
3511 1043 3615 1081 non
3670 1045 3794 1082 mo-

2209 1114 2296 1159 vet
2323 1106 2544 1175 pedem,
2576 1108 2678 1163 nisi
2716 1113 2979 1181 superbia.
3029 1113 3110 1168 Ad
3151 1115 3530 1171 ambulandum
3571 1127 3618 1172 et
3662 1133 3793 1188 pros

2207 1192 2490 1251 ﬁciendum
2536 1207 2592 1253 et
2635 1196 3028 1257 ascendendum
3072 1204 3304 1259 Charitas
3351 1214 3562 1271 movet;
3589 1207 3657 1261 ad
3697 1223 3793 1263 ca-

2207 1281 2438 1340 dendnm
2465 1289 2712 1358 superbia
2738 1301 2912 1347 movet
2939 1295 2980 1346 ’.
3028 1289 3152 1348 Ideo
3190 1299 3244 1349 et
3284 1295 3376 1350 ille
3418 1295 3545 1364 quid
3573 1295 3702 1351 dicit
3733 1298 3787 1352 in

2207 1379 2411 1448 psalmo
2431 1381 2455 1434 ἲ
2473 1373 2595 1436 Filii
2619 1391 2787 1438 autem
2804 1385 3061 1439 hominum
3085 1387 3177 1441 sub
3206 1387 3420 1458 tegmine
3453 1387 3651 1442 alarum
3679 1399 3794 1443 tua-

2206 1487 2320 1525 rum
2359 1474 2648 1544 sperabunt.
2697 1475 2757 1531 Si
2803 1477 2902 1532 sub
2957 1468 3211 1548 tegmine,
3264 1493 3476 1550 semper
3533 1479 3789 1549 humiles,

2206 1575 2418 1632 semper
2441 1563 2508 1620 de
2537 1566 2648 1621 Deo
2676 1577 2983 1636 sperantes,
3012 1584 3225 1641 semper
3255 1563 3322 1626 de
3361 1580 3421 1626 se
3452 1587 3558 1626 non
3581 1587 3791 1642 praesu-

2205 1662 2431 1709 mentes.
2465 1654 2572 1710 Sub
2623 1657 2835 1728 tegmine
2873 1659 3070 1712 alarum
3110 1669 3311 1713 tuarum
3335 1660 3603 1732 sperabunt
3634 1679 3653 1717 :
3681 1680 3790 1719 non

2205 1744 2346 1799 enim
2371 1760 2400 1798 a
2442 1758 2500 1799 se
2523 1747 2782 1802 satiantur
2816 1757 2875 1803 ut
2899 1739 3037 1803 beati
3067 1749 3186 1806 sint.
3225 1739 3333 1805 Sed
3361 1751 3486 1820 quid
3509 1751 3792 1821 sequitur?

2203 1833 2594 1891 Inebriabuntur
2619 1838 2678 1892 ab
2707 1840 2928 1895 ubertate
2971 1841 3150 1894 damus
3178 1851 3296 1908 tute,
3323 1851 3370 1896 et
3414 1851 3632 1897 torrente
3656 1843 3791 1896 deli-

2204 1926 2396 1980 ciarum
2443 1938 2641 1982 tuarum
2687 1929 2881 2000 potabis
2919 1947 3002 1984 eos
3066 1930 3205 1986 Ecce
3232 1931 3503 1996 sitientes,
3531 1949 3658 1988 ecce
3703 1935 3790 1988 in-

2204 2016 2426 2082 ebriati;
2456 2033 2582 2073 ecce
2625 2019 2842 2085 sitiunt,
2873 2035 2996 2075 ecce
3037 2020 3226 2076 bibunt
3257 2039 3269 2075 :
3302 2021 3396 2077 sed
3423 2038 3530 2078 non
3555 2038 3582 2076 a
3614 2039 3674 2078 se
3705 2024 3791 2077 bi-

2203 2105 2354 2171 bunt,
2398 2123 2496 2162 nec
2525 2109 2623 2178 ipsi
2667 2109 2766 2164 sibi
2793 2119 2920 2164 sunt
2944 2108 3084 2164 fons.
3109 2109 3214 2165 Sed
3258 2111 3396 2166 unde
3426 2112 3647 2168 bibunt?
3678 2105 3790 2167 Sub

2205 2198 2418 2268 tegmine
2437 2194 2638 2252 alarum
2659 2207 2860 2252 tuarum
2883 2200 3171 2269 sperabunt.
3199 2199 3254 2255 Si
3283 2200 3382 2255 sub
3410 2201 3528 2265 alis,
3557 2201 3790 2257 humiles

2202 2297 2344 2344 sunt.
2393 2289 2608 2357 Quare?
2642 2289 2774 2356 Quia
2804 2291 2943 2361 apud
2983 2300 3051 2358 te,
3096 2291 3282 2361 inquit,
3326 2296 3442 2363 fons
3488 2293 3620 2346 vitaz.
3669 2293 3788 2348 Non

2202 2393 2329 2450 ergo
2352 2395 2381 2434 a
2405 2395 2461 2434 se
2488 2380 2773 2450 irrigantur
2799 2390 3026 2448 montes,
3055 2381 3189 2436 sicut
3217 2397 3246 2435 a
3277 2397 3335 2437 se
3358 2398 3463 2437 non
3483 2383 3790 2439 llluminan-

2203 2481 2288 2526 tur
2317 2481 2544 2527 montes.
2575 2472 2704 2527 Nam
2734 2472 2854 2528 vide
2879 2473 3002 2544 quid
3050 2474 3289 2544 sequitur
3315 2491 3328 2526 :
3363 2463 3430 2528 1η
3477 2475 3667 2528 lumine
3693 2486 3787 2530 tua

2201 2554 2473 2619 videbimus
2504 2563 2692 2620 lumen.
2727 2564 2785 2620 Si
2823 2581 2950 2634 ergo
2977 2565 3028 2619 in
3069 2566 3264 2620 lumine
3294 2566 3460 2635 ipsius
3485 2567 3789 2621 videbimus

2202 2648 2401 2723 lumen,
2432 2656 2550 2725 quis
2579 2657 2723 2711 cadit
2751 2672 2778 2709 a
2804 2657 3003 2710 lumine
3025 2697 3038 2720 ,
3071 2657 3170 2710 nisi
3209 2657 3294 2710 cui
3324 2657 3436 2726 ipse
3465 2674 3566 2710 non
3589 2667 3672 2712 est
3702 2660 3789 2712 lu-

2203 2747 2372 2801 men?
2417 2747 2484 2800 Et
2521 2748 2608 2817 qui
2641 2746 2870 2802 voluerit
2915 2746 3016 2800 sibi
3046 2761 3163 2801 esse
3212 2746 3411 2811 lumen,
3447 2747 3558 2818 ipse
3587 2746 3785 2804 cadita

2206 2837 2407 2892 lumine
2451 2853 2556 2908 quo
2586 2837 2929 2892 illuminatur.
2962 2837 3086 2892 Ideo
3114 2838 3289 2892 sciens
3328 2853 3430 2893 non
3459 2839 3649 2893 cadere
3678 2841 3817 2894 nisi‘

2199 2942 2322 2982 eum
2362 2919 2454 2998 qui
2523 2927 2623 2982 sibi
2664 2922 2778 2982 vult
2823 2927 3038 2993 lucere,
3087 2942 3207 2982 cum
3261 2927 3329 2982 sit
3371 2943 3464 2998 per
3517 2944 3576 2984 se
3628 2938 3785 2984 tene-

2199 3019 2342 3086 brte;
2374 3021 2550 3075 statim
2581 3019 2825 3091 subjecit,
2860 3019 2982 3074 Non
3021 3020 3185 3073 veniat
3229 3021 3357 3072 mihi
3382 3037 3468 3091 pes
3505 3023 3779 3091 superbire,

2197 3123 2244 3167 et
2279 3127 2458 3167 manus
2496 3122 2813 3184 peccatorum
2837 3129 2936 3167 non
2963 3121 3156 3166 moveat
3189 3128 3267 3166 me
3295 3129 3313 3166 :
3340 3112 3391 3167 id
3422 3119 3524 3180 est,
3555 3113 3784 3167 imitatio

2197 3213 2533 3274 peccatorum
2562 3219 2667 3258 non
2697 3213 2906 3258 moveat
2935 3218 3021 3258 me
3046 3245 3061 3269 ,
3096 3211 3155 3258 ut
3189 3202 3374 3258 cadam
3402 3218 3431 3256 a
3485 3213 3556 3257 te.
3601 3203 3784 3269 Quare

2198 3288 2440 3360 timuisti,
2469 3303 2520 3350 et
2549 3293 2749 3362 dixisti,
2776 3292 2899 3348 Non
2921 3294 3084 3349 veniat
3120 3291 3242 3347 mihi
3266 3311 3353 3363 pes
3373 3294 3660 3364 superbire?
3681 3294 3784 3348 Se-

2195 3386 2393 3454 quitur,
2424 3383 2451 3437 l
2460 3384 2505 3438 bi
2529 3384 2814 3438 ceciderunt
2837 3400 3008 3438 omnes
3029 3384 3115 3455 qui
3159 3393 3432 3453 aperantur
3459 3383 3782 3453 iniquitatem

2196 3473 2368 3545 (Psal.
2399 3490 2560 3541 xxxv,
2595 3473 2785 3545 8—13).
2815 3470 2961 3543 Quos
2988 3474 3146 3528 modo
3172 3469 3318 3528 vides
3339 3475 3546 3543 operari
3579 3473 3782 3542 iniqnié

2197 3573 2355 3619 tatem
2383 3605 2397 3629 ,
2436 3561 2545 3634 jam
2606 3563 2840 3618 damnati
2887 3573 3010 3619 sunt
3056 3581 3068 3617 :
3114 3563 3206 3618 sed
3258 3571 3314 3617 ut
3361 3562 3777 3626 damnarentur,

2194 3651 2264 3710 ibi
2291 3650 2618 3719 ceciderunt,
2665 3671 2786 3711 cum
2832 3649 2934 3711 illis
2979 3656 3120 3710 venit
3148 3670 3242 3727 pes
3295 3655 3576 3725 superbiae.
3608 3655 3780 3711 Recte

2193 3763 2321 3817 ergo
2347 3748 2444 3802 iste
2473 3747 2694 3802 audiens
2725 3755 2780 3800 ut
2815 3747 3067 3801 ascendat
3095 3755 3148 3801 et
3175 3762 3279 3800 non
3305 3745 3476 3811 cadat,
3505 3755 3562 3799 ut
3589 3761 3620 3799 a
3645 3760 3780 3800 con-

2192 3837 2328 3891 valle
2358 3835 2668 3906 ploratiouis
2709 3836 2973 3905 proficiat,
3025 3851 3127 3890 non
3172 3834 3221 3889 in
3271 3844 3476 3890 tumore
3500 3835 3778 3904 superbiae

2189 3929 2419 3996 deﬁciat,
2451 3931 2524 3984 ait
2549 3930 2658 3984 Deo
2692 3947 2704 3983 :
2739 3927 2824 3984 Ne
2847 3929 2934 3983 des
2958 3928 3026 3982 ad
3053 3927 3345 3982 movendum
3377 3928 3553 3998 pedem
3582 3945 3772 3981 meum.

2190 4020 2255 4076 Et
2283 4021 2419 4076 Deus
2445 4021 2514 4074 illi
2552 4038 2563 4072 :
2593 4003 2774 4086 .Neque
2809 4019 3039 4073 dormitet
3069 4019 3151 4088 qui
3175 4019 3388 4071 custodit
3429 4030 3492 4072 te.
3525 4015 3778 4072 Intcndat

2188 4110 2427 4165 Charitas
2459 4120 2648 4165 vestra.
2683 4110 2841 4176 Quasi
2865 4126 2965 4162 una
2994 4110 3253 4163 sententia
3289 4109 3420 4163 faeta
3449 4116 3615 4163 estex
3641 4106 3777 4162 dna—

2187 4201 2287 4256 bus
2317 4201 2551 4256 vocibus.
2602 4200 2770 4255 llomo
2813 4199 2947 4254 dixit
2975 4201 3268 4254 ascendens
3305 4209 3357 4254 et
3382 4209 3600 4253 cantans
3631 4198 3776 4254 Can-

2189 4297 2348 4350 ticum
2377 4294 2657 4365 graduum,
2691 4291 2772 4348 Ne
2792 4294 2876 4347 des
2902 4293 2967 4346 ad
2991 4292 3285 4346 movendum
3331 4291 3505 4362 pedum
3551 4308 3719 4344 meum
3753 4309 3773 4344 :

2187 4395 2241 4441 et
2271 4386 2408 4439 Deus
2439 4393 2687 4454 tanquam
2706 4383 2926 4448 diceret,
2952 4382 3034 4436 Ne
3059 4384 3144 4436 des
3170 4382 3238 4434 ad
3265 4381 3560 4435 movendum
3588 4383 3770 4452 pedem

2187 4494 2371 4544 meum,
2404 4476 2538 4531 dicis
2563 4476 2718 4539 mihi;
2767 4475 2920 4540 adde,
2958 4473 3132 4544 Neque
3160 4473 3390 4527 dormitet
3427 4474 3510 4542 qui
3546 4474 3770 4526 custodit

2189 4579 2254 4636 te,
2287 4579 2341 4624 et
2368 4585 2470 4622 non
2494 4567 2789 4621 movebitur
2821 4581 2912 4635 pes
2939 4573 3078 4619 tuus.

2194 4712 2216 4740 ιι
2238 4696 2363 4748 sint;
2387 4691 2610 4740 Dominus
2631 4697 2812 4750 autem,
2839 4704 2899 4740 eo
2917 4689 3048 4753 quod
3068 4691 3226 4739 omnia
3249 4702 3359 4752 quae
3381 4697 3511 4748 sunt,
3550 4690 3770 4751 possidet

2193 4773 2214 4800 «
2241 4753 2564 4805 inetl‘abiliter.
2613 4755 2759 4814 Igitur
2781 4755 2937 4803 bonus
2975 4759 3026 4801 et
3063 4765 3278 4800 summus
3312 4754 3551 4814 Dominus,
3585 4754 3668 4812 qui
3711 4762 3766 4802 et

2192 4834 2216 4862 ι
2239 4824 2379 4866 Deus.
2393 4817 2434 4864 si
2457 4814 2515 4877 ad
2533 4812 2660 4863 hunc
2683 4828 2770 4876 per
2790 4813 3157 4877 praenominatos
3179 4820 3368 4877 montes
3391 4812 3631 4862 levaveris
3652 4827 3768 4877 ocu-

2193 4896 2214 4923 ιι
2237 4877 2323 4939 los,
2349 4876 2576 4925 auxilium
2597 4875 2727 4926 tuum
2748 4875 3154 4939 sempiternaliter
3178 4876 3287 4924 erit.
3313 4881 3366 4922 Ut
3381 4887 3507 4939 ergo
3530 4875 3766 4925 auxilium

2193 4957 2216 4985 ι
2238 4935 2370 4988 tuum
2393 4939 2473 4996 sit,
2496 4949 2630 4995 roga,
2672 4946 2723 4986 et
2753 4937 2829 4986 dic
2845 4935 2971 5000 quod
3009 4938 3244 4998 sequitur,
3279 4945 3342 4984 NP.
3363 4935 3468 5000 des,
3489 4953 3516 5000 ρ
3547 4945 3642 5000 etc.

2249 5003 2264 5033 ι
2292 5001 2531 5048 editiones
2550 5000 2646 5048 illa:
2669 5006 2786 5061 \jen.
2807 4997 3043 5058 crearit-3.,
3075 4997 3097 5061 ᾇ
3118 4999 3346 5061 superbia
3366 4997 3616 5061 ceciditde
3636 4997 3764 5048 cmlo

2191 5079 2214 5108 ι
2239 5063 2284 5110 in
2309 5071 2507 5112 terram.
2548 5057 2759 5122 Angelus
2782 5068 2887 5110 erat
2917 5063 2964 5110 in
3000 5057 3140 5119 ctylo,
3163 5057 3344 5122 cadens
3377 5059 3424 5106 in
3459 5066 3642 5108 terram
3663 5061 3765 5108 dia—

2191 5141 2212 5169 ιι
2235 5122 2604 5193 boluslahseipsp
2623 5120 2714 5193 per
2736 5134 2875 5193 suam
2891 5120 3392 5193 superbiam‘ed'ectus
3409 5127 3502 5193 est.
3538 5122 3764 5193 Quisquis

2189 5202 2214 5232 ι
2235 5185 2471 5247 superbit,
2493 5183 2683 5247 diabolo
2716 5183 2995 5247 mrticipat';
3018 5184 3058 5231 si
3083 5183 3346 5247 participat,
3375 5183 3503 5247 idem
3527 5191 3636 5232 est:
3668 5183 3763 5245 igi-

2189 5264 2212 5292 ι
2237 5243 2312 5295 tur
2330 5248 2483 5294 omnis
2503 5243 2741 5307 superbus
2755 5243 2972 5294 diabOlus
2994 5243 3338 5307 perbicipit'em
3360 5244 3631 5306 portionem
3651 5243 3760 5304 eat;

2189 5325 2212 5353 ι
2237 5314 2288 5357 et
2309 5307 2401 5356 hoc
2421 5306 2642 5368 quamdiu
2665 5307 2906 5368 superbus
2929 5306 3020 5356 est.
3047 5313 3139 5368 son
3163 5318 3284 5366 ergo
3305 5311 3486 5368 movet,
3511 5318 3535 5348 ι
3551 5313 3660 5368 etc.

2160 5379 2176 5392 ·
2244 5371 2264 5400 ³
2289 5375 2384 5418 Hoc
2405 5366 2522 5416 item
2545 5367 2666 5425 loco,
2687 5366 2736 5416 in
2755 5366 2850 5415 illis
2867 5366 3157 5417 editionibus
3179 5374 3296 5416 ven.
3319 5375 3371 5416 et
3388 5367 3530 5414 Paris.
3547 5366 3762 5416 habetur

2181 5429 2308 5480 istud
2335 5427 2624 5492 glossema;
2661 5447 2682 5474 ι
2701 5437 2747 5492 0,
2759 5427 2905 5492 lepidi
2928 5443 2997 5492 ac,
3021 5427 3329 5492 litnpidissimi
3379 5427 3531 5490 pedes
3553 5430 3762 5492 charita-

2188 5508 2211 5536 ι
2233 5493 2312 5548 tis,
2336 5487 2421 5552 qui
2455 5487 2664 5552 humiles
2693 5491 2752 5539 ad
2783 5487 3118 5540 celsitudinem
3143 5487 3427 5552 provehunt.
3464 5495 3557 5538 Hos
3579 5489 3757 5552 pedes,

2187 5569 2210 5598 ι
2231 5550 2513 5622 tenacissimi,
2537 5563 2732 5622 semper
2755 5551 2981 5622 imitando
3005 5559 3056 5601 et
3077 5550 3279 5600 amando
3308 5550 3593 5622 sequamur,
3611 5560 3662 5598 ut
3698 5553 3761 5602 ad

2187 5631 2210 5668 qi
2233 5611 2365 5660 illum
2382 5611 2668 5674 cujusrsunt',
2694 5614 2953 5674 pet-venite
2977 5625 3250 5661 mereamur
3272 5627 3284 5661 :
3323 5611 3434 5674 quia
3458 5618 3512 5661 ut
3546 5618 3764 5663 Joannes

2187 5692 2209 5720 ι
2231 5676 2314 5730 ait,
2341 5681 2468 5721 Deus
2498 5673 2705 5736 charitas
2717 5682 2808 5736 est.
2841 5675 3118 5736 Superbiam
3142 5673 3621 5736 omniuo’l'ugiamus,
3647 5687 3764 5736 qua:

2187 5752 2211 5782 ε
2231 5741 2394 5797 movet
2417 5735 2571 5797 pedes
2594 5735 2653 5782 ad
2673 5734 2955 5797 (uidendum,
2981 5748 3045 5784 ne
3070 5743 3121 5785 et
3144 5748 3230 5785 nos
3251 5734 3392 5784 simul
3427 5734 3767 5797 Superbieudo

2189 5814 2210 5843 α
2233 5795 2476 5867 οᾶόιιιιιιιςἶ
2506 5795 2615 5845 ιαδο
2638 5803 2688 5846 et
2709 5795 2808 5859 ille,
2836 5815 2856 5841 ν
2889 5805 2985 5846 etc.
3489 5795 3499 5797 “
3775 5813 3794 5826 ‘
