4074 6474
336 309 357 364 l
370 305 472 366 609

1420 262 1811 362 manuario
1840 307 1903 361 lN
1941 306 2257 367 Pssuma
2295 281 2459 370 cxx.

3450 317 3583 388 toto

399 421 455 474 6.
498 415 671 491 [‘vcrs.
700 417 753 472 ι.
782 415 802 489 ]
843 415 1043 470 Dixerit
1070 423 1243 469 autem
1276 415 1363 470 ille
1391 434 1406 471 :
1440 415 1697 487 Numquid
1727 416 1776 470 in
1817 430 1912 488 po-
2013 416 2271 476 Christus.
2303 422 2433 476 Nam
2463 424 2514 478 in
2547 424 2804 496 principio
2837 427 2998 485 facies
3040 431 3155 501 ejus
3195 449 3312 507 qua:
3352 440 3470 493 est?
3518 440 3584 496 In

331 518 523 564 testate
566 523 682 562 mea
730 517 812 563 est
860 515 916 561 ut
959 520 1060 560 non
1095 504 1348 560 dormitet
1384 507 1473 576 qui
1514 506 1742 561 custodit
1785 507 1908 560 me?

331 600 463 654 Volo
494 607 550 653 ut
591 613 698 653 non
739 598 962 652 dormiat
988 638 1003 662 ,
1054 613 1226 666 neque
1266 597 1532 652 dormitet.
1575 598 1714 666 Ergo
1759 597 1905 652 illum

325 692 419 746 tibi
447 692 585 762 elige
612 733 626 754 ,
672 691 762 760 qui
808 706 912 745 non
957 691 1204 757 dortniet,
1250 706 1420 760 neque
1462 691 1768 744 dormitabit
1794 731 1811 758 ,
1852 700 1905 746 et

325 799 430 836 non
463 781 762 836 movebitur
818 797 911 850 pes
953 791 1091 836 tuus.
1141 782 1279 836 Deus
1321 796 1585 851 nunquam
1643 790 1726 837 est
1776 783 1901 836 dor-

327 874 498 927 ‘miens
533 891 546 928 :
593 873 640 927 si
679 873 758 927 vis
796 872 993 926 habere
1037 872 1312 926 custodem
1355 887 1460 926 non
1508 871 1858 926 dormientem
1882 914 1897 939 ,
1937 888 1939 890 ·

324 964 491 1018 Deum
535 965 668 1035 elige
705 966 1002 1019 custodem.
1062 963 1144 1017 Ne
1169 965 1256 1017 des
1280 965 1346 1017 ad
1392 963 1683 1017 movendum
1727 965 1903 1034 pedem

322 1071 488 1108 meum
511 1096 525 1119 ,
555 1054 686 1108 dicis
715 1064 769 1108 tu
797 1071 811 1120 ;
845 1056 980 1109 bene
1003 1095 1016 1118 ,
1047 1055 1245 1124 optime
1271 1073 1284 1108 :
1309 1053 1400 1109 sed
1422 1063 1474 1109 et
1499 1055 1588 1110 ille
1613 1055 1739 1109 dicit
1770 1055 1894 1120 tibi,

329 1145 503 1214 Neque
528 1144 761 1198 dormitet
788 1145 872 1212 qui
898 1145 1111 1199 custodit
1141 1155 1204 1199 te.
1245 1144 1326 1200 'l'u
1365 1145 1498 1199 forte
1545 1159 1899 1199 conversurus

321 1244 372 1289 te
418 1250 540 1289 eras
584 1234 650 1288 ad
691 1234 932 1290 homines
972 1235 1257 1302 custodes,
1307 1244 1362 1290 et
1400 1235 1678 1289 dicturus:
1729 1236 1896 1301 Quem

316 1341 437 1380 sam
487 1328 796 1381 inventurus
839 1343 944 1380 non
984 1327 1378 1382 dormientem?
1431 1327 1547 1396 quis
1598 1329 1755 1380 homo
1790 1341 1894 1382 non

317 1417 662 1471 dormitabit?
689 1432 847 1488 quem
880 1419 1090 1472 invenio
1107 1419 1132 1471 ?
1156 1432 1262 1488 quo
1288 1417 1418 1471 ibo?
1445 1432 1549 1487 quo
1578 1427 1816 1472 revertar
1840 1416 1894 1471 ίῖ

317 1507 424 1562 lste
453 1509 545 1562 tibi
575 1508 809 1563 ostendit
838 1527 852 1563 :
885 1508 1017 1562 Ecce
1053 1525 1154 1562 non
1183 1507 1468 1562 dormitabit
1487 1548 1501 1572 ,
1535 1493 1689 1578 neque
1712 1507 1895 1562 obdor-

315 1600 466 1663 miet,
495 1599 580 1668 qui
604 1599 817 1653 custodit
846 1596 1030 1653 Israel.
1073 1599 1163 1653 Vis
1207 1597 1403 1654 habere
1449 1613 1575 1668 ergo
1615 1599 1890 1654 custodem

313 1703 421 1744 non
450 1689 800 1744 dormientem
831 1706 1001 1760 neque
1025 1690 1440 1745 dormitantem?
1472 1688 1604 1744 Ecce
1635 1706 1735 1744 non
1773 1691 1892 1744 dor-

314 1781 462 1846 mist,
492 1797 648 1849 neque
675 1781 962 1834 dormitabit
985 1822 998 1844 ,
1041 1781 1129 1850 qui
1166 1780 1384 1834 custodit
1416 1779 1621 1834 Israel:
1649 1779 1891 1838 Christus

311 1870 458 1925 enim
500 1871 731 1927 custodit
778 1871 956 1926 Israel.
1009 1871 1136 1926 Esto
1178 1886 1305 1942 ergo
1354 1871 1538 1940 Israel.
1584 1871 1720 1938 Quid
1765 1881 1886 1940 est,

311 1959 517 2015 lsracl?
553 1961 710 2015 Israel
759 1961 1136 2031 interpretatur
1172 1961 1370 2016 Videns
1404 1961 1588 2015 Deum.
1639 1961 1706 2016 Et
1752 1977 1885 2032 quo-

311 2053 472 2108 modo
507 2053 714 2109 videtur
754 2053 938 2109 Deus?
977 2053 1158 2109 Primo
1205 2070 1300 2124 per
1341 2053 1527 2121 ﬁdem,
1568 2064 1748 2125 postea
1796 2071 1889 2124 per

310 2146 569 2213 speciem.
596 2145 650 2201 Si
695 2161 790 2214 per
829 2147 1056 2214 speciem
1097 2146 1329 2201 nondum
1365 2155 1516 2216 potes
1539 2188 1554 2212 ,
1593 2161 1686 2216 per
1729 2146 1884 2201 ﬁdem

306 2235 450 2291 vide.
477 2235 533 2292 Si
561 2235 747 2291 faciem
783 2236 898 2306 ejus
935 2236 1114 2291 videre
1151 2253 1256 2292 non
1300 2246 1450 2306 potes
1473 2277 1486 2301 ,
1525 2238 1772 2307 quoniam
1813 2237 1882 2292 ibi

307 2328 514 2394 species
538 2343 552 2393 ;
581 2328 870 2397 posteriora
896 2328 1010 2398 ejus
1035 2329 1174 2383 vide.
1204 2329 1315 2384 Hoc
1339 2329 1532 2384 dictum
1553 2339 1634 2384 est
1662 2330 1824 2402 Moysi
1853 2347 1884 2386 a

308 2418 577 2473 Domino:
612 2418 730 2474 Non
759 2430 897 2491 potes
935 2421 1101 2475 uidere
1145 2423 1324 2490 faciem
1365 2439 1563 2489 meam,
1609 2425 1884 2494 posteriora

309 2523 422 2562 mea
449 2508 638 2564 videbis
659 2551 672 2573 ,
705 2525 816 2563 cum
838 2511 1081 2565 transiero
1107 2511 1126 2582 (
1155 2509 1321 2566 Exod.
1358 2528 1520 2566 χχχιιι
1539 2551 1556 2580 ,
1594 2511 1664 2568 20
1688 2554 1702 2578 ,
1747 2515 1818 2570 23
1838 2513 1879 2587 ).

310 2596 603 2668 ExSpectas
646 2598 779 2655 forte
815 2609 873 2654 ut
920 2609 1192 2656 transeat:
1237 2602 1344 2671 jam
1385 2603 1628 2668 transiit;
1674 2614 1724 2658 tu
1763 2606 1883 2660 vide

234 2709 237 2711 ·
307 2693 603 2762 pesteriora
636 2693 818 2762 ipsius.
847 2691 947 2750 Ubi
978 2692 1229 2748 transiit?
1253 2694 1389 2748 Audi
1418 2693 1674 2749 Joannem
1699 2712 1712 2757 ;
1755 2695 1882 2750 Cum

304 2785 544 2844 uenisset.
578 2785 779 2855 inquit,
809 2785 934 2840 hora
956 2825 971 2851 ,
1000 2793 1056 2838 ut
1080 2786 1312 2840 transiret
1350 2786 1414 2841 de
1453 2788 1640 2842 mundo
1681 2788 1750 2842 ad
1776 2787 1881 2842 Pa-

303 2883 430 2928 trem
459 2874 480 2946 (
501 2874 656 2930 Joan.
685 2892 777 2931 xm
803 2919 816 2942 ,
847 2877 871 2930 1
901 2877 940 2947 ).
970 2877 1223 2932 Dominus
1253 2886 1434 2933 noster
1457 2877 1612 2934 Jesus
1638 2878 1880 2936 Christus

299 2963 407 3035 jam
435 2965 559 3020 fecit
585 2965 806 3020 Pascha.
838 2966 1040 3022 Pascha
1060 2977 1235 3022 autem
1262 2967 1536 3023 Transitus
1564 2968 1879 3037 interpreta-

303 3064 410 3109 tur.
441 3053 572 3110 Nam
603 3056 818 3110 verbum
850 3065 931 3111 est
970 3057 1236 3112 hebrzcum
1268 3074 1283 3111 :
1325 3066 1380 3112 et
1414 3065 1599 3127 putant
1636 3058 1879 3114 homines

299 3159 534 3215 graecum
563 3161 681 3202 esse
704 3190 718 3214 ,
748 3151 895 3218 quasi
927 3149 1232 3204 Passionem
1257 3192 1271 3215 ,
1302 3149 1395 3205 sed
1423 3165 1528 3204 non
1555 3161 1656 3207 est.
1685 3153 1727 3206 A
1756 3153 1878 3209 dili-

299 3236 627 3306 gentioribus
671 3245 726 3292 et
754 3254 783 3292 a
810 3238 1132 3294 doctioribus
1157 3239 1429 3295 inventum
1467 3249 1551 3297 est
1605 3243 1724 3312 quia
1776 3245 1876 3299 Pa-

299 3328 428 3383 scha
475 3329 741 3383 lzebrazum
785 3331 1002 3385 verbum
1047 3340 1160 3398 est;
1209 3342 1264 3388 et
1311 3348 1414 3387 non
1464 3335 1878 3405 interpretantur

299 3420 624 3488 passionem,
648 3421 740 3476 sed
765 3423 1059 3477 transitum.
1089 3425 1190 3479 Per
1213 3427 1509 3493 passionem
1536 3429 1676 3482 enim
1706 3438 1879 3485 trans-

299 3509 359 3565 iit
404 3511 656 3568 Dominus
684 3528 713 3566 a
757 3525 924 3569 morte
953 3515 1016 3568 ad
1061 3515 1261 3581 vitam;
1305 3525 1356 3572 et
1395 3517 1519 3573 fecit
1556 3520 1710 3575 nobis
1737 3521 1874 3576 viam

297 3601 639 3658 credentibus
669 3604 720 3658 in
760 3607 1199 3660 resurrectionem
1245 3608 1396 3676 ejus,
1447 3618 1504 3663 ut
1548 3619 1875 3667 transeamus

297 3702 354 3747 et
384 3710 482 3746 nos
512 3694 579 3747 de
605 3704 774 3750 morte
803 3695 868 3748 ad
899 3697 1078 3750 vitam.
1107 3696 1219 3750 Non
1252 3713 1498 3766 magnum
1541 3710 1619 3754 est
1656 3701 1875 3758 credere

298 3781 421 3852 quia
450 3793 689 3838 mortuus
709 3782 1045 3838 estChristns
1077 3803 1091 3839 :
1120 3784 1221 3839 hoc
1248 3793 1301 3839 et
1326 3786 1518 3856 Pagani
1543 3829 1557 3852 ,
1585 3796 1638 3843 et
1664 3788 1829 3843 Judmi
1855 3831 1870 3857 ,

295 3881 352 3927 et
378 3889 565 3928 omnes
595 3874 760 3945 iniqui
788 3876 1027 3930 credunt.
1070 3877 1180 3932 Hoc
1221 3893 1407 3933 omnes
1444 3880 1706 3946 credunt,
1752 3883 1875 3952 quia

297 3974 544 4019 mortuus
572 3975 651 4018 est
677 3984 688 4019 :
724 3966 854 4021 ﬁdes
879 3965 1301 4023 Christianorum
1326 4011 1340 4033 ,
1375 3972 1694 4027 resurreCtio
1717 3972 1874 4028 Chri-

295 4060 362 4110 sti
391 4065 475 4111 est
498 4075 512 4117 ;
542 4057 641 4112 hoc
667 4074 760 4128 pro
785 4075 974 4130 magno
998 4059 1253 4114 habemus
1276 4103 1291 4128 ,
1321 4061 1440 4131 quia
1460 4063 1727 4118 credimus
1752 4079 1873 4119 eum

295 4150 674 4204 resurrexisse.
703 4151 840 4222 Ergo
867 4161 992 4207 tunc
1020 4169 1078 4207 se
1103 4154 1268 4208 voluit
1291 4154 1458 4209 videri
1485 4198 1498 4219 ,
1532 4171 1654 4210 cum
1687 4160 1877 4212 transi-

295 4246 415 4304 ret,
445 4238 547 4294 lue
571 4249 652 4294 est
676 4283 688 4304 ,
717 4255 836 4295 cum
876 4244 1272 4299 resurrexisset.
1319 4243 1469 4299 Tunc
1511 4246 1564 4299 in
1606 4262 1665 4301 se
1707 4248 1876 4304 voluit

293 4329 440 4384 credi
467 4371 482 4394 ,
511 4345 630 4386 cum
659 4333 943 4398 transiret;
975 4335 1095 4404 quia
1127 4335 1349 4390 traditus
1373 4343 1452 4390 est
1489 4346 1706 4408 propter
1743 4339 1878 4396 deli-

298 4429 385 4474 cta
416 4432 594 4476 nostra
618 4464 632 4486 ,
659 4431 713 4477 et
741 4425 1031 4479 resurrexit
1056 4435 1272 4496 propter
1306 4425 1738 4496 jnstiﬁcationem
1776 4447 1873 4485 no-

294 4522 460 4566 stram
495 4513 514 4584 (
538 4513 684 4568 Rom.
713 4530 789 4582 IV,
814 4515 884 4572 25
905 4515 945 4584 ).
969 4516 1034 4571 Et
1061 4518 1226 4586 ipsam
1257 4517 1413 4572 ﬁdem
1446 4519 1499 4573 in
1530 4523 1876 4577 resurrectio-

293 4619 418 4658 nem
469 4603 663 4660 Christi
712 4609 939 4662 maxime
982 4609 1374 4664 commendavit
1419 4611 1747 4681 Apostolus:
1803 4615 1877 4669 ait

291 4695 436 4749 enim
462 4737 477 4760 ,
511 4695 574 4751 Si
596 4698 866 4754 credideris
893 4700 946 4752 in
961 4700 1112 4754 corde
1133 4710 1218 4754 tuo
1236 4701 1354 4772 quia
1371 4699 1512 4756 Deus
1531 4718 1646 4756 eum
1664 4707 1876 4760 suscita-

292 4788 360 4841 rit
399 4805 432 4842 a
473 4790 721 4866 mortuis,
763 4791 933 4845 salvus
970 4792 1067 4845 eris
1113 4789 1240 4862 (Id.
1273 4808 1306 4847 x
1331 4835 1346 4858 ,
1387 4792 1483 4864 9).
1529 4793 1644 4848 Non
1691 4795 1864 4864 dixit,

292 4881 347 4936 Si
377 4882 670 4938 credideris
701 4885 820 4952 quia
847 4894 1087 4939 mortuus
1112 4894 1194 4940 est
1219 4884 1460 4939 Christus
1483 4927 1498 4950 ,
1529 4886 1670 4956 quod
1696 4896 1750 4942 et
1772 4888 1872 4942 Pa.

291 4971 412 5040 gani
437 5013 452 5035 ,
481 4982 534 5026 ct
561 4972 726 5028 Jndzei
749 5015 764 5040 ,
793 4983 846 5028 et
874 4989 1060 5028 omnes
1089 4975 1286 5028 inimici
1329 4974 1444 5044 ejus
1487 4976 1824 5033 crediderunt
1853 4997 1866 5033 :

291 5062 384 5116 sed
411 5061 487 5116 ait
515 5104 530 5126 ,
561 5061 622 5117 Si
646 5064 918 5118 credideris
939 5065 992 5118 in
1021 5065 1170 5119 corde
1190 5073 1274 5117 tuo
1295 5065 1416 5133 quia
1443 5062 1582 5117 Deus
1616 5065 1763 5118 illum
1780 5083 1870 5120 su-

293 5153 542 5206 scitavita
568 5155 810 5219 mortuis,
836 5155 1002 5208 salvus
1024 5156 1143 5213 eris.
1185 5153 1299 5208 Hoc
1345 5152 1599 5218 credere,
1649 5154 1750 5209 hoc
1789 5164 1872 5210 est

291 5260 412 5300 esse
443 5245 648 5314 Israel,
695 5245 797 5301 hoc
833 5255 914 5302 est
951 5247 1130 5302 videre
1171 5247 1334 5301 Deum
1364 5263 1380 5300 2
1415 5245 1655 5316 quamvis
1696 5240 1871 5303 adhuc

289 5341 586 5406 posteriora
613 5339 727 5409 ejus
746 5382 762 5406 ,
793 5348 968 5395 tamen
994 5355 1114 5395 cum
1140 5338 1429 5394 credideris
1456 5339 1509 5394 in
1535 5339 1826 5409 posteriora
1850 5381 1867 5408 ,

291 5431 572 5497 pervenies
620 5429 688 5484 ad
734 5431 992 5486 visionem
1037 5429 1210 5484 faciei.
1257 5429 1394 5496 Quid
1439 5438 1522 5485 est
1565 5428 1708 5484 hoc?
1738 5430 1868 5486 Cum

288 5521 579 5576 credideris
608 5521 660 5575 in
690 5520 740 5576 id
763 5521 902 5590 quod
931 5521 1192 5590 posterius
1217 5535 1310 5590 pro
1336 5529 1388 5576 te
1419 5519 1584 5576 factus
1609 5529 1691 5578 est
1713 5522 1870 5576 Chri—

291 5620 441 5678 stus;
473 5627 594 5666 cum
624 5611 914 5667 credideris
955 5612 1007 5665 in
1055 5610 1108 5666 id
1142 5610 1284 5680 quod
1330 5611 1593 5679 posterius
1637 5613 1870 5684 suscepit

346 5739 359 5754 ι
403 5724 532 5777 Alter
557 5739 586 5776 e
606 5726 745 5775 corb.
771 5735 896 5787 Mss,
921 5737 1015 5790 quo
1036 5737 1111 5774 me
1132 5728 1332 5774 uertant.

731 5811 957 5873 Sacr.
1003 5811 1282 5873 Aususx'.
1328 5809 1435 5873 IV.

2011 510 2258 581 principio
2285 523 2389 566 erat
2423 513 2637 570 Verbum
2660 559 2673 579 ,
2704 527 2751 571 et
2784 516 2998 573 Verbum
3023 532 3128 576 erat
3153 531 3300 594 apud
3317 523 3509 593 Deum,
3535 538 3583 584 et

2009 599 2148 657 Deus
2172 615 2278 658 erat
2321 605 2552 661 Verbum.
2585 608 2882 665 Posteriora
2906 612 3023 682 ejus
3047 629 3164 684 quas
3184 621 3342 672 sunt?
3369 619 3430 673 Et
3463 621 3574 675 Ver.

2006 692 2122 748 bum
2141 711 2258 750 caro
2293 702 2481 767 factum
2505 710 2611 768 est,
2653 711 2701 755 et
2745 703 2983 758 habitavit
3019 707 3074 760 in
3120 709 3262 763 nobis
3294 710 3312 782 (
3331 711 3487 765 Joan.
3519 730 3578 779 ι,

2009 783 2035 836 1
2068 825 2082 850 ,
2116 785 2183 839 14
2206 785 2246 857 ).
2279 788 2409 842 Cum
2437 804 2564 860 ergo
2588 791 2761 846 credis
2792 793 2842 847 in
2873 793 2973 849 hoc
3003 797 3144 866 quod
3175 813 3271 867 pro
3302 809 3352 856 te
3382 801 3579 858 factum

2005 883 2088 929 est
2118 876 2382 947 Verbum,
2415 890 2468 936 et
2494 885 2782 940 resurrexit
2822 885 2876 940 in
2923 901 3083 944 carne
3107 930 3123 957 ,
3162 907 3229 946 ne
3275 901 3330 947 tu
3376 895 3444 950 de
3489 904 3578 952 tua

2003 980 2164 1023 carne
2191 969 2503 1039 deSperares
2523 1015 2538 1040 ,
2563 974 2788 1030 afﬁceris
2810 977 2991 1033 Israel.
3011 979 3202 1037 Factus
3217 995 3392 1038 autem
3416 986 3576 1041 Israel

2002 1070 2120 1110 cum
2168 1057 2327 1114 fueris
2354 1102 2367 1126 ,
2420 1078 2523 1116 non
2569 1064 2912 1135 dormitabit,
2962 1085 3134 1140 neque
3177 1073 3441 1144 dormiet,
3486 1080 3578 1147 qui

2001 1149 2233 1203 custodit
2265 1158 2352 1216 te;
2383 1153 2503 1221 quia
2527 1153 2637 1223 jam
2669 1155 2828 1212 Israel
2857 1173 2916 1214 es
2939 1199 2953 1223 ,
2993 1169 3047 1214 et
3087 1163 3276 1218 audisti
3324 1166 3376 1220 in
3423 1167 3569 1222 Psal-

1999 1250 2087 1289 mo
2109 1279 2122 1301 ,
2161 1237 2290 1291 Ecce
2308 1256 2406 1293 non
2436 1241 2724 1299 dormitabit
2747 1289 2761 1313 ,
2785 1264 2942 1317 neque
2961 1249 3240 1306 obdormiet
3264 1295 3279 1318 ,
3310 1257 3398 1325 qui
3417 1268 3574 1311 custoo

1997 1327 2070 1381 dit
2091 1327 2277 1383 Israel.
2304 1328 2544 1386 Christus
2569 1336 2710 1389 enim
2737 1336 2850 1406 ipse
2872 1338 3122 1396 dormivit
3146 1383 3162 1404 ,
3203 1343 3297 1398 sed
3328 1360 3572 1404 resurre-

1995 1421 2088 1474 xit.
2121 1420 2254 1488 Quid
2279 1425 2418 1477 enim
2447 1425 2522 1479 ait
2547 1425 2660 1496 ipse
2703 1428 2754 1482 in
2796 1431 3043 1499 psalmo?
3083 1433 3195 1504 Ego
3235 1435 3485 1505 dormivi,
3524 1448 3572 1493 et

1992 1528 2224 1567 somnum
2244 1517 2372 1585 cepi.
2400 1517 2664 1587 Numquid
2705 1523 2961 1577 remansit
3008 1524 3058 1578 in
3101 1541 3288 1582 somno
3315 1529 3337 1582 ?
3366 1527 3568 1584 Exsur-

1991 1604 2099 1658 rexi
2121 1646 2136 1670 ,
2168 1605 2333 1676 inquit
2357 1648 2372 1674 ,
2413 1610 2648 1679 quoniam
2689 1611 2940 1667 Dominus
2981 1618 3220 1688 suscipiet
3266 1636 3346 1674 me
3374 1620 3393 1689 (
3417 1619 3566 1676 Psal.

1992 1709 2052 1748 ιιι
2079 1735 2091 1758 ,
2123 1695 2217 1765 6).
2251 1697 2306 1751 Si
2337 1713 2462 1769 ergo
2487 1699 2598 1770 jam
2627 1704 2958 1770 resurrexit,
2981 1705 3093 1774 jam
3120 1710 3364 1776 transiit;
3394 1712 3567 1781 sijam

1991 1789 2236 1855 transiit,
2271 1789 2393 1846 vide
2421 1795 2716 1862 posteriora
2744 1795 2878 1865 ejus.
2909 1797 3045 1866 Quid
3071 1808 3154 1854 est
3177 1842 3192 1866 ,
3224 1801 3356 1858 Vide
3386 1813 3567 1872 poste-

1989 1878 2126 1932 riora
2155 1880 2311 1949 ejus?
2341 1880 2512 1938 Crede
2538 1885 2591 1938 in
2618 1889 3064 1944 resurrectionem
3091 1891 3225 1959 ejus.
3254 1893 3318 1947 Et
3343 1895 3466 1964 quia
3492 1897 3569 1950 ait

1987 1967 2273 2036 Apostolus
2297 2012 2310 2037 ,
2346 1971 2412 2025 Et
2439 1974 2484 2026 si
2502 1976 2774 2044 cruciﬁxus
2801 1987 2872 2031 est
2894 1994 2957 2032 ea:
2983 1981 3277 2059 inﬁrmitate
3300 2025 3313 2048 ,
3341 1985 3429 2038 sed
3449 1987 3566 2039 vivit

1987 2060 2038 2113 in
2069 2061 2246 2116 uirtute
2274 2061 2368 2117 Dei
2397 2065 2478 2135 (ll
2507 2065 2622 2120 Cor.
2655 2084 2746 2123 xm
2771 2109 2784 2133 ,
2813 2071 2847 2123 4
2870 2071 2909 2139 );
2954 2080 3008 2126 et
3050 2072 3239 2128 iterum
3277 2075 3389 2142 ait,
3416 2075 3565 2132 Chri-

1986 2159 2092 2206 stus
2119 2168 2327 2223 surgens
2354 2171 2386 2208 a
2414 2157 2621 2211 mortuis
2634 2159 2747 2227 jam
2772 2175 2871 2214 non
2897 2163 3106 2216 moritur
3127 2203 3143 2229 ,
3173 2173 3220 2217 et
3247 2181 3380 2221 mors
3406 2168 3452 2221 ei
3479 2169 3563 2222 ul-

1987 2249 2065 2293 tra
2094 2258 2193 2296 non
2220 2245 2558 2300 dominabitur
2581 2247 2771 2318 (Rom.
2798 2265 2885 2317 vt,
2907 2250 2978 2320 9)
3005 2271 3016 2306 :
3050 2263 3196 2309 recte
3227 2256 3316 2310 tibi
3346 2267 3560 2322 cantat,

1993 2331 2123 2386 Ecce
2166 2351 2265 2389 non
2298 2336 2590 2392 dormitabit
2614 2380 2628 2404 ,
2665 2357 2822 2412 neque
2868 2342 3178 2412 obdormiat,
3218 2349 3304 2418 qui
3345 2353 3562 2405 custodit

1985 2422 2167 2480 Israel.
2197 2428 2382 2484 Adhuc
2406 2430 2543 2486 forte
2572 2434 2764 2502 quzeris
2803 2436 3002 2490 carnali
3047 2451 3204 2494 sensu
3230 2482 3243 2506 ,
3275 2441 3404 2510 Quis
3432 2452 3514 2498 est
3541 2487 3554 2507 ,

1983 2515 2070 2585 qni
2101 2533 2199 2570 non
2225 2518 2511 2575 dormitabit
2534 2565 2548 2586 ,
2579 2539 2736 2592 neque
2764 2525 3082 2582 obdormiet.’
3121 2529 3186 2584 Et
3213 2545 3332 2585 cum
3363 2535 3558 2602 quaeris

1984 2607 2120 2661 inter
2170 2608 2448 2678 homines,
2502 2612 2734 2681 falleris;
2788 2633 3057 2687 nunquam
3113 2620 3422 2678 inventurus
3473 2640 3554 2679 es.

1980 2696 2098 2751 Noli
2137 2714 2264 2770 ergo
2311 2716 2635 2772 praesumere
2670 2705 2738 2761 de
2775 2721 3040 2776 quoquam
3083 2708 3336 2766 homine:
3383 2716 3558 2768 omnis

1982 2787 2145 2843 homo
2171 2791 2407 2861 dormit,
2439 2803 2492 2849 et
2515 2794 2841 2852 dormitabit.
2866 2798 3089 2865 Quando
3111 2800 3402 2858 dormitat?
3424 2803 3554 2859 Cum

1981 2888 2156 2949 portat
2195 2896 2410 2938 carnem
2465 2884 2803 2942 inﬁrmitatis.
2848 2888 3072 2956 Quando
3111 2891 3376 2948 dormiet?
3421 2894 3555 2949 Cum

1980 2967 2140 3024 fuerit
2182 2981 2442 3026 mortuus.
2495 2974 2611 3029 Noli
2667 2991 2794 3046 ergo
2839 2993 3162 3048 praesumere
3206 2982 3274 3038 de
3319 2983 3553 3039 homine.

1980 3058 2164 3115 Potest
2208 3061 2496 3120 dormitare
2549 3067 2832 3123 mortalis:
2887 3070 3084 3126 dormit
3127 3073 3381 3130 moriens.
3437 3075 3556 3131 Noli

1979 3165 2220 3219 quaerere
2250 3152 2389 3208 inter
2415 3155 2678 3212 homines.

2053 3243 2105 3295 7.
2149 3242 2314 3314 [uers.
2345 3246 2398 3301 5.
2425 3245 2446 3320 ]
2485 3247 2554 3302 Et
2575 3249 2694 3318 quis
2717 3291 2732 3316 ,
2763 3249 2938 3320 inquis
2961 3293 2974 3318 ,
3005 3254 3267 3310 custodiet
3296 3272 3382 3311 me
3409 3298 3424 3322 ,
3465 3259 3553 3328 qui

1977 3346 2082 3384 non
2111 3333 2406 3402 dormitat,
2444 3353 2616 3407 neque
2640 3339 2907 3395 dormiet?
2936 3343 3070 3397 Audi
3104 3345 3230 3414 quid
3270 3347 3510 3416 sequitur
3537 3366 3552 3402 :

1975 3420 2226 3478 Dominus
2253 3427 2493 3481 custodiet
2522 3429 2536 3460 ¹
2566 3438 2630 3482 te.
2674 3429 2788 3484 Non
2824 3445 2952 3502 ergo
2987 3433 3147 3489 homo
3175 3433 3470 3492 dormitans
3501 3449 3556 3493 et

1976 3513 2285 3579 dormiens,
2334 3517 2427 3571 sed
2474 3517 2732 3575 Dominus
2778 3522 3010 3577 custodit
3058 3532 3128 3579 te.
3177 3525 3456 3592 Quomodo
3506 3537 3556 3583 te

1975 3606 2248 3660 Custodit?
2286 3606 2538 3664 Dominus
2588 3622 2928 3682 teguntentum
2977 3625 3117 3670 tuum
3157 3635 3313 3688 super
3346 3636 3553 3674 manum

1976 3695 2192 3751 dextera
2242 3707 2361 3753 tute.
2411 3699 2541 3767 Eia,
2585 3701 2777 3758 fratres
2805 3745 2818 3768 ,
2867 3706 3222 3776 intelligamus
3271 3710 3554 3780 adjuvante

1978 3787 2202 3844 Domino
2227 3790 2354 3859 quid
2389 3793 2487 3847 sibi
2533 3794 2692 3862 velit,
2742 3794 2996 3850 Dominus
3038 3808 3374 3870 tegumentum
3406 3813 3548 3857 tuum

1975 3893 2126 3946 super
2150 3895 2352 3932 manum
2376 3881 2596 3937 dextera:
2619 3892 2737 3938 tute.
2783 3886 3002 3942 Videtur
3027 3889 3168 3943 enim
3195 3891 3322 3944 mihi
3351 3891 3550 3950 habere

1976 3983 2190 4024 sensum
2217 3971 2476 4026 occultum
2503 4013 2518 4038 ,
2549 3989 2712 4042 quare
2756 3991 2862 4030 non
2906 3977 3136 4044 dixerit,
3172 3981 3415 4036 Dominus
3454 3999 3552 4037 cu-

1975 4061 2154 4114 stodiet
2185 4071 2268 4129 te,
2297 4063 2538 4119 absolute
2563 4073 2618 4120 et
2659 4066 3008 4136 simpliciter;
3057 4071 3148 4124 sed
3191 4071 3427 4138 addidit,
3459 4090 3551 4127 su-

1977 4167 2067 4220 per
2109 4168 2311 4206 manum
2353 4153 2570 4208 dextera:
2610 4164 2726 4211 tuae.
2769 4158 2907 4226 Quid
2945 4160 3130 4214 enim?
3157 4161 3426 4216 dexteram
3455 4178 3555 4218 no-

1978 4254 2142 4298 stram
2203 4246 2340 4300 Deus
2389 4248 2652 4314 custodit,
2700 4258 2756 4305 et
2799 4247 3067 4306 sinistram
3123 4267 3229 4309 non
3282 4255 3552 4310 custodit?

1975 4334 2161 4390 Nonne
2200 4337 2315 4406 ipse
2360 4352 2459 4415 nos
2498 4345 2638 4394 totos
2684 4341 2850 4395 fecit?
2889 4356 3066 4397 nonne
3102 4343 3191 4412 qui
3238 4344 3361 4398 fecit
3400 4345 3554 4399 nobis

1975 4425 2249 4482 dexteram
2273 4470 2289 4494 ,
2319 4429 2434 4498 ipse
2463 4429 2586 4484 fecit
2609 4437 2664 4484 et
2689 4430 3001 4486 sinistram?
3026 4432 3304 4489 Postremo
3347 4435 3391 4489 si
3436 4435 3552 4504 pla-

1976 4519 2085 4573 cuit
2110 4518 2214 4574 dici
2239 4519 2307 4574 de
2335 4519 2550 4576 dextera
2577 4521 2687 4576 sola
2712 4563 2727 4587 ,
2759 4538 2924 4593 quare
2948 4524 3118 4592 dixit,
3159 4542 3311 4595 super
3347 4543 3553 4580 manum

1975 4609 2196 4666 dexteris
2231 4605 2359 4678 tuti,
2402 4621 2457 4668 et
2501 4628 2610 4668 non
2650 4613 2794 4684 jam,
2839 4631 3001 4686 super
3042 4616 3318 4674 dexteram
3361 4619 3554 4673 tuam?

1975 4701 2085 4756 Cur
2111 4701 2212 4756 hoc
2239 4702 2477 4771 diceret,
2511 4705 2610 4758 nisi
2635 4705 2834 4776 aliquid
2863 4706 2949 4762 hic
2978 4708 3243 4763 occultum
3261 4749 3277 4774 ,
3307 4723 3415 4779 quo
3437 4711 3553 4778 pnl-

1975 4791 2143 4846 sando
2189 4793 2588 4861 perveniremus
2614 4835 2627 4857 ,
2675 4795 3070 4851 absconderet?
3115 4797 3326 4852 Diceret
3362 4800 3504 4853 enim
3530 4841 3547 4866 ,

1973 4891 2064 4936 aut
2086 4924 2102 4948 ,
2135 4881 2378 4938 Dominus
2404 4883 2646 4938 custodiet
2673 4894 2721 4939 te
2743 4926 2758 4952 ,
2797 4895 2850 4940 ct
2885 4887 3016 4941 nihil
3045 4888 3297 4953 adderet;
3342 4898 3473 4954 aut,
3504 4891 3550 4945 si

1974 4972 2246 5026 dexteram
2272 4973 2469 5029 addere
2499 4975 2704 5042 voluit,
2735 4977 2988 5033 Dominus
3016 4980 3278 5034 custodiet
3308 4990 3359 5036 te
3387 4997 3550 5051 super

1972 5062 2246 5118 dexteram
2285 5073 2466 5131 tuam;
2512 5076 2604 5122 aut
2649 5076 2832 5134 certe,
2877 5070 2999 5140 quia
3047 5071 3251 5126 addidit
3302 5089 3542 5140 manum,

1972 5155 2074 5212 hoc
2125 5156 2362 5224 diceret,
2418 5158 2675 5215 Dominus
2721 5162 2984 5216 custodiet
3030 5172 3083 5217 te
3125 5177 3286 5233 super
3329 5179 3541 5220 manum

1970 5245 2244 5302 dexteram
2288 5258 2470 5318 tuam,
2518 5267 2622 5307 non
2647 5293 2662 5318 ,
2707 5269 2858 5324 super
2899 5271 3104 5308 manum
3154 5257 3374 5312 dexterte
3418 5267 3536 5312 tute.

1971 5338 2122 5406 Quod
2164 5341 2420 5397 Dominus
2474 5344 2590 5413 ipse
2643 5360 2927 5415 suggerere
2977 5347 3258 5417 dignatur,
3305 5366 3547 5419 promam

1972 5429 2160 5496 vobis;
2189 5432 2278 5500 qui
2309 5440 2363 5487 et
2390 5433 2443 5487 in
2471 5433 2620 5487 vobis
2647 5434 2889 5501 habitat,
2929 5435 3046 5490 sine
3085 5436 3244 5492 dubio
3284 5438 3410 5494 facit
3453 5456 3549 5497 vos

1972 5522 2270 5594 approbare
2299 5539 2481 5580 verum
2509 5539 2629 5580 esse
2655 5525 2798 5595 quod
2837 5525 2975 5582 dico.
3022 5527 3154 5584 Nam
3197 5531 3320 5600 quid
3358 5531 3546 5588 dicturi

1973 5667 2053 5777 dit
2089 5671 2155 5717 na
2191 5667 2468 5715 constanter
2494 5665 2599 5710 Mss.
2628 5659 2769 5722 juxta
2803 5666 2953 5709 Graec.
2984 5666 3113 5710 LXX.
3153 5667 3207 5713 At
3239 5663 3372 5726 ωσι,
3399 5671 3545 5716 custo-

2007 5733 2061 5777 tl.

2007 5733 2061 5777 α.

2621 5803 3230 5889 (Cinquante—une.)
