4074 6470
501 290 635 349 ισιι

501 420 683 462 sumus
714 401 1002 475 ignoratis;
1034 400 1129 458 sed
1152 413 1273 456 cum
1298 396 1589 454 dixerimus
1613 437 1627 463 ,
1676 408 1784 449 non
1826 393 1895 450 ab
1937 392 2067 464 ipsis

502 497 657 552 nobis
682 494 841 550 vobis
860 490 1203 549 ostendemus
1241 502 1427 545 verum
1464 501 1583 543 esse
1616 486 1757 558 quod
1797 485 2024 541 dicimus
2047 523 2062 551 ,

496 588 591 644 sed
615 601 724 641 vos
764 584 865 655 ipsi
904 580 1201 656 agnoscatis
1245 594 1430 635 verum
1473 592 1593 633 esse
1636 576 1778 648 quod
1820 576 2063 631 dicimus.

496 678 648 735 Unde
674 686 847 732 autem
875 671 1173 745 agnoscetis
1194 710 1209 735 ,
1256 669 1358 724 nisi
1400 668 1803 724 demonstrante
1849 666 1941 721 illo
1976 665 2066 735 qui

495 774 548 826 in
582 769 729 826 vobis
757 767 998 832 habitat,
1039 766 1091 819 in
1128 770 1379 835 quantum
1407 761 1474 815 de
1515 760 1606 815 illo
1633 773 1855 814 numero
1892 757 2022 812 estis
2048 798 2063 823 ,

496 875 721 931 quorum
746 873 849 912 vox
871 865 954 911 est
976 896 991 920 ,
1023 853 1106 909 Ne
1138 853 1225 908 des
1253 851 1320 906 ad
1347 852 1642 905 movendum
1668 849 1841 920 pedem
1862 864 2024 902 meum
2046 864 2066 911 ;

493 962 545 1003 ct
575 949 764 1019 quibus
812 947 1040 1009 dicitur,
1093 944 1270 1012 Neque
1318 942 1549 996 dormitet
1596 941 1681 1008 qui
1722 939 1934 993 custodit
1978 939 2068 994 te?

494 1040 713 1107 Oportet
742 1036 881 1090 enim
910 1043 965 1088 ut
1002 1033 1241 1087 Christus
1284 1047 1388 1085 non
1433 1030 1661 1083 dormiat
1702 1029 1753 1082 in
1794 1028 1943 1082 vobis
1966 1067 1981 1092 ,
2015 1034 2068 1081 et

432 1174 435 1178 .
492 1129 652 1181 modo
680 1125 978 1195 intelligetis
1004 1139 1188 1178 verum
1216 1137 1335 1176 esse
1354 1120 1492 1190 quod
1517 1119 1763 1174 dicimus.
1790 1117 2067 1185 Quomodo

436 1206 437 1209 η
493 1221 741 1290 inquies?
776 1217 906 1283 Quia
938 1218 981 1270 si
1012 1216 1239 1268 dormiat
1268 1213 1398 1266 ﬁdes
1427 1220 1599 1266 vestra
1628 1250 1644 1275 ,
1680 1209 1874 1263 dormit
1912 1209 2068 1262 Chri-

493 1325 605 1368 Slus
634 1312 683 1365 in
724 1310 893 1364 vobis.
937 1307 1179 1361 Christus
1212 1304 1350 1359 enim
1390 1302 1441 1356 in
1480 1301 1643 1356 corde
1687 1309 1866 1355 vestro
1890 1341 1904 1364 ,
1935 1298 2066 1353 ﬁdes

493 1404 689 1459 Christi
737 1412 837 1457 est.
888 1402 975 1455 Ait
1015 1397 1339 1467 Apostolus:
1391 1394 1639 1447 Habitare
1685 1392 1935 1445 Christum
1980 1406 2068 1459 per

497 1497 643 1549 ﬁdem
686 1496 738 1547 in
778 1492 1008 1547 cordibus
1050 1490 1224 1544 vestris
1266 1486 1497 1559 (Ep/tes.
1534 1500 1632 1550 ιιι,
1679 1483 1808 1553 1⁵1).
1856 1482 1911 1536 ln
1959 1497 2066 1551 quo

496 1604 600 1640 non
625 1584 823 1640 dormit
848 1584 978 1637 ﬁdes
1002 1622 1016 1647 ,
1044 1580 1225 1650 vigilat
1264 1576 1528 1631 Christus.
1576 1575 1641 1629 Et
1677 1573 1723 1629 si
1766 1572 1902 1627 forte
1943 1572 2066 1626 dor-

494 1678 693 1735 iniebat
722 1675 851 1730 ﬁdes
882 1683 967 1727 tua
994 1714 1008 1738 ,
1043 1680 1095 1727 et
1124 1669 1243 1726 ideo
1271 1670 1321 1723 in
1367 1668 1462 1722 ista
1508 1665 1800 1736 quaestione
1838 1662 2066 1716 ﬁuctua-

491 1772 585 1825 bas
606 1810 621 1836 ,
654 1767 803 1838 quasi
833 1766 982 1821 navis
1011 1764 1096 1819 ilia
1144 1777 1260 1833 quae
1309 1767 1676 1829 tempestatem
1726 1756 2022 1827 patiebatur
2048 1797 2061 1820 ,

489 1859 579 1913 ubi
607 1858 849 1914 Christus
876 1854 1206 1917 dormiebat;
1251 1850 1428 1905 excita
1459 1847 1727 1902 Christum
1753 1885 1768 1911 ,
1815 1854 1870 1900 et
1907 1844 2061 1899 seda-

490 1953 685 2006 buntur
715 1956 1054 2017 tempestates
1086 1942 1103 2017 (
1131 1943 1311 1996 Matth.
1346 1956 1435 1995 vm
1461 1980 1475 2006 ,
1498 1937 1658 1992 2i-26
1679 1936 1720 2009 ).

564 2046 616 2101 8.
658 2044 843 2100 Fidem
895 2055 1021 2110 ergo
1075 2045 1305 2092 vestram
1363 2034 1670 2101 interrogo,
1720 2027 2060 2083 cbarissimi:

488 2141 735 2211 quoniam
763 2136 854 2191 ﬁlii
882 2135 1010 2189 estis
1038 2131 1288 2186 Ecclesiae
1312 2171 1326 2194 ,
1375 2136 1427 2183 et
1454 2127 1504 2181 in
1547 2122 1785 2181 Ecclesia
1834 2120 2063 2191 profeci-

490 2234 621 2296 stis,
654 2240 708 2286 et
750 2231 801 2284 in
851 2225 1087 2282 Ecclesia
1127 2221 1415 2293 proﬁciatis
1454 2220 1540 2290 qui
1580 2216 1811 2273 nondum
1848 2212 2065 2285 profeci-

488 2322 587 2377 stis
613 2361 628 2387 ,
660 2330 714 2376 et
740 2320 792 2374 in
826 2316 1062 2373 Ecclesia
1092 2311 1399 2383 proﬁciendi
1430 2311 1559 2364 estis
1587 2309 1674 2379 qui
1698 2307 1805 2375 jam
1835 2303 2062 2375 profeci-

486 2413 583 2467 stis
612 2413 652 2477 ‘,
711 2411 981 2477 interrogo
1032 2420 1127 2459 vos
1174 2403 1297 2472 quid
1350 2401 1532 2455 soletis
1578 2397 1873 2465 intelligere
1922 2392 2062 2463 quod

484 2504 683 2559 dictum
730 2511 812 2556 est
856 2500 907 2553 in
956 2497 1278 2566 Evangelio,
1328 2492 1531 2546 Nesciat
1574 2490 1780 2545 sinistra
1822 2497 1907 2540 tua
1942 2484 2063 2555 quid

487 2596 638 2665 faciat
668 2594 872 2647 dextera
899 2588 1025 2660 tita(
1056 2586 1242 2642 Matth.
1277 2600 1330 2639 vt
1356 2624 1370 2649 ,
1401 2586 1435 2639 5
1456 2585 1498 2654 ).
1531 2582 1641 2636 Hoc
1678 2580 1819 2635 enim
1859 2577 2063 2631 intelle-

483 2696 569 2743 cto
595 2683 873 2739 invenietis
898 2695 1016 2751 qua:
1044 2677 1114 2733 sit
1154 2677 1370 2732 dextera
1400 2714 1416 2741 ,
1453 2682 1506 2729 et
1541 2686 1659 2743 quae
1701 2670 1771 2725 sit
1810 2669 2060 2723 sinistra:

485 2777 639 2833 simul
672 2773 975 2844 intelligetis
1004 2779 1057 2826 et
1090 2778 1365 2837 utramque
1396 2774 1599 2836 partem
1635 2763 1799 2817 Deum
1834 2760 2059 2818 fecisse.

484 2882 537 2925 et
561 2870 829 2927 dexteram
857 2874 911 2921 et
936 2864 1243 2925 sinistram;
1277 2869 1331 2915 et
1359 2868 1535 2913 tamen
1573 2871 1678 2911 non
1722 2853 1882 2908 debet
1923 2851 2062 2905 scire

485 2964 697 3018 sinistra
724 2958 849 3030 quid
872 2957 1029 3011 faciat
1054 2954 1292 3009 dextera.
1339 2950 1560 3005 Sinistra
1605 2955 1783 3002 nostra
1827 2944 2057 3008 dicitur,

484 3053 739 3125 quidquid
765 3048 1127 3120 tetuporaliter
1155 3044 1409 3100 habemus
1438 3062 1451 3097 :
1481 3042 1696 3096 dextera
1723 3046 1901 3092 nostra
1931 3034 2063 3089 dici-

487 3160 571 3203 tur
598 3190 611 3214 ,
635 3143 889 3217 quidquid
919 3142 1070 3196 nobis
1104 3148 1360 3194 aeternum
1397 3145 1451 3191 et
1500 3130 1928 3189 incommutabile
1954 3129 2059 3182 Do-

485 3242 657 3293 minus
686 3236 984 3307 pollicetur.
1028 3232 1085 3286 Si
1129 3239 1304 3284 autent
1342 3228 1431 3282 ille
1478 3225 1566 3295 qui
1613 3223 1759 3279 dabit
1803 3228 2059 3276 aeternam

486 3332 647 3384 vitam
674 3370 689 3393 ,
720 3328 831 3396 ipse
857 3333 911 3379 et
935 3323 1004 3378 de
1035 3321 1149 3377 istis
1180 3317 1571 3388 temporalibus.
1592 3314 1896 3371 consolatur
1927 3325 2061 3379 pra:-

483 3431 688 3477 sentem
716 3418 876 3471 vitam
904 3457 920 3482 ,
954 3416 1068 3483 ipse
1093 3410 1215 3466 fecit
1242 3409 1513 3464 dexteram
1548 3414 1604 3460 et
1640 3404 1935 3460 sinistram.
1975 3398 2063 3452 Di-

483 3513 555 3565 cit
580 3510 648 3565 de
676 3504 991 3577 quibusdam
1021 3502 1256 3572 psalmus
1298 3497 1436 3567 apud
1481 3494 1687 3550 David:
1736 3493 1963 3560 Quorum
2006 3505 2063 3542 os

484 3602 707 3654 locutum
728 3606 798 3651 est
825 3595 1092 3649 vanitatem
1115 3632 1130 3658 ,
1160 3599 1205 3644 et
1227 3590 1430 3643 dextera
1459 3602 1631 3640 eorum
1656 3584 1857 3638 dextera
1879 3579 2063 3648 iniqui-

486 3691 623 3745 tatis.
666 3685 872 3741 Invenit
912 3696 1039 3752 ergo
1084 3679 1341 3751 quosdam
1386 3690 1520 3747 quos
1562 3672 1944 3744 reprehendit,
1972 3669 2062 3741 qui

484 3781 757 3836 dexteram
804 3788 979 3829 veram
1024 3786 1119 3841 pro
1157 3770 1369 3823 sinistra
1422 3766 1729 3829 habebant,
1777 3773 1830 3817 et
1879 3776 2060 3816 veram

486 3875 754 3929 sinistram
782 3870 1054 3926 dexteram
1085 3865 1184 3921 sibi
1215 3863 1450 3918 fecerant
1479 3878 1492 3915 :
1519 3860 1605 3929 qui
1637 3860 1744 3912 sint
1777 3857 1864 3911 isti
1899 3870 2061 3926 expo-

486 3967 567 4022 nit
592 3971 995 4033 consequenter.
1040 3957 1224 4013 Omnis
1269 3955 1430 4008 homo
1475 3951 1563 4021 qui
1612 3949 1912 4004 felicitatem
1957 3962 2062 4001 non

486 4066 631 4127 putat
661 4070 779 4111 esse
807 4050 1037 4107 hominis
1060 4088 1076 4112 ,
1108 4048 1208 4102 nisi
1235 4046 1408 4100 solum
1440 4044 1492 4098 in
1537 4042 1651 4096 istis
1684 4038 2063 4110 temporalibus

487 4147 824 4206 facultatibus
849 4152 904 4199 et
930 4140 1133 4197 deliciis
1156 4180 1170 4203 ,
1199 4146 1253 4193 et
1277 4135 1547 4191 afﬂuentia
1588 4140 1642 4188 et
1683 4132 1833 4200 copia
1881 4129 2061 4184 mundi

488 4240 647 4310 hujus
671 4280 686 4303 ,
715 4240 814 4293 iste
838 4244 921 4290 est
943 4232 1135 4287 stultus
1152 4238 1311 4298 atque
1334 4238 1617 4297 perversus
1640 4263 1656 4289 ,
1681 4221 1770 4291 qui
1795 4220 2061 4310 sinistram

487 4308 588 4388 sibi
618 4332 741 4385 facit
767 4329 1038 4382 dexteram
1072 4338 1086 4376 :
1118 4320 1251 4375 tales
1279 4318 1358 4372 illi
1403 4323 1554 4371 erant
1597 4312 1664 4368 de
1702 4311 1892 4381 quibus
1935 4308 2065 4363 dicit

486 4420 759 4495 psalmus;
789 4432 894 4472 non
919 4416 1039 4484 quia
1071 4428 1101 4467 a
1129 4412 1238 4466 Deo
1264 4424 1368 4463 non
1394 4411 1706 4475 acceperant
1747 4402 1904 4495 etiam
1944 4414 2064 4469 qua:

486 4492 849 4582 temporaliter
875 4503 1245 4575 possidebant,
1278 4498 1375 4554 sed
1412 4496 1531 4567 quia
1576 4495 1742 4563 ipsam
1769 4492 1936 4545 solam
1968 4505 2066 4582 pu-

486 4602 673 4658 tabant
706 4612 827 4654 esse
870 4595 1077 4650 beatam
1125 4592 1327 4654 vitam,
1376 4595 1429 4641 et
1472 4584 1601 4640 nihil
1649 4581 1791 4637 aliud
1838 4581 2068 4648 require—

486 4694 637 4750 bant.
667 4689 860 4745 Audite
881 4686 1023 4741 enim
1049 4684 1173 4754 quid
1211 4664 1279 4735 de
1317 4679 1421 4733 illis
1467 4682 1856 4744 consequenter
1895 4672 2021 4726 dicit
2050 4688 2063 4725 :

492 4805 511 4838 ι
548 4781 787 4851 Quorum
810 4794 873 4833 os
896 4779 1129 4833 locutum
1155 4781 1237 4829 est
1261 4770 1544 4824 vanitatem
1573 4808 1587 4833 ,
1627 4774 1683 4821 et
1718 4766 1935 4818 dextera
1970 4777 2064 4816 eo-

486 4891 605 4932 rum
653 4873 871 4927 dcxtera
911 4864 1221 4936 iniquitatis.
1257 4879 1276 4913 ι
1320 4860 1389 4916 Et
1429 4858 1668 4927 sequitur
1713 4872 1727 4908 :
1774 4872 1793 4906 ι
1828 4856 2065 4920 Quorum

488 4965 583 5020 ﬁlii
610 4975 794 5018 eorum
828 4958 975 5013 velut.
1015 4953 1240 5009 novellae
1275 4948 1666 5010 constabilitte;
1717 4944 1836 4999 ﬁliae
1878 4958 2063 4998 eorum

490 5064 695 5114 ornata:
722 5053 861 5109 sicut
880 5045 1164 5104 similitudo
1188 5042 1368 5111 templi
1393 5059 1406 5094 :
1433 5038 1645 5094 cellaria
1671 5050 1852 5091 eorum
1878 5035 2028 5103 plena
2048 5075 2063 5099 ,

492 5144 790 5206 eructantia
818 5158 883 5199 ex
911 5142 1013 5195 hoc
1039 5139 1095 5193 in
1117 5137 1219 5191 hoc
1245 5152 1261 5201 ;
1284 5147 1411 5188 oves
1433 5146 1615 5186 eorum
1640 5127 1908 5193 fecundae,
1933 5127 2069 5180 ntul-

490 5240 795 5311 tiplicantes
822 5235 873 5291 in
904 5229 1131 5288 exitibus
1154 5225 1302 5293 suis;
1328 5224 1494 5280 boves
1519 5236 1703 5276 eorum
1724 5219 1888 5274 crassi
1917 5236 1931 5273 :
1960 5232 2067 5271 non

467 5415 473 5439 ²
552 5438 572 5470 ι
598 5441 673 5484 Er.
705 5430 855 5495 Lugd.
877 5438 997 5495 γοα.
1018 5462 1033 5488 ,
1078 5423 1301 5495 quatiam
1330 5418 1437 5493 filii
1460 5418 1613 5495 estis
1634 5411 2069 5495 ξςςιςέιελμειῄξη

491 5475 1007 5557 Mammaea;
1020 5475 1072 5557 ἐι
1090 5475 1141 5537 in
1152 5475 1373 5557 Facie“?!
1382 5479 1619 5557 ρνοὶξξίτίέ
1630 5475 2069 5557 ,ἐῙίέἱἮηξίέΊέιΕῖΫ

492 5534 768 5622 fati-"sta
786 5534 1397 5622 iﬁﬁiéiibjee’rﬁeeéi
1411 5534 1545 5622 es.
1575 5534 2066 5622 circaeae.-

494 5602 969 5679 Evii,‘|'raetereunt
992 5602 1163 5679 verba
1185 5602 1229 5657 ἐι
1263 5608 1316 5655 in
1334 5602 1547 5679 Ecclesia
1580 5602 1885 5679 proficiens:
1900 5602 2068 5679 ssi-cinge

1269 5664 1556 5745 Ero/sciatis,
1581 5656 1640 5714 'in
1668 5656 1886 5712 Ecclesia
1922 5656 2068 5723 proﬁ-

495 5736 802 5793 ciendi'estis.
830 5736 916 5799 Qui
924 5736 1049 5797 jam,
1078 5742 1173 5783 etc.
1269 5736 1326 5778 li.

1728 282 1789 338 S.
1818 277 2181 340 AUGUSTINI
2221 277 2523 335 EPISCOPI

3627 283 3754 345 16ιῖ

2179 402 2261 448 est
2288 393 2439 447 ruina
2466 390 2610 462 scpis
2631 431 2648 459 ,
2682 384 2782 447 nec
2806 389 3016 459 exitus;
3043 405 3217 463 neque
3245 391 3445 450 ciamor
3480 393 3534 452 in
3571 396 3754 466 plateis

2175 498 2380 539 eorum.
2413 502 2432 536 ι
2466 482 2709 554 Magnam
2735 483 3037 539 felicitatem
3065 485 3416 554 quorumdam
3453 486 3751 558 descripsit.

2175 572 2363 628 Posset
2388 581 2561 627 tamen
2594 574 2748 627 istam
2778 572 3083 628 felicitatem
3129 583 3183 629 et
3220 575 3413 645 aliquis
3452 576 3627 645 justus
3658 582 3769 631 hac‘

2172 664 2332 730 bere,
2365 664 2502 720 sicut
2544 664 2725 719 habuit
2763 664 2902 720 Job:
2942 664 3035 720 sed
3080 665 3181 721 Job
3217 682 3309 736 pro
3355 668 3567 722 sinistra
3613 669 3748 728 illam

2174 753 2403 809 habebat
2431 796 2445 820 ,
2478 770 2580 809 non
2611 770 2708 823 pro
2730 754 2945 810 dextera
2972 772 2987 821 ;
3013 771 3132 810 nam
3157 756 3427 812 dexteram
3458 776 3561 813 non
3592 759 3749 815 habeo

2175 845 2263 899 bat
2288 846 2386 899 nisi
2413 846 2548 915 apud
2574 847 2737 901 Deum
2768 856 3073 916 perpetuam
3097 857 3150 903 et
3172 851 3549 918 sempiternam
3581 851 3753 907 felici;

2174 942 2357 989 tatem.
2389 936 2511 989 ideo
2532 951 2783 990 concessa
2812 946 2891 991 est
2919 939 3261 1005 percutienda
3284 940 3495 994 sinistra
3522 983 3536 1007 ,
3569 952 3621 996 et
3646 928 3789 996 suf‘“

2173 1025 2297 1081 fecit
2324 1027 2369 1080 ei
2392 1027 2630 1082 dextera.
2655 1028 2932 1095 Quomodo
2962 1044 3207 1097 percussa
3230 1038 3310 1084 est
3338 1032 3549 1085 sinistra
3571 1032 3593 1085 ?
3615 1033 3753 1086 Ten-

2174 1118 2458 1171 tationibus
2487 1119 2703 1173 diaboli.
2732 1120 2963 1173 Abstulit
2993 1122 3169 1175 subito
3203 1121 3481 1187 diabolus;
3524 1125 3752 1193 parntis-
3828 1150 3831 1151 ν

2173 1223 2262 1262 sus
2290 1209 2500 1279 quidem
2529 1222 2558 1262 a
2588 1211 2694 1264 Deo
2718 1252 2733 1277 ,
2766 1220 2821 1263 ut
2844 1211 3019 1280 justus
3048 1212 3361 1283 probaretur
3384 1254 3398 1277 ,
3432 1214 3625 1282 impius
3652 1231 3754 1285 pu-

2174 1297 2417 1361 niretur;
2448 1299 2665 1353 abstulit
2694 1300 2909 1354 omnia:
2951 1301 3043 1356 sed
3087 1302 3187 1356 Job
3228 1303 3315 1372 qui
3365 1312 3577 1357 noverat
3624 1306 3754 1359 sini-

2172 1398 2335 1449 stram
2368 1391 2639 1445 sinistram
2666 1407 2785 1447 esse
2804 1434 2819 1456 ,
2849 1402 2903 1447 et
2927 1392 3197 1449 dexteram
3226 1396 3433 1449 nonnisi
3455 1395 3750 1461 dexteram,

2171 1482 2437 1551 quomodo
2462 1498 2519 1538 se
2544 1484 2710 1538 tenuit
2743 1485 2807 1539 ad
2849 1484 3167 1540 dexteram?
3214 1486 3517 1543 Exsultavit
3556 1490 3608 1544 in
3651 1491 3754 1545 Do-

2172 1575 2353 1639 mino,
2381 1576 2687 1631 consolatus
2729 1586 2812 1631 est
2854 1577 3043 1631 damna
3070 1618 3086 1643 ,
3136 1579 3256 1649 quia
3300 1594 3404 1634 non
3447 1589 3532 1635 est
3567 1596 3755 1651 passus

2169 1664 2426 1720 damnum
2450 1665 2518 1721 de
2548 1665 2888 1722 interioribus
2916 1666 3152 1733 divitiis;
3214 1670 3321 1723 Deo
3344 1677 3362 1708 ι
3406 1669 3619 1739 plenum
3659 1686 3755 1726 cor

2172 1756 2415 1812 habebat.
2446 1757 2690 1812 Dominus
2717 1800 2730 1823 ,
2772 1759 2977 1829 inquit,
3022 1758 3199 1827 dedit,
3227 1760 3479 1816 Dominus
3511 1762 3754 1827 abstulit;

2168 1848 2298 1901 sicut
2326 1847 2542 1902 Domino
2572 1850 2758 1919 placuit
2788 1852 2858 1903 ita
2884 1852 3073 1921 factum
3099 1859 3169 1904 est
3193 1867 3212 1905 :
3252 1852 3317 1905 sit
3339 1869 3519 1907 nomen
3543 1852 3755 1907 Domini

2169 1938 2480 1993 benedictum
2531 1938 2675 2014 (Job
2705 1938 2788 2013 ι’).
2816 1942 2940 1996 llaac
2980 1950 3095 2003 erat
3132 1941 3348 1998 dextera
3393 1943 3558 2013 ipsius
3581 1985 3596 2011 ,
3640 1946 3756 2014 ipso

2171 2030 2425 2085 Dominus
2452 2072 2468 2097 ,
2496 2032 2611 2100 ipsa
2639 2032 2743 2086 vita
2766 2041 2961 2087 mlerna
2987 2074 3003 2099 ,
3032 2033 3120 2087 illa
3147 2033 3278 2088 lucis
3300 2035 3565 2103 possessio
3587 2076 3602 2101 ,
3633 2034 3757 2089 fons

2168 2123 2290 2177 vitae
2318 2163 2333 2188 ,
2362 2123 2540 2178 lumen
2570 2124 2623 2178 in
2650 2124 2871 2179 lumine.
2912 2123 3304 2178 Inebriabuntur
3328 2124 3389 2179 ab
3413 2127 3636 2179 ubertate
3661 2127 3758 2181 ιιο.

2169 2231 2281 2269 mus
2312 2225 2411 2269 tua:
2438 2230 2456 2269 :
2481 2216 2591 2285 ipsa
2620 2225 2738 2270 erat
2779 2215 3020 2272 dextera.
3063 2216 3290 2271 Sinistra
3333 2232 3462 2273 vero
3501 2227 3614 2272 erat
3657 2233 3759 2287 pro

2168 2306 2432 2376 adjutorio
2454 2306 2833 2361 consolationis
2856 2347 2871 2373 ,
2898 2322 3002 2361 non
3023 2307 3088 2360 ad
3111 2305 3499 2361 ﬁrmamentum
3531 2307 3758 2361 felicitao

2170 2398 2257 2451 tis.
2290 2397 2419 2451 Nam
2445 2395 2672 2451 felicitas
2697 2395 2814 2466 ejus
2834 2412 2958 2451 vera
2984 2406 3143 2468 atque
3173 2412 3420 2468 germana
3450 2398 3588 2452 Deus
3614 2406 3757 2452 erat.

2168 2486 2257 2542 lsti
2283 2496 2460 2541 autem
2488 2487 2555 2542 de
2580 2487 2772 2556 quibus
2801 2485 2928 2541 dicit
2958 2487 3119 2541 David
3146 2488 3267 2557 quia
3300 2505 3355 2541 os
3397 2502 3580 2541 eorum
3610 2487 3759 2540 locu-

2168 2585 2272 2629 tum
2297 2586 2367 2632 est
2392 2577 2695 2643 vanitatem,
2728 2586 2775 2629 et
2798 2577 3003 2630 dextera
3022 2593 3191 2630 eorum
3211 2578 3414 2631 dextera
3440 2578 3716 2647 iniquitatis
3739 2592 3758 2639 ;

2169 2683 2272 2722 non
2300 2668 2421 2721 hinc
2447 2682 2542 2722 eos
2569 2666 2945 2736 reprehendit,
2989 2666 3109 2736 quia
3138 2666 3222 2720 his
3248 2668 3494 2721 omnibus
3519 2667 3731 2722 abunda
3748 2696 3761 2705 ο

2167 2759 2294 2814 bant
2318 2801 2333 2825 ,
2378 2758 2471 2812 sed
2498 2758 2620 2827 quia
2652 2775 2708 2813 os
2732 2773 2916 2812 eorum
2942 2758 3163 2812 locutum
3186 2768 3261 2812 est
3286 2760 3572 2813 vanitatem.
3614 2759 3760 2825 Quid

2166 2852 2306 2903 enim
2334 2849 2613 2918 sequitur?
2637 2848 2771 2902 Cum
2796 2857 3159 2903 enumerasset
3185 2849 3365 2917 capias
3386 2864 3569 2903 eorum
3596 2888 3613 2913 ,
3634 2850 3708 2903 ait
3738 2867 3753 2902 :

2166 2939 2379 2993 Beatum
2403 2940 2637 2993 dixerunt
2666 2939 2911 3009 pepulum
2935 2940 3018 2992 cui
3045 2940 3151 2993 hinc
3179 2951 3315 2993 sunt.
3345 2939 3467 2993 Haec
3489 2948 3577 2994 est
3603 2941 3761 2993 vani-

2168 3040 2248 3086 tas
2272 3045 2428 3100 quam
2456 3031 2689 3084 locutum
2714 3038 2799 3085 est
2827 3045 2888 3083 os
2914 3045 3096 3084 eorum
3123 3070 3139 3096 ,
3184 3031 3323 3099 quod
3371 3032 3568 3103 beatum
3610 3032 3759 3084 dixe-

2166 3130 2281 3175 runt
2305 3121 2549 3191 populum
2577 3120 2658 3173 cui
2684 3120 2791 3173 [nec
2815 3130 2951 3174 sunt.
3003 3120 3082 3174 Tu
3110 3119 3235 3190 quid
3266 3119 3398 3174 dicis
3423 3161 3437 3184 ,
3484 3120 3577 3189 qui
3613 3121 3756 3174 nosti

2166 3212 2290 3282 quid
2316 3222 2398 3266 est
2426 3213 2637 3265 sinistra
2664 3253 2679 3278 ,
2707 3219 2762 3265 et
2809 3210 2933 3281 quid
2981 3218 3065 3264 est
3109 3210 3370 3264 dextera?
3409 3210 3658 3279 Sequitur
3698 3221 3761 3265 et

2165 3302 2329 3358 dicit:
2359 3302 2542 3356 Beatus
2583 3301 2798 3372 populus
2841 3301 2984 3372 cujus
3023 3310 3093 3356 est
3132 3300 3381 3355 Dominus
3419 3300 3558 3355 Deus
3592 3301 3760 3369 ipsius

2171 3392 2357 3463 (Psal.
2391 3408 2549 3448 cxuu
2574 3433 2590 3458 ,
2620 3393 2797 3446 11-15
2819 3390 2861 3461 ).

2236 3484 2290 3541 9.
2332 3483 2573 3539 lutendat
2611 3497 2740 3552 ergo
2787 3482 3032 3537 Charitas
3078 3492 3270 3536 vestra.
3332 3481 3576 3538 Vidimus
3622 3482 3760 3537 siui-

2168 3587 2334 3633 stram
2355 3617 2369 3641 ,
2415 3575 2642 3629 vidimus
2673 3582 2727 3628 et
2756 3574 3048 3628 dexteram.
3079 3573 3215 3627 Audi
3247 3573 3347 3628 hoc
3382 3573 3758 3628 conﬁrmatum

2167 3670 2223 3725 in
2253 3667 2486 3723 Canticis
2510 3667 2834 3721 canticorum
2864 3685 2876 3719 :
2911 3665 3133 3721 Sinistra
3167 3668 3293 3735 ejus,
3328 3667 3515 3735 inquit,
3548 3668 3638 3720 sub
3665 3672 3760 3719 ca-

2168 3763 2268 3831 pite
2292 3774 2419 3813 meo.
2444 3757 2648 3826 Sponsa
2671 3756 2799 3811 dicit
2824 3756 2891 3811 de
2918 3771 3115 3826 sponso
3147 3799 3161 3823 ,
3187 3758 3254 3810 de
3279 3757 3489 3811 Christo
3511 3758 3752 3813 Ecclesia

2167 3851 2224 3905 in
2250 3849 2494 3919 amplexu
2524 3847 2734 3917 pi‘etatis
2769 3856 2823 3900 et
2848 3846 3124 3900 charitatis
3148 3848 3191 3901 ³.
3220 3846 3355 3913 Quid
3378 3847 3495 3900 ait?
3522 3847 3753 3905 Sinistra

2168 3943 2277 4012 ejus
2307 3941 2398 3994 sub
2425 3940 2591 4009 capite
2636 3954 2744 3992 meo
2770 3979 2786 4004 ,
2814 3947 2861 3991 et
2890 3936 3096 3992 dextera
3141 3939 3249 4008 ejus
3276 3938 3632 4005 complectetur
3671 3956 3757 3993 me

2170 4030 2189 4103 (
2220 4030 2369 4085 Cant.
2397 4046 2453 4097 ιι,
2482 4028 2575 4098 6).
2605 4028 2743 4095 Quid
2766 4037 2964 4093 autem,
2991 4029 3111 4097 quia
3132 4042 3341 4082 sursum
3363 4037 3478 4081 erat
3506 4028 3753 4095 dextera,

2167 4122 2417 4177 deorsum
2470 4121 2682 4174 sinistra
2716 4160 2731 4185 ,
2782 4127 2836 4173 et
2896 4119 2973 4173 sic
3026 4118 3475 4187 complectebatur
3523 4134 3755 4188 sponsus

2169 4226 2441 4282 sponsam,
2460 4224 2765 4281 supponens
2794 4209 3061 4262 sinistram
3084 4209 3148 4262 ad
3171 4208 3611 4275 consolationem,
3644 4210 3753 4263 im-

2170 4316 2375 4373 ponens
2408 4299 2682 4356 dexteram
2710 4299 2775 4354 ad
2805 4297 3227 4369 protectionem?
3257 4297 3478 4354 Sinistra
3502 4340 3516 4363 ,
3541 4298 3709 4368 inquit
3730 4340 3749 4364 ,

2168 4393 2277 4462 ejus
2303 4391 2392 4445 sub
2412 4391 2575 4458 capite
2598 4406 2728 4444 meo.
2756 4389 2897 4443 Deus
2919 4389 3061 4442 illam
3083 4388 3174 4442 dat
3200 4407 3212 4442 :
3237 4388 3355 4442 ideo
3375 4388 3587 4443 sinistra
3610 4389 3751 4457 ejus,

2169 4485 2289 4552 quia
2320 4484 2495 4537 omnia
2522 4483 2621 4537 ista
2644 4482 2950 4550 temporalia
2979 4481 3117 4536 Deus
3142 4480 3250 4534 dat.
3279 4480 3444 4547 Quam
3461 4481 3581 4535 vani
3603 4490 3751 4546 sunt,

2170 4590 2326 4643 quam
2363 4573 2543 4641 impii,
2574 4572 2662 4642 qui
2689 4572 2756 4625 ab
2782 4572 2956 4637 idolis,
2988 4586 3015 4623 a
3045 4570 3373 4624 dmmonibus
3396 4572 3493 4625 ista
3519 4580 3705 4639 petunt
3733 4573 3749 4625 !

2171 4666 2336 4732 Quam
2390 4664 2540 4717 multi
2571 4677 2601 4716 a
2644 4662 2977 4716 daemonibus
3017 4663 3113 4715 ista
3167 4669 3353 4731 petunt
3388 4702 3403 4726 ,
3433 4669 3486 4715 ct
3523 4675 3629 4715 non
3662 4661 3754 4714 illa

2172 4752 2413 4807 habent?
2441 4761 2495 4807 et
2519 4767 2722 4818 rursus,
2754 4752 2845 4821 qui
2873 4752 2958 4805 illa
2985 4766 3091 4805 non
3123 4760 3305 4819 petunt
3329 4766 3357 4803 a
3386 4751 3751 4813 daemonibus,

2173 4844 2370 4898 habent
2387 4858 2471 4908 ea;
2489 4840 2582 4896 sed
2606 4857 2708 4895 non
2724 4856 2751 4893 a
2768 4841 3098 4895 dmmonibus
3111 4841 3206 4895 ista
3225 4840 3435 4894 dantur.
3451 4840 3578 4894 ltem
3601 4840 3755 4894 multi

2170 4946 2359 5007 petunt
2383 4952 2411 4988 a
2441 4936 2571 4999 Deo,
2601 4944 2653 4989 et
2681 4949 2784 4987 non
2812 4933 3029 4987 habent.
3070 4931 3226 4986 Novit
3252 4932 3393 4986 enim
3423 4933 3509 4985 ille
3534 4931 3755 5000 dispen-

2172 5043 2292 5082 sare
2318 5027 2583 5081 sinistram
2609 5067 2622 5091 ,
2655 5025 2743 5095 qui
2790 5033 2944 5077 vocat
2984 5024 3048 5076 ad
3092 5024 3388 5077 dexteram.
3434 5023 3577 5091 Ergo
3603 5023 3647 5077 si
3675 5032 3757 5076 est

2174 5119 2407 5184 sinistra,
2425 5118 2491 5171 sit
2515 5117 2749 5179 sinistra;
2770 5114 2860 5168 sed
2885 5115 2983 5167 sub
3005 5115 3179 5182 capite
3201 5115 3269 5167 sit
3292 5131 3303 5165 :
3333 5128 3489 5183 supra
3519 5113 3659 5166 illam
3689 5115 3759 5166 sit

2173 5217 2329 5278 caput
2351 5217 2515 5271 tuum,
2548 5205 2599 5259 id
2626 5213 2707 5259 est
2731 5246 2747 5269 ,
2775 5219 2931 5273 supra
2961 5203 3100 5257 illam
3131 5204 3201 5257 sit
3228 5202 3359 5258 ﬁdes
3387 5212 3468 5256 tua
3488 5243 3505 5268 ,
3538 5202 3626 5256 ubi
3659 5202 3758 5255 ba-

2174 5299 2307 5353 bitat
2334 5298 2594 5353 Christus.
2634 5294 2750 5348 Noli
2782 5294 3090 5362 temporalia
3119 5308 3427 5363 praeponere
3457 5292 3581 5347 ﬁdei
3613 5302 3717 5346 tua:
3743 5310 3759 5358 ;

2174 5398 2229 5444 et
2274 5404 2381 5443 non
2422 5387 2526 5442 erit
2571 5386 2787 5439 sinistra
2834 5400 2997 5454 super
3023 5390 3183 5454 caput
3211 5393 3403 5437 tuum:
3441 5382 3535 5437 sed
3578 5383 3758 5436 omnia

2175 5478 2481 5549 temporalia
2508 5476 2677 5532 subde
2709 5476 2826 5531 fidei
2860 5484 2967 5530 tua:
2995 5518 3008 5542 ,
3041 5486 3095 5529 et
3143 5476 3299 5530 ﬁdem
3332 5484 3473 5528 tuam
3507 5490 3759 5544 przepone

2239 5593 2256 5624 ι
2275 5592 2347 5639 sic
2364 5597 2470 5638 Mss.
2500 5595 2551 5636 Αι
2569 5594 2644 5635 Er.
2668 5595 2719 5637 et
2740 5595 2871 5645 lion,
2898 5599 2993 5637 non
3016 5599 3184 5648 passus
3209 5593 3278 5635 est
3301 5586 3531 5637 damnum
3560 5600 3576 5638 :
3606 5587 3667 5637 de
3692 5586 3758 5636 ins

2176 5651 2424 5704 tarionbus
2439 5648 2617 5700 divitiis
2644 5648 2731 5699 Dei
2750 5649 2942 5709 plenum
2963 5647 3045 5697 cor
3069 5647 3287 5709 habebat.
3601 5690 3607 5694 .

2239 5718 2259 5745 ¹
2284 5716 2354 5763 sic
2378 5711 2601 5775 plerique
2626 5718 2730 5761 Mss.
2753 5707 2867 5759 'Edd.
2897 5723 3033 5772 vero,
3060 5707 3307 5760 castitatis.
