4078 6472
265 327 402 386 {613

269 442 510 501 tmnibus
531 443 950 514 temporalibus;
973 452 1029 499 et
1047 442 1150 500 erit
1173 441 1384 502 sinistra
1409 447 1509 501 sub
1533 445 1706 516 capite
1733 455 1842 509 tuo,

268 544 312 592 et
337 541 485 589 recte
504 532 726 591 dextera
752 535 867 604 ejus
895 535 1279 606 complectetur
1304 545 1380 590 te.

331 624 420 680 10.
459 624 597 680 Audi
623 625 724 681 hoc
768 626 939 702 ipsum
983 608 1176 695 exponi
1222 627 1274 681 in
1320 626 1624 682 Proverbiis
1650 667 1665 692 ,
1717 625 1842 695 quid

259 725 340 772 est
365 716 581 771 sinistra
603 716 735 787 ipsa,
759 717 884 788 quid
919 725 1001 772 est
1028 717 1287 775 dextera:
1338 732 1460 772 cum
1505 718 1572 772 de
1617 717 1842 786 Sapien-

259 808 328 860 tia
392 806 636 873 diceret,
690 806 978 879 Longitudo
1011 848 1026 873 ,
1093 808 1306 878 inquit,
1372 809 1566 862 dierum
1615 816 1660 860 et
1722 808 1846 860 anni

258 891 372 949 vita:
414 897 466 950 in
509 898 714 951 dextera
752 899 901 968 ejus;
949 898 1002 951 in
1043 898 1245 952 sinistra
1284 907 1451 951 autem
1497 898 1606 967 ejus
1655 895 1846 950 divitia:

258 999 306 1040 et
353 988 520 1058 gloria
559 989 578 1058 (
609 987 747 1042 Prov
835 1004 926 1053 tu,
959 988 1026 1044 16
1062 989 1104 1058 ).
1149 988 1448 1059 Longitudo
1486 987 1572 1041 illa
1602 985 1840 1052 dierum,

258 1079 534 1137 aeternitas
564 1087 665 1134 est.
723 1079 837 1135 llo»
874 1079 1018 1135 enim
1061 1081 1278 1148 proprio
1321 1077 1481 1133 modo
1522 1076 1650 1132 dicit
1702 1075 1844 1131 Seri-

258 1178 416 1237 ptura
456 1168 670 1238 longum
701 1210 715 1234 ,
743 1169 884 1240 quod
939 1179 1197 1225 aeternum
1249 1178 1332 1225 est
1363 1185 1377 1221 :
1409 1182 1531 1222 nam
1587 1166 1841 1238 quidquid

259 1259 421 1314 ﬁnem
451 1258 632 1327 habet,
664 1260 826 1318 breve
847 1268 949 1314 est.
978 1260 1101 1314 Alio
1143 1259 1264 1314 loco
1295 1277 1309 1313 :
1339 1257 1716 1326 Longitudine,
1763 1257 1845 1310 in-

257 1349 390 1419 quit,
414 1349 610 1404 dierum
638 1349 839 1419 replebo
860 1366 992 1403 eum.
1023 1348 1198 1422 (Psal.
1224 1364 1315 1416 xc,
1340 1348 1464 1419 16).
1492 1347 1564 1402 Ει
1586 1345 1839 1416 numquid

255 1442 416 1497 aliter
454 1458 551 1513 pro
589 1458 780 1514 magno
823 1442 1111 1510 diceretur,
1145 1440 1359 1496 Honora
1399 1448 1594 1511 patrem
1629 1448 1772 1493 tuum
1795 1446 1843 1492 et

257 1542 470 1587 matrem
497 1542 635 1586 tuam
658 1576 672 1598 ,
714 1542 769 1587 ut
794 1534 1047 1604 lonngus
1084 1533 1154 1587 sis
1197 1547 1349 1603 super
1382 1539 1568 1586 terram
1621 1527 1837 1601 (Exod.

256 1637 347 1687 xx,
373 1622 513 1693 12)?
537 1622 707 1692 Super
726 1639 880 1694 quam
903 1625 1046 1679 enim
1071 1635 1266 1679 terram
1283 1664 1300 1690 ,
1325 1622 1426 1677 nisi
1447 1621 1514 1677 de
1541 1636 1644 1692 qua
1673 1620 1836 1676 dicit:

254 1705 391 1781 Spes
418 1729 529 1766 mea
557 1729 606 1767 es
635 1722 687 1768 tu
714 1755 730 1781 ,
764 1716 926 1783 portio
965 1731 1076 1768 mea
1100 1714 1152 1768 in
1192 1723 1326 1768 terra
1355 1714 1620 1768 viventium
1653 1710 1837 1785 (Psal.

252 1818 397 1867 cxu,
429 1803 502 1874 6)
533 1803 650 1859 ?lbi
683 1819 801 1860 esse
830 1805 1128 1875 longaevum
1152 1805 1276 1876 quid
1297 1815 1398 1872 est,
1424 1805 1526 1860 nisi
1557 1805 1627 1862 ibi
1657 1804 1841 1860 vivere

255 1894 311 1947 in
338 1903 600 1949 aeternum
616 1893 640 1947 ?
655 1894 786 1949 Nam
804 1893 889 1950 hic
903 1910 1026 1950 esse
1048 1895 1342 1964 longaevum
1363 1895 1491 1965 quid
1511 1904 1614 1961 est,
1645 1894 1746 1949 nisi
1773 1894 1840 1948 ad

253 1995 590 2040 senectutem
621 1985 936 2055 pervenire?
967 1986 1080 2041 Etsi
1110 1986 1264 2057 longa
1293 1986 1502 2041 videtur
1523 1997 1655 2041 mtas
1674 2027 1688 2051 ,
1718 2001 1838 2040 cum

253 2074 631 2144 pervenerit‘,
684 2070 861 2131 brevis
915 2077 1285 2142 convincitur;
1337 2076 1458 2146 quia
1519 2076 1721 2131 ﬁnitur.
1777 2076 1841 2130 Et

253 2164 408 2218 multi
464 2163 846 2220 maledicentes
890 2165 1199 2235 parentibus
1230 2206 1247 2232 ,
1299 2174 1585 2221 senescunt
1633 2165 1685 2219 in
1739 2165 1840 2220 hac

254 2263 436 2321 terra;
461 2254 610 2309 multi
637 2265 814 2310 autem
845 2257 1199 2326 obsequentes
1223 2255 1552 2326 parentibus,
1580 2255 1686 2310 cito
1711 2264 1840 2310 euut

253 2346 321 2400 ad
351 2346 660 2401 Dominum.
704 2345 972 2417 Numquid
1003 2363 1130 2418 ergo
1157 2349 1428 2418 impletur,
1461 2359 1520 2403 ut
1569 2348 1839 2418 longaevus

250 2441 324 2494 sit
351 2438 649 2494 secundum
677 2438 814 2494 hanc
837 2440 1040 2494 vitam?
1062 2439 1165 2494 Sed
1192 2439 1484 2510 longaevum
1509 2455 1604 2509 pro
1628 2441 1839 2494 (eterni-

251 2541 361 2607 tate
409 2529 501 2588 illa
551 2533 780 2603 positum
827 2542 928 2588 est.
981 2533 1360 2604 Longuevitas‘
1390 2541 1474 2588 est
1513 2532 1564 2586 iu
1619 2531 1837 2588 dextera

249 2626 405 2695 ejus;
435 2634 491 2680 at
518 2641 648 2680 vero
675 2625 872 2680 divitia:
895 2635 950 2680 et
974 2625 1163 2695 gloria,
1196 2624 1246 2678 id
1269 2634 1351 2681 est
1375 2623 1690 2679 sufﬁcientia
1717 2623 1836 2678 vita:

251 2717 446 2786 hujus,
475 2731 538 2772 ea
579 2732 696 2787 qua:
725 2716 862 2771 bona
891 2717 1263 2771 existimantur
1289 2717 1358 2770 ab
1383 2715 1688 2770 hominibus
1716 2754 1731 2780 ,
1760 2715 1835 2768 si-

252 2810 422 2863 nistra
453 2817 554 2864 est.
603 2808 794 2863 Nescio
818 2807 936 2878 quis
965 2807 1110 2874 venit
1141 2846 1157 2871 ,
1202 2817 1255 2862 et
1294 2807 1405 2862 vult
1440 2807 1532 2862 tibi
1559 2814 1836 2876 percutere

251 2897 528 2956 dexteram
558 2939 574 2966 ,
607 2899 659 2954 id
689 2908 771 2955 est
797 2941 812 2964 ,
845 2899 1030 2954 tollere
1072 2899 1163 2953 tibi
1192 2898 1350 2954 ﬁdem
1381 2907 1523 2952 tuam
1551 2915 1563 2949 :
1589 2907 1644 2953 tu
1683 2912 1836 2954 acce—

251 2993 375 3062 pisti
420 2992 627 3061 alapam
661 2992 711 3045 in
739 2991 1012 3046 dexteram
1039 3031 1054 3057 ,
1085 2991 1263 3060 prabe
1304 2992 1572 3046 sinistram
1604 2989 1833 3063 (Matth.

250 3099 304 3151 ν,
333 3081 403 3138 59
422 3082 438 3152 )
460 3123 477 3148 ,
509 3081 561 3136 id
587 3090 698 3149 est,
724 3089 784 3136 ut
811 3081 940 3136 illud
969 3081 1118 3150 tollat
1137 3083 1279 3152 quod
1323 3081 1615 3150 temporale
1634 3089 1750 3147 est,
1782 3089 1838 3136 et

250 3189 358 3228 non
385 3187 449 3228 ea
473 3187 591 3242 qua:
623 3180 819 3228 teterna
861 3172 1043 3228 habes.
1069 3172 1264 3227 Audite
1287 3172 1508 3227 Paulum
1535 3171 1834 3243 apostolum

249 3265 356 3320 hoc
396 3265 700 3320 facientem.
736 3263 990 3320 Homines
1017 3264 1471 3334 persequebantur
1507 3263 1560 3318 in
1591 3279 1656 3318 eo
1693 3263 1835 3334 quod

248 3355 575 3413 cliristianus
604 3363 748 3419 erat;
780 3354 1160 3424 percutiturilli
1182 3347 1427 3419 dextera’,
1450 3355 1539 3408 ille
1565 3354 1834 3410 sinistram

249 3445 556 3516 opponebat
590 3463 602 3499 :
629 3443 760 3500 Civis
800 3445 1060 3499 Romanus
1085 3460 1216 3509 sum,
1247 3444 1319 3497 ait
1347 3443 1366 3516 (
1389 3445 1498 3498 Act.
1523 3459 1631 3498 xxu
1652 3485 1668 3508 ,
1693 3443 1764 3498 25
1792 3445 1830 3513 ).

251 3538 537 3592 Dexteram
565 3535 976 3591 contemnebant
1011 3533 1120 3600 illi,
1151 3544 1206 3590 et
1246 3534 1313 3589 de
1354 3534 1564 3588 sinistra
1605 3533 1838 3588 terrebat

253 3625 342 3685 ille
373 3645 389 3684 :
421 3629 544 3700 quia
587 3629 660 3682 illi
696 3628 969 3683 dexteram
1020 3628 1136 3695 ejus
1187 3626 1374 3681 timere
1410 3640 1513 3678 non
1555 3632 1832 3695 poterant;

253 3719 488 3775 nondum
541 3719 684 3774 enim
737 3709 951 3773 Christo
1005 3712 1365 3772 crediderant.
1397 3713 1535 3782 Quid
1568 3730 1696 3783 ergo
1729 3754 1745 3781 ,
1789 3715 1834 3768 si

252 3811 471 3866 dextera
523 3809 860 3879 amplectitur
892 3849 908 3875 ,
938 3807 1152 3862 sinistra
1192 3804 1291 3859 sub
1333 3806 1507 3874 capite
1533 3811 1656 3868 est;
1709 3803 1836 3873 quid

251 3910 356 3969 est,
380 3900 590 3955 Nesciat
617 3900 822 3954 sinistra
845 3907 931 3952 tua
952 3897 1075 3970 quid
1097 3897 1248 3968 faciat
1268 3895 1472 3949 dextera
1499 3894 1626 3948 tua?
1649 3893 1701 3947 ld
1726 3901 1829 3959 est,

252 3992 465 4064 quando
488 3990 616 4046 facis
644 3991 839 4045 bonum
860 4003 1014 4059 opus,
1031 3997 1248 4058 propter
1271 3986 1431 4039 vitam
1455 3991 1707 4038 aeternam
1732 3982 1834 4038 l'ae.

252 4085 382 4140 Nam
411 4086 454 4138 si
477 4097 612 4153 Opus
638 4083 834 4138 bonum
861 4081 914 4136 in
944 4089 1082 4136 terra
1107 4087 1384 4148 propterea
1407 4076 1612 4142 feceris,
1647 4084 1704 4130 ut
1727 4085 1836 4130 ter-

254 4189 380 4230 rena
429 4172 524 4228 tibi
587 4171 902 4235 abundent;
955 4169 1055 4224 scit
1098 4167 1310 4222 sinistra
1360 4176 1446 4220 tua
1495 4165 1620 4235 quid
1681 4164 1838 4219 faciat

257 4265 474 4320 dextera
505 4273 624 4326 tua,
657 4261 913 4317 miscuisti
938 4259 1211 4316 dexteram
1241 4259 1489 4312 sinistrae.
1520 4256 1637 4311 Noli
1663 4255 1837 4312 facere

256 4355 352 4410 nisi
385 4363 607 4424 propter
628 4353 788 4406 vitam
811 4361 1087 4406 :eternam.
1121 4348 1246 4404 Ideo
1286 4347 1388 4413 lac,
1417 4356 1473 4403 et
1509 4361 1727 4402 securus
1756 4346 1837 4401 t‘a-

255 4449 399 4504 cies:
435 4446 540 4501 hoe
565 4447 706 4502 enim
729 4444 995 4499 mandavit
1033 4445 1172 4498 Deus
1200 4443 1241 4496 ³.
1273 4442 1328 4497 Si
1358 4451 1572 4512 pr0pter
1592 4442 1730 4497 solas
1751 4456 1837 4496 res

256 4542 516 4596 humanas
541 4549 593 4594 et
618 4538 786 4593 solam
809 4538 970 4591 vitam
999 4538 1154 4591 istam
1184 4534 1314 4590 facis
1343 4535 1482 4604 quod
1508 4534 1642 4589 facis
1667 4573 1680 4601 ,
1708 4534 1837 4590 siui-

256 4641 370 4687 stra'
389 4631 504 4688 sola
527 4639 818 4700 operatur;
859 4628 906 4683 si
935 4637 1109 4681 autem
1140 4635 1359 4697 pr0pter
1386 4626 1544 4679 vitam
1584 4636 1836 4680 aeternam

257 4723 516 4793 operaris,
545 4723 762 4777 dextera
807 4720 918 4774 sola
948 4728 1199 4789 operatur
1231 4736 1243 4770 :
1277 4720 1320 4771 si
1366 4729 1541 4772 autem
1572 4718 1733 4773 habes
1760 4719 1842 4773 iu-

262 4813 550 4868 tentionem
582 4811 647 4866 ad
682 4811 842 4865 vitam
869 4818 1124 4865 aeternam
1149 4851 1165 4875 ,
1192 4808 1284 4863 sed
1311 4809 1548 4878 subrepit
1574 4809 1665 4863 tibi
1695 4811 1857 4880 cupi:

259 4906 395 4961 ditas
425 4906 547 4959 vita:
573 4903 902 4972 temporalis,
926 4911 982 4956 ut
1001 4899 1242 4970 attendas
1267 4901 1426 4955 etiam
1453 4901 1604 4954 istam
1626 4900 1842 4970 quando

260 4996 386 5052 lacis
436 5010 572 5066 opus
616 4996 848 5061 bonum,
893 5003 951 5048 ut
986 4993 1072 5047 hi‘e
1114 4991 1205 5046 tibi
1256 4989 1452 5061 aliquid
1495 4989 1838 5058 retribuatur,

261 5089 450 5142 miscet
499 5100 560 5141 se
610 5085 824 5140 sinistra
877 5083 1128 5154 operibus
1175 5084 1414 5136 dextera:
1461 5096 1474 5132 :

261 5179 423 5234 Deus;

333 5274 420 5327 H.
463 5269 752 5326 Veniamus
802 5283 943 5324 nunc
988 5267 1052 5322 ad
1094 5253 1219 5320 illud
1269 5263 1408 5335 quod
1453 5263 1527 5316 ait
1557 5263 1840 5318 Psalmus:

261 5361 514 5417 Dominus
545 5370 878 5431 tegumentum
899 5369 1038 5412 tuum
1062 5374 1212 5428 super
1239 5373 1445 5410 manum
1474 5356 1693 5410 dextere
1720 5365 1839 5409 tum.

259 5455 474 5510 Manum
525 5458 842 5526 potestatem
885 5452 1032 5507 dicit.
1075 5451 1225 5507 Unde
1273 5448 1604 5519 probamus?
1633 5449 1763 5516 Quia
1791 5459 1845 5504 et

329 5620 347 5651 '
372 5620 444 5669 sie
467 5627 566 5667 tim.
591 5625 642 5668 et
665 5625 770 5667 Mss.
798 5624 852 5670 At
867 5625 940 5667 Er.
968 5625 1020 5667 et
1041 5611 1170 5677 ιρι,
1195 5630 1302 5666 cum
1328 5615 1506 5667 venerit
1529 5629 1672 5667 mors.

330 5681 353 5744 ξ
376 5681 524 5744 add,
541 5679 682 5744 longa
698 5681 807 5730 vita.
831 5689 883 5728 At
906 5687 1030 5744 Mss,
1048 5678 1344 5744 'lougievitas.

333 5741 355 5773 ³
376 5743 527 5792 nostri
560 5739 734 5792 omnes
754 5747 879 5791 Mssa
945 5742 979 5792 d
1003 5742 1090 5792 hoc
1109 5739 1234 5791 enim
1255 5739 1450 5792 tentavit
1491 5747 1615 5791 Deus
1650 5749 1776 5789 eum.

1327 329 1725 388 ENARRATIO
1749 329 1818 387 IN
1860 329 2183 392 PSALMUM
2223 335 2382 392 CXX.

1538 5078 1640 5133 hoc
1701 5087 1844 5134 vetat
1872 5123 1876 5128 .

1869 5237 1873 5242 τ
1949 5179 2052 5219 non
2089 5166 2534 5237 recognovissetis
2554 5209 2569 5236 ,
2597 5183 2703 5223 non
2735 5170 2950 5224 vocibus
2977 5171 3168 5223 vestris
3195 5170 3522 5225 intellectum

3398 354 3534 409 ισιι

1955 457 2143 504 manus
2166 448 2278 514 Dei,
2310 459 2543 522 potestas
2576 452 2665 510 Dei
2697 454 2831 509 dicta
2862 465 2961 511 est.
2995 458 3124 513 Nam
3153 460 3412 535 diabolus,
3443 470 3532 536 qui

1952 537 2174 591 tentavit
2214 537 2354 604 Job,
2408 540 2508 596 hoc
2551 544 2624 596 ait
2669 543 2776 598 Deo
2824 561 2838 597 :
2871 543 3020 600 Mitte
3065 565 3270 604 manum
3299 561 3455 618 tuam,
3485 567 3533 609 et

1951 632 2099 697 tange
2124 629 2292 681 omnia
2316 646 2430 700 qua
2453 632 2631 699 habet;
2659 644 2707 688 et
2749 635 2893 700 vide,
2921 638 2968 690 si
2989 638 3043 691 in
3068 639 3250 709 [aciem
3285 644 3534 700 benedicet

1951 713 2038 767 tibi
2069 714 2188 787 (Job
2219 734 2255 784 ι,
2286 719 2402 791 11).
2435 720 2569 789 Quid
2597 732 2707 790 est,
2733 723 2878 779 Mitte
2903 743 3105 782 manum
3127 741 3286 798 tuam,
3320 735 3440 800 nisi,
3463 737 3534 792 da

1950 815 2265 874 pctestatem
2289 809 2312 862 ?
2343 811 2650 869 Evidentius
2676 815 2795 869 audi
2821 858 2834 881 ,
2864 815 3048 882 frater,
3075 835 3144 874 ne
3171 822 3304 878 forte
3331 828 3534 884 carnali

1950 909 2111 950 sensu
2137 897 2311 953 adhuc
2332 901 2534 970 cogites
2549 904 2670 973 quia
2691 909 2946 963 membris
2972 908 3249 967 distinctus
3264 925 3348 969 est
3370 915 3529 982 Deus;

1950 986 2073 1040 audi
2099 989 2372 1045 evidenter
2400 995 2667 1062 quomodo
2691 997 2896 1052 dicatur
2929 1017 3117 1057 manus
3159 1015 3414 1074 potestas.
3443 1011 3534 1064 Ait

1950 1077 2180 1146 quodam
2209 1080 2328 1135 loco
2353 1081 2623 1152 Scriptura
2657 1104 2671 1140 :
2710 1086 2854 1142 Mors
2878 1099 2926 1142 et
2964 1092 3064 1145 vita
3089 1093 3142 1146 in
3169 1088 3398 1151 manibus
3427 1099 3531 1152 lin-

1947 1181 2063 1235 qua:
2093 1165 2269 1233 (Prov.
2296 1185 2444 1238 xvm,
2465 1173 2580 1244 21).
2602 1174 2858 1232 Novimus
2881 1178 3087 1251 linguas
3107 1181 3270 1238 frusta
3287 1188 3530 1256 quaedam

1947 1260 2152 1324 carnis;
2198 1260 2250 1314 in
2279 1275 2372 1317 ore
2402 1277 2700 1332 moventur,
2732 1279 2786 1324 et
2833 1274 3180 1340 percutiendo
3219 1278 3447 1347 palatum
3476 1291 3530 1336 et

1946 1349 2156 1418 dentes,
2180 1352 2510 1426 distinguunt
2533 1373 2693 1415 sonos
2713 1363 2902 1432 quibus
2918 1363 3184 1436 loquimur
3206 1386 3219 1422 :
3243 1373 3532 1426 ostendan-

1947 1449 2034 1496 tur
2062 1443 2189 1498 mihi
2231 1461 2420 1502 manus
2449 1448 2656 1519 linguae.
2691 1451 2889 1523 Lingua
2929 1471 3056 1528 ergo
3097 1474 3201 1514 non
3231 1460 3388 1517 habet
3417 1481 3530 1516 llta~

1947 1547 2049 1586 nus
2072 1575 2086 1598 ,
2119 1542 2173 1588 et
2220 1535 2378 1591 habet
2403 1553 2609 1593 manus.
2639 1540 2770 1608 Qum
2810 1554 2931 1598 sunt
2967 1562 3151 1601 manus
3172 1548 3400 1620 lingute?
3421 1551 3527 1606 Po-

1948 1631 2111 1680 testas
2129 1625 2341 1696 lingua}.
2361 1628 2495 1696 Quid
2513 1639 2614 1697 est,
2633 1630 2775 1686 Mors
2794 1643 2841 1686 et
2870 1637 2970 1688 vita
2986 1637 3038 1690 in
3058 1639 3286 1695 manibus
3302 1643 3486 1714 lingua:
3503 1647 3528 1697 .’

1946 1713 2029 1768 Ea:
2055 1731 2142 1769 ore
2167 1726 2251 1770 tuo
2277 1718 2625 1787 iusti/icaberis
2652 1763 2666 1787 ,
2700 1730 2748 1774 et
2774 1739 2837 1775 ea:
2881 1741 2967 1778 ore
3008 1735 3093 1780 tuo
3119 1713 3528 1787 condemnaberis

1945 1806 1964 1876 (
1989 1805 2174 1859 Matth.
2203 1824 2274 1862 xu
2300 1851 2312 1874 ,
2341 1810 2409 1864 57
2429 1808 2470 1881 ).
2503 1811 2640 1881 Ergo
2680 1813 2724 1866 si
2769 1829 2958 1870 manus
2988 1825 3223 1886 potestas
3248 1860 3261 1884 ,
3292 1821 3417 1890 quid
3444 1833 3527 1877 est

1944 1912 2134 1952 manus
2157 1898 2425 1956 dexterm?
2450 1901 2588 1956 Nihil
2613 1903 2844 1959 arbitror
2862 1905 3080 1978 intelligi
3107 1913 3484 1980 congruentius
3509 1955 3523 1979 ,

1946 1989 2045 2042 nisi
2068 1999 2124 2043 ut
2141 1991 2492 2061 intelligamus
2513 2008 2724 2050 manum
2742 1995 2998 2063 dexterae,
3025 2007 3343 2068 potestatem
3367 2018 3524 2073 quam

1946 2080 2034 2135 tibi
2056 2081 2372 2151 deditDeus,
2399 2093 2456 2138 ut
2483 2086 2528 2140 si
2559 2087 2711 2155 velis,
2739 2088 2972 2144 donante
3000 2091 3130 2159 Deo,
3159 2094 3224 2148 ad
3252 2095 3524 2152 dexteram

1943 2173 2034 2227 sis.
2067 2174 2234 2230 Erunt
2258 2177 2400 2232 enim
2431 2179 2578 2250 impii
2599 2196 2786 2236 omnes
2811 2183 2875 2238 ad
2906 2184 3210 2252 sinistram;
3248 2198 3406 2243 erunt
3426 2205 3522 2244 au-

1944 2273 2048 2320 tem
2077 2279 2262 2322 omnes
2291 2268 2382 2322 ﬁlii
2415 2269 2538 2324 boui
2574 2271 2640 2326 ad
2683 2272 2954 2328 dexteram
2983 2317 2999 2341 ,
3042 2277 3234 2346 quibus
3274 2279 3519 2336 dicetur:

1951 2354 2142 2422 Venite,
2159 2358 2403 2415 benedicti
2417 2359 2592 2416 Patris
2605 2363 2718 2428 mei,
2740 2367 2980 2435 percipite
2997 2385 3202 2438 regnum
3227 2370 3361 2440 quod
3387 2374 3522 2427 vobis

1942 2458 2174 2516 paratum
2190 2457 2263 2502 est
2277 2449 2340 2503 ab
2362 2452 2555 2522 origine
2574 2454 2748 2508 mundi
2769 2454 2878 2526 (Id.
2901 2473 3024 2522 xxv,
3041 2458 3152 2530 5i).
3169 2460 3236 2516 Ut
3255 2471 3432 2518 autem
3447 2467 3521 2518 sis

1941 2535 2006 2590 ad
2027 2536 2320 2603 dexteram,
2342 2539 2393 2594 id
2407 2549 2507 2606 est,
2526 2551 2582 2596 ut
2603 2545 2773 2612 possis
2787 2546 2878 2600 Dei
2895 2547 3034 2602 ﬁlius
3051 2548 3183 2614 lii-ri,
3202 2560 3519 2620 potestatem

1939 2627 2211 2696 accepisti.
2240 2628 2407 2696 Quam
2435 2637 2794 2701 potestatem?
2820 2637 2894 2692 De
2928 2653 3030 2708 qua
3069 2639 3198 2695 dicit
3235 2641 3468 2700 Joannes
3500 2685 3514 2706 .

1940 2717 2092 2771 Dedit
2113 2719 2183 2772 eis
2209 2729 2502 2789 potestatem
2517 2725 2652 2793 ﬁlios
2674 2725 2766 2780 Dei
2787 2729 2915 2794 ﬁeri.
2938 2728 3087 2785 Unde
3105 2732 3354 2802 accepisti
3381 2737 3519 2791 hanc

1941 2816 2254 2876 potestatem
2271 2809 2295 2863 ?
2310 2809 2658 2880 Credentibus,
2692 2816 2879 2887 inquit,
2911 2820 2962 2873 in
2985 2821 3185 2876 nomine
3209 2825 3318 2894 ejus
3341 2825 3516 2893 (Joan.

1939 2915 1990 2966 ι,
2022 2900 2134 2971 12).
2166 2900 2220 2958 Si
2252 2919 2379 2974 ergo
2415 2905 2623 2974 credis,
2656 2907 2768 2978 ipsa
2801 2910 2890 2964 tibi
2924 2920 3155 2980 potestas
3173 2914 3295 2970 data
3321 2927 3430 2984 est,
3463 2928 3522 2974 ut

1938 2993 2012 3046 sis
2037 2992 2176 3048 inter
2198 2994 2335 3049 ﬁlios
2358 2995 2470 3051 Dei.
2498 2997 2630 3053 Esse
2649 3009 2825 3054 autem
2846 3001 2982 3056 inter
3008 3003 3145 3059 ﬁlios
3174 3005 3288 3074 Dei,
3319 3005 3420 3063 hoc
3439 3017 3523 3063 est

1936 3081 2003 3135 ad
2030 3081 2306 3138 dexteram
2334 3085 2618 3154 pertinere.
2639 3087 2780 3160 Ergo
2809 3089 2938 3146 ﬁdes
2957 3101 3063 3157 tua,
3083 3109 3271 3150 manus
3286 3096 3522 3154 dextera:

1939 3179 2070 3237 tute;
2099 3171 2148 3226 id
2176 3183 2258 3228 est
2277 3216 2290 3239 ,
2319 3184 2551 3244 potestas
2574 3192 2694 3247 quae
2716 3179 2808 3233 tibi
2838 3180 2958 3235 data
2999 3193 3081 3238 est
3108 3222 3122 3250 ,
3155 3194 3212 3240 ut
3259 3186 3334 3242 sis
3381 3187 3521 3243 inter

1938 3260 2074 3314 lilios
2107 3262 2216 3327 Dei,
2245 3278 2433 3320 manus
2452 3273 2535 3320 est
2558 3265 2792 3322 dexterae
2815 3278 2936 3325 tute.
2961 3271 3064 3327 Sed
3087 3274 3212 3342 quid
3239 3275 3378 3331 valet
3401 3278 3516 3347 ipsa

1939 3360 2172 3418 potestas
2201 3369 2360 3422 quam
2389 3357 2596 3425 accepit
2626 3356 2804 3424 homo,
2828 3359 2928 3414 nisi
2959 3361 3211 3417 Dominus
3240 3368 3521 3436 protegat?

1938 3441 2076 3496 Ecce
2105 3443 2355 3507 credidit,
2386 3445 2495 3514 jam
2541 3447 2771 3503 ambulat
2819 3449 2871 3503 in
2914 3449 3018 3506 ﬁde
3064 3470 3076 3505 :
3131 3453 3372 3510 inﬁrmus
3396 3466 3520 3523 est,

1938 3530 2075 3585 inter
2097 3534 2416 3590 tentationes
2443 3539 2688 3605 agitatur,
2723 3539 2861 3594 inter
2901 3541 3172 3599 molestias
3193 3586 3208 3609 ,
3237 3545 3372 3600 inter
3395 3563 3517 3601 car-

1940 3623 2085 3678 nales
2101 3626 2488 3696 corruptiones,
2509 3629 2646 3685 inter
2662 3633 3025 3702 suggestiones
3039 3637 3360 3706 cupiditatis,
3385 3639 3522 3696 inter

1940 3717 2200 3770 versutias
2229 3726 2283 3771 et
2309 3717 2527 3788 laqueos
2566 3721 2782 3776 inimici.
2829 3724 2965 3792 Quid
3008 3727 3147 3780 valet
3193 3743 3358 3797 ergo,
3401 3733 3525 3800 quia

1939 3801 2099 3858 habet
2125 3814 2436 3874 potestatem
2457 3848 2472 3874 ,
2497 3818 2550 3862 et
2576 3810 2802 3865 credidit
2823 3813 2874 3866 in
2898 3812 3188 3880 Christum,
3214 3827 3271 3870 ut
3290 3819 3354 3872 sit
3385 3819 3524 3874 inter

1939 3894 2078 3950 ﬁlios
2105 3896 2234 3950 Dei?
2261 3897 2351 3952 Va:
2377 3897 2580 3954 homini
2611 3901 2702 3965 illi,
2737 3903 2834 3957 nisi
2861 3912 2913 3958 et
2945 3905 3112 3973 ipsius
3137 3905 3297 3962 ﬁdem
3339 3908 3522 3964 Domi-

1940 4000 2039 4040 nus
2067 3995 2301 4057 protegat
2335 4003 2348 4040 :
2377 3989 2426 4043 id
2454 3999 2554 4056 est,
2579 3999 2636 4044 ut
2661 4006 2765 4046 non
2789 4000 2841 4047 te
2862 3995 3132 4062 permittat
3152 3997 3339 4051 tentari
3358 4011 3519 4068 supra

1939 4092 2096 4146 quam
2124 4085 2276 4146 potes
2302 4077 2478 4144 ferre;
2506 4080 2642 4136 sicut
2665 4081 2790 4137 dicit
2818 4082 3121 4154 Apostolus,
3147 4084 3340 4142 Fidelis
3360 4087 3520 4153 Deus,

1938 4169 2024 4237 qui
2051 4185 2152 4222 non
2180 4185 2267 4223 vos
2311 4171 2557 4240 permittet
2585 4173 2764 4226 tentari
2791 4190 2946 4245 supra
2971 4192 3122 4246 quam
3147 4179 3350 4248 potestis
3391 4178 3522 4247 ferre

1941 4258 1960 4327 (
1985 4256 1999 4309 Ι
2029 4255 2147 4312 Cor.
2179 4273 2212 4312 x
2234 4299 2250 4324 ,
2279 4257 2404 4329 15).
2457 4258 2549 4315 llle
2575 4275 2702 4331 ergo
2732 4263 2819 4334 qui
2849 4278 2953 4318 non
2997 4265 3121 4319 sinit
3147 4268 3336 4322 tentari
3361 4283 3522 4339 supra

1940 4364 2096 4418 quam
2145 4366 2426 4419 possumus
2471 4350 2611 4407 ferre
2633 4394 2650 4420 ,
2691 4355 2931 4423 quamvis
2952 4355 3062 4426 jam
3094 4357 3278 4413 ﬁdeles
3311 4360 3476 4415 simus
3501 4403 3517 4426 ,

1940 4442 2187 4510 quamvis
2202 4441 2312 4512 jam
2340 4458 2526 4500 manus
2546 4443 2781 4500 dextera:
2805 4454 3004 4502 nostra)
3029 4448 3098 4502 sit
3120 4448 3172 4502 in
3201 4449 3372 4517 nobis,
3399 4464 3522 4520 pro-

1943 4531 2070 4600 tegit
2099 4545 2195 4587 nos
2239 4533 2377 4587 Deus
2405 4548 2566 4603 super
2608 4549 2821 4589 manum
2863 4535 3099 4592 dextera:
3139 4549 3357 4595 nostrae.
3403 4538 3522 4596 Non

1944 4623 2097 4678 nobis
2125 4622 2321 4679 sufﬁcit
2347 4624 2542 4681 habere
2584 4641 2798 4681 manum
2846 4628 3123 4696 dexterae,
3178 4631 3281 4686 nisi
3330 4631 3418 4687 ille
3467 4643 3523 4688 et

1945 4712 2110 4792 ipsam
2141 4730 2354 4782 manum
2386 4715 2620 4771 dextera:
2653 4726 2918 4788 protegat.

2005 4803 2102 4864 12.
2135 4804 2284 4876 [νει-ε.
2316 4803 2394 4878 6.]
2428 4806 2568 4860 Ecce
2613 4806 2714 4861 hoc
2741 4807 2808 4862 de
2841 4809 3222 4863 tentationibus
3244 4809 3354 4864 dixi
3387 4827 3400 4862 :
3434 4811 3520 4864 in-

1947 4894 2145 4948 tendite
2185 4895 2308 4964 quid
2358 4905 2630 4964 sequatur.
2677 4896 2966 4968 Protegat‘
3009 4909 3056 4952 te
3091 4899 3338 4952 Dominus
3369 4915 3522 4970 super

1945 4999 2150 5036 manum
2171 4984 2388 5038 dextera:
2417 4994 2534 5039 tute.
2573 4986 2706 5052 Dixi,
2733 4997 2806 5052 et,
2836 4988 2977 5058 quod
2995 4989 3244 5054 arbitror,
3266 5003 3523 5059 recogno~

1947 5074 2113 5128 vistis.
2146 5074 2375 5128 Si-enim
2404 5091 2508 5130 non
2536 5079 2980 5147 recognovissetis
3000 5120 3016 5144 ,
3047 5088 3104 5132 et
3134 5078 3203 5134 de
3233 5078 3522 5148 Seripturis

1951 5268 2187 5317 vestrum
2229 5259 2358 5314 mihi
2397 5261 2786 5331 signiﬁcaretis.
2835 5260 2976 5330 Ergo
3003 5261 3122 5329 quia
3163 5259 3524 5330 intellexistis,

1949 5353 2140 5405 fratres
2159 5392 2172 5414 ,
2205 5350 2382 5405 videte
2407 5351 2532 5421 quid
2563 5353 2835 5420 sequitur;
2882 5363 3047 5419 quare
3073 5359 3310 5420 protegat
3340 5351 3524 5404 Domi-

1951 5457 2048 5496 nus
2074 5451 2128 5496 et
2164 5455 2323 5511 super
2357 5457 2570 5496 manum
2597 5441 2829 5496 dextera:
2853 5482 2868 5507 ,
2915 5439 2968 5495 id
3005 5451 3122 5508 est,
3167 5456 3328 5511 super
3350 5442 3525 5512 ipsam

1951 5532 2106 5587 tidem
2129 5574 2144 5599 ,
2175 5533 2228 5586 in
2267 5547 2366 5600 qua
2399 5541 2710 5601 potestatem
2741 5531 3045 5600 accepimus
3081 5545 3201 5588 esse
3231 5531 3368 5586 ﬁlios
3406 5532 3521 5596 Dei.

1950 5635 2002 5678 et
2029 5639 2148 5679 esse
2183 5625 2248 5678 ad
2274 5624 2546 5678 dexteram
2575 5642 2587 5677 :
2616 5639 2779 5694 quare
2820 5633 3030 5692 oportet
3059 5633 3118 5679 ut.
3144 5633 3387 5695 protegat
3410 5625 3522 5680 Do~

2012 5737 2030 5768 ¹
2056 5743 2162 5786 Mss.
2185 5735 2396 5799 quidam,
2421 5740 2629 5800 proteget
2655 5749 2666 5784 :
2695 5743 2746 5786 et
2764 5733 2999 5798 nonnulli,
3019 5732 3238 5800 protegit.
