4074 6470
529 334 665 391 (615

529 442 743 503 minus?
783 440 1007 511 Propter
1049 434 1316 492 scandala.
1351 432 1504 490 Unde
1533 442 1655 488 sunt
1692 432 1978 488 scandala?
2022 432 2095 487 De

531 537 739 593 duobus
768 532 997 587 timenda
1017 537 1140 582 sunt
1164 527 1432 593 scandala,
1452 526 1570 596 quia
1602 534 1654 581 et
1683 526 1787 581 duo
1812 535 1936 580 sunt
1964 539 2105 595 pra:-

531 642 677 701 cepta
711 631 763 684 in
789 626 976 696 quibus
1006 631 1115 677 tota
1136 622 1244 676 Lex
1272 620 1464 690 pendet
1491 629 1543 674 et
1566 617 1863 688 Prophetas,
1890 617 2107 672 dilectio

532 723 624 776 Dei
651 730 704 775 et
731 715 951 788 proximi
985 712 1194 783 (Matth.
1226 727 1353 777 χιιι,
1387 710 1595 781 57-40).
1628 709 1864 764 Ecclesia
1891 716 2108 778 propter

532 812 833 883 proximum
858 805 1094 876 diligitur
1122 805 1162 870 ⁸,
1194 802 1335 857 Deus
1361 811 1534 855 autem
1565 810 1779 870 propter
1808 800 1994 854 Deum.
2044 796 2104 852 In

534 904 660 963 Deo,
691 897 999 966 intelligitur
1028 895 1248 963 ﬁgurate
1274 891 1449 946 dictus
1476 890 1554 945 sol
1591 909 1602 943 :
1638 891 1688 943 in
1722 890 1953 944 Ecclesia
1973 930 1987 955 ,
2022 887 2105 942 in-

539 990 790 1058 telligitur
816 988 1037 1057 ﬁgurate
1081 984 1218 1038 dicta
1260 983 1403 1037 luna.
1430 982 1677 1051 Quisquis
1703 989 1877 1050 potest
1900 994 2101 1047 errare,

462 1060 475 1119 ἶ
533 1091 587 1135 ut
611 1079 751 1133 aliud
778 1078 845 1132 de
870 1077 976 1132 Deo
1004 1074 1185 1129 credat
1209 1088 1363 1144 quam
1391 1080 1633 1142 oportet,
1662 1088 1766 1126 non
1792 1072 1974 1129 credat
2001 1071 2105 1125 Pa-

529 1180 664 1226 trem
700 1178 754 1225 et
792 1169 980 1223 Filium
1004 1178 1057 1221 et
1087 1166 1341 1235 Spiritum
1382 1172 1620 1218 sanctum
1651 1163 1804 1217 unius
1834 1176 1952 1215 esse
1977 1161 2104 1215 sub-

529 1266 755 1328 stantiis,
794 1263 1046 1331 deceptus
1075 1268 1153 1315 est
1182 1262 1412 1314 versutia
1443 1258 1829 1319 lucreticorum,
1854 1256 2096 1318 maxime

530 1356 871 1409 Arianorum.
912 1353 967 1407 Si
996 1354 1016 1383 ²
1041 1351 1235 1420 aliquid
1265 1351 1438 1405 minus
1460 1350 1511 1404 iu
1543 1349 1697 1414 Filio,
1724 1358 1815 1403 aut
1843 1350 2017 1403 minus
2047 1352 2101 1404 in

530 1447 726 1516 Spiritu
765 1456 949 1501 sancto
976 1459 1131 1515 quam
1172 1444 1224 1497 in
1267 1443 1421 1498 Patre
1459 1441 1778 1508 crediderit,
1811 1456 1998 1511 passus
2020 1449 2103 1496 est

530 1537 835 1592 scandahun
864 1536 914 1590 in
939 1536 1083 1599 Deo;
1111 1550 1138 1585 a
1161 1533 1272 1587 sole
1308 1532 1493 1586 uritur.
1522 1532 1771 1601 Quisquis
1799 1546 1982 1586 rursus
2007 1546 2104 1601 puo

529 1628 717 1681 tavcrit
749 1626 1035 1681 Ecclesium
1068 1625 1118 1678 in
1150 1639 1249 1677 una
1283 1634 1430 1691 parte
1456 1637 1575 1677 esse
1598 1663 1613 1688 ,
1654 1629 1710 1677 et
1735 1638 1839 1676 non
1866 1636 1982 1676 eam
2008 1636 2103 1676 co-

526 1718 767 1787 gnoverit
792 1716 1035 1771 dilfusam
1082 1723 1192 1768 toto
1229 1714 1356 1768 orbe
1396 1723 1656 1767 terrarum
1686 1754 1701 1779 ,
1743 1722 1795 1767 et
1820 1713 2103 1768 crediderit

528 1808 607 1861 eis
632 1807 719 1877 qui
750 1807 933 1863 dicunt
956 1847 972 1871 ,
1002 1803 1134 1858 Ecce
1171 1804 1252 1857 hic
1280 1814 1351 1857 est
1375 1802 1626 1868 Christus,
1653 1813 1696 1858 et
1724 1820 1832 1857 ecce
1850 1803 1956 1857 illic
1985 1803 2097 1875 (Id.

526 1914 676 1964 xxtv,
707 1900 821 1969 25),
853 1899 991 1954 sicut
1018 1897 1175 1952 modo
1201 1896 1421 1951 audistis
1441 1912 1560 1951 cum
1591 1896 1931 1966 Evangelium
1958 1897 2104 1977 lege-

529 2000 708 2052 retur;
765 2004 885 2043 cum
934 1989 1021 2043 ille
1065 1996 1233 2041 totum
1264 1986 1448 2040 orbem
1477 1986 1702 2050 emerit,
1749 1986 1870 2055 quia
1899 1996 2098 2041 tantum

527 2083 754 2152 pretium
781 2080 926 2135 dedit
954 2098 966 2133 :
1002 2079 1089 2134 ille
1133 2088 1382 2148 tanquam
1414 2078 1466 2132 in
1498 2076 1742 2147 proximo
1769 2076 2100 2132 scandaliza-

524 2186 644 2242 tur;
690 2191 717 2229 a
748 2176 871 2229 luna
906 2175 1097 2229 uritur.
1137 2172 1388 2243 Quisquis
1415 2186 1539 2242 ergo
1569 2179 1712 2225 errat
1750 2170 1802 2224 in
1826 2170 1937 2239 ipsa
1971 2170 2099 2225 sub-

520 2270 716 2326 stantia
757 2268 994 2324 veritatis
1016 2308 1030 2333 ,
1071 2282 1101 2320 a
1140 2265 1254 2321 sole
1286 2265 1456 2319 uritur
1479 2305 1494 2331 ,
1527 2272 1579 2317 et
1604 2278 1699 2332 per
1725 2261 1864 2316 diem
1893 2262 2097 2327 uritur;

521 2362 643 2432 quia
671 2360 724 2415 in
754 2360 863 2429 ipsa
894 2357 1154 2428 sapientia
1180 2363 1355 2419 errat,
1384 2354 1451 2408 de
1479 2368 1580 2422 qua
1610 2352 1809 2407 dictum
1837 2360 1919 2405 est
1938 2393 1952 2414 ,
1983 2351 2101 2405 Dies

523 2452 623 2506 diei
661 2458 852 2505 eructat
894 2449 1097 2503 uerbum
1118 2463 1137 2501 :
1162 2445 1302 2501 unde
1325 2444 1452 2498 dicit
1484 2452 1538 2498 et
1562 2442 1881 2512 Apostolus,
1924 2443 2097 2512 Spiri-

520 2548 738 2603 tualibus
776 2545 1062 2619 spiritualia
1086 2551 1455 2611 comparantes.
1494 2536 1614 2592 Dies
1650 2537 1750 2591 diei
1774 2546 1964 2591 emetat
1985 2553 2097 2590 ver-

522 2642 680 2703 bum;
717 2634 1079 2710 Spiritualibus
1114 2632 1401 2704 spiritualia
1437 2638 1807 2697 comparantes.
1854 2626 1973 2680 Dies
1998 2627 2099 2680 diei

521 2738 711 2783 eructat
751 2727 986 2791 uerbum;
1042 2722 1357 2793 Sapientiam
1400 2719 1650 2788 loquimur
1688 2718 1817 2771 inter
1854 2722 2097 2787 perfectos

521 2818 564 2888 (l
582 2816 698 2871 Cor.
727 2832 786 2879 tt,
810 2816 893 2875 l3,
924 2813 1002 2881 6).
1024 2810 1156 2879 Quid
1175 2820 1277 2875 est,
1298 2808 1362 2862 Et
1383 2824 1483 2863 ηοω
1512 2808 1645 2861 uorti
1661 2807 1923 2861 annuntiat
1944 2808 2098 2860 scien-

522 2909 644 2962 tiam
668 2905 836 2978 (Psal.
866 2919 1030 2965 xvm,
1063 2902 1167 2973 3)?
1215 2900 1454 2955 Parvulis
1488 2898 1801 2968 prmdicatur
1828 2897 2097 2952 humilitas

520 2998 753 3062 Christi.
797 3005 850 3050 ct
894 3008 1018 3049 caro
1044 2992 1277 3055 Christi,
1318 2999 1372 3045 ct
1396 2988 1666 3044 cruciﬁxio
1691 2988 1930 3051 Christi;
1970 2989 2095 3058 quia

520 3090 693 3159 ipsum
720 3096 802 3142 est
837 3086 919 3140 lac
941 3082 1084 3155 quod
1112 3080 1305 3136 sufﬁcit
1330 3080 1581 3149 parvulis.
1631 3078 1697 3132 Et
1726 3078 1844 3132 ideo
1871 3094 1974 3132 non
2006 3094 2094 3132 re-

520 3179 830 3249 linquuntur
850 3176 902 3229 in
938 3182 1094 3229 nocte
1117 3171 1321 3242 parvuli
1346 3211 1362 3236 ,
1393 3170 1515 3239 quia
1548 3169 1687 3223 lucet
1709 3176 1762 3222 et
1787 3169 1907 3223 luna
1933 3170 2091 3223 etiam

518 3270 573 3323 in
603 3277 757 3323 nocte
777 3283 791 3331 ;
822 3266 872 3319 id
896 3273 998 3331 est,
1015 3279 1114 3334 per
1128 3277 1340 3316 carnem
1356 3261 1551 3316 Christi
1574 3260 1891 3329 praedicatur
1905 3260 2092 3314 Eccle-

517 3359 615 3423 sia,
635 3358 755 3428 quia
785 3357 895 3426 ipsa
914 3369 1039 3409 caro
1053 3352 1247 3408 Cbrisﬁ
1271 3361 1428 3422 caput
1448 3351 1699 3406 Ecclesia:
1725 3358 1823 3405 est.
1847 3350 2092 3419 Quisquis

518 3451 590 3506 ibi
618 3464 723 3504 non
749 3445 1155 3507 scandalizatur,
1186 3445 1238 3498 in
1266 3444 1378 3512 ipsa
1404 3443 1639 3502 Ecclesia
1670 3454 1723 3497 et
1750 3457 1910 3498 carne
1930 3441 2089 3497 Chri-

516 3543 612 3598 stri
636 3583 652 3608 ,
697 3557 724 3594 a
749 3540 867 3594 luna
910 3553 1015 3592 non
1043 3538 1231 3591 uritur.
1272 3536 1524 3605 Quisquis
1563 3534 1950 3589 scandalizatus
1979 3549 2084 3589 non

518 3633 675 3688 fuerit
704 3632 755 3685 in
785 3631 1005 3684 veritate
1047 3628 1135 3682 illa
1173 3625 1591 3681 iacommutabili
1629 3634 1682 3680 et
1707 3626 2092 3679 incontamina-

515 3724 648 3787 bili,
675 3737 705 3776 a
734 3722 848 3775 sole
885 3735 991 3773 non
1031 3719 1198 3771 uritur
1228 3716 1250 3748 ³
1284 3734 1295 3769 :
1328 3731 1433 3770 non
1470 3716 1572 3769 isto
1609 3714 1721 3770 sole
1750 3732 1854 3769 non
1895 3716 2086 3785 uritur,

516 3831 670 3887 quem
713 3814 991 3868 nobiscum
1038 3810 1218 3865 vident
1262 3823 1456 3862 musca:
1493 3815 1547 3862 et
1592 3822 1820 3876 pecora;
1865 3808 1958 3862 sed
1998 3808 2090 3863 illo

515 3908 629 3962 sole
663 3903 730 3959 de
758 3919 865 3974 quo
909 3902 1091 3957 dicunt
1118 3899 1262 3969 impii
1294 3899 1344 3952 in
1378 3897 1516 3961 ﬁne,
1564 3897 1700 3963 Quid
1726 3898 1865 3951 nobis
1900 3899 2089 3968 profuit

514 3997 783 4067 superbia?
826 4005 873 4049 et
912 3994 1203 4047 divitiarum
1243 3991 1451 4059 iactatio
1494 3989 1616 4058 quid
1657 3991 1867 4043 contulit
1902 3989 2089 4045 nobis?

516 4086 843 4140 Transierunt
866 4084 1035 4137 omnia
1066 4091 1306 4151 tanquam
1333 4079 1528 4134 umbra.
1560 4080 1627 4133 Et
1651 4095 1769 4133 cum
1796 4079 1893 4133 ista
1918 4079 2085 4135 dixis-

513 4186 632 4232 sent
662 4193 674 4228 :
708 4174 876 4245 Ergo,
916 4173 1178 4243 inquiunt,
1208 4170 1481 4225 mouimus
1506 4185 1537 4221 a
1561 4169 1640 4221 uia
1668 4168 1887 4222 veritatis
1921 4178 1967 4223 ct
1995 4170 2087 4238 ju-

513 4268 663 4321 stitite
687 4264 852 4319 lumen
879 4279 977 4318 non
1006 4261 1133 4315 luxit
1158 4259 1325 4324 nobis,
1359 4267 1403 4312 et
1430 4258 1507 4313 sol
1540 4274 1641 4311 nou
1675 4268 1816 4311 ortus
1846 4266 1917 4311 est
1946 4258 2086 4313 nobis

512 4356 673 4426 (Sap.
702 4369 737 4408 ν
760 4394 777 4418 ,
808 4351 954 4424 6-9).
984 4350 1249 4419 Numquid
1275 4361 1383 4404 non
1410 4348 1509 4403 iste
1536 4347 1614 4403 sol
1640 4348 1884 4402 omnibus
1912 4348 2086 4417 impiis

511 4448 711 4509 oritur,
755 4445 846 4499 illo
877 4443 1184 4497 instituente
1209 4440 1274 4495 de
1300 4454 1408 4509 quo
1445 4438 1641 4493 dictum
1678 4446 1797 4492 est:
1830 4439 1931 4503 Qui
1963 4440 2085 4509 facit

512 4538 666 4589 solem
691 4551 835 4586 suum
868 4532 990 4586 oriri
1021 4547 1170 4601 super
1194 4530 1350 4584 bonos
1371 4539 1420 4583 et
1445 4529 1605 4582 malos
1627 4527 1836 4600 (Matth.
1867 4544 1918 4594 v,
1949 4528 2085 4602 ιδῃ

510 4628 650 4695 Ergo
677 4627 836 4679 alium
865 4624 1031 4678 solem
1066 4623 1187 4676 fecit
1218 4622 1390 4685 Deus,
1420 4622 1508 4690 qui
1535 4621 1701 4673 oritur
1726 4634 1887 4689 super
1915 4620 2083 4676 bonos

507 4727 563 4772 et
592 4719 757 4771 malos
778 4759 792 4782 ,
826 4716 983 4769 istum
1019 4731 1175 4784 quem
1216 4713 1399 4768 vident
1435 4721 1489 4768 et
1519 4712 1642 4766 boni
1676 4720 1730 4767 ct
1758 4713 1916 4779 mali;
1942 4714 2081 4793 alius

505 4819 585 4863 est
612 4817 786 4862 autem
816 4807 902 4860 ille
936 4806 1035 4871 sol,
1067 4820 1171 4859 non
1205 4803 1393 4868 lactus,
1425 4802 1519 4857 scd
1547 4803 1777 4872 genitus,
1804 4817 2078 4873 perquem

565 4961 583 4994 ι
610 4962 683 5011 Sic
705 4962 853 5021 nostri
874 4971 1051 5021 omnes
1070 4965 1175 5021 uss.
1197 4965 1251 5007 At
1280 4956 1416 5017 add,
1438 4952 1649 5006 Ecclesia
1671 4961 1866 5021 propter
1905 4962 2079 5020 Deton,

495 5021 550 5074 in
565 5030 672 5091 ‘Deo
688 5019 942 5091 μνοιάιῃω
964 5017 1198 5091 diligitur,
1229 5026 1354 5069 Deus
1371 5024 1544 5091 autem.
1570 5017 1690 5091 ειεεζ
1736 5017 1780 5091 θ’.
1818 5090 1821 5091 ί
1906 5087 1913 5091 ,
1950 5078 1961 5090 .

563 5086 585 5117 ⁸
601 5085 743 5148 Paris,
770 5090 822 5132 et
856 5089 971 5131 Ven.
1012 5081 1311 5143 antiquiores
1345 5081 1621 5148 editiones;
1647 5081 1854 5148 maxime;

501 5158 630 5212 rum,
655 5142 740 5212 qui
760 5152 859 5212 tres
881 5140 1440 5212 upostasas'upost:;s.eis,
1458 5140 1515 5210 id
1538 5145 1623 5210 est,
1658 5145 1756 5212 tres
1772 5140 2079 5212 subsistentes

496 5201 784 5257 substantias
823 5201 1198 5264 imrbduxerunt
1214 5214 1233 5263 ,°
1265 5201 1741 5264 sedgineimiserantc
1763 5201 1949 5264 auxilio
1971 5201 2076 5264 pri-

495 5279 605 5319 mus
650 5265 795 5328 hujus
833 5270 999 5315 auctor
1021 5261 1221 5315 erroris”
1236 5262 1409 5331 exsilio
1441 5262 1696 5331 denotatus
1735 5261 2077 5331 catholicorum

495 5336 692 5399 ίίξινωη
707 5324 957 5399 rerum,
980 5325 1310 5399 ηυῖιιιιιωηέιά
1328 5324 1700 5399 ωηιηιωξίωξξῖη
1714 5324 2075 5399 saetiger?

492 5385 827 5454 interveniente
862 5385 1145 5454 pervenisse.
1172 5385 1321 5454 Atius
1343 5399 1458 5454 pero
1492 5398 1578 5454 per
1600 5390 1745 5434 totum
1767 5385 1972 5454 orientis
1995 5396 2073 5454 re-

489 5450 709 5513 gionem,
735 5442 886 5514 digna
905 5445 1220 5514 et__consimiti
1254 5447 1478 5514 multatus
1492 5442 1577 5514 'cst
1601 5458 1757 5510 pinna.
1798 5442 1891 5514 sed
1908 5442 1953 5493 si
1978 5444 2072 5513 ati-

491 5503 599 5573 ams
620 5503 892 5573 horuui'vet
908 5509 1141 5573 alienun,
1166 5514 1218 5559 ut
1241 5507 1350 5559 diei
1363 5543 1380 5568 ,
1403 5503 1628 5571 deceptus
1659 5504 1841 5556 erroris
1860 5504 2069 5567 vesania,

491 5571 676 5639 aliquid
701 5572 857 5639 minus
874 5571 929 5639 in
949 5571 1071 5622 Filio
1088 5607 1102 5629 ,
1134 5577 1248 5630 aut,
1275 5578 1369 5621 etc.
1524 5629 1537 5639 ,
1664 5635 1674 5639 _
1762 5626 1775 5637 ,

556 5625 583 5666 ε
613 5646 708 5683 Αω.
736 5643 787 5683 et
804 5632 1032 5705 plerique
1054 5625 1160 5705 uss.
1184 5625 1293 5705 post
1308 5645 1495 5691 vocem,

488 5705 758 5756 sequuntur
772 5693 846 5743 sic
861 5709 873 5745 :
899 5693 1053 5756 nonin
1069 5694 1160 5756 isto
1180 5693 1294 5749 Sole.
1308 5706 1448 5756 quem
1460 5693 1703 5743 uobiscwn
1719 5693 1876 5743 vident
1890 5700 2070 5740 musci:

490 5755 867 5816 «permanet!
891 5755 1174 5815 irtillasole,
1201 5763 1299 5806 etc.

1764 320 1820 375 S.
1862 317 2228 377 AUGUSan
2266 320 2564 383 EPISCOPI

3647 348 3784 406 £616

2221 435 2357 493 facta
2380 450 2504 496 sunt
2528 443 2726 511 omnia,
2756 444 2841 500 ubi
2869 454 2948 500 cst
2978 447 3321 522 intelligentia
3343 455 3784 521 incommutabilis

2215 532 2489 586 veritatis:
2515 534 2583 589 de
2626 536 2740 605 ipso
2782 537 2962 595 dicunt
2987 542 3169 612 impii,
3205 543 3273 599 Et
3306 548 3383 601 sol
3416 566 3518 605 non
3550 564 3689 610 ortus
3713 566 3784 613 est

2215 621 2420 675 nobis’.
2479 623 2728 695 Quisquis
2771 627 2821 682 in
2866 630 2976 699 ipsa
3022 635 3281 701 sapientia
3323 652 3426 693 non
3470 652 3643 708 errat,
3675 663 3781 704 non

2212 713 2384 767 uritur
2411 728 2440 768 a
2474 717 2606 770 sole.
2649 719 2899 789 Quisquis
2940 722 2992 777 in
3027 724 3258 781 Ecclesia
3279 769 3295 795 ,
3325 738 3379 785 et
3415 731 3468 786 in
3492 749 3653 791 carne
3682 738 3786 794 Do-

2213 802 2360 869 mini,
2389 813 2443 859 et
2468 806 2519 859 in
2542 808 2621 861 his
2643 825 2760 878 quae
2789 826 2885 880 pro
2909 813 3061 869 nobis
3083 821 3443 886 temporaliter
3462 835 3611 894 gesta
3636 838 3783 897 sunt,

2212 908 2316 947 non
2353 906 2525 963 errat,
2565 914 2671 954 non
2716 903 2885 957 uritur
2910 919 2939 958 a
2985 905 3127 960 luna.
3177 907 3363 965 Omnis
3402 924 3578 969 autem
3625 917 3785 975 homo

2210 987 2452 1053 quamvis
2481 988 2589 1057 jam
2633 992 2919 1047 crediderit
2958 995 3008 1049 in
3039 996 3307 1053 Christum
3333 1042 3347 1065 ,
3388 1014 3479 1058 aut
3516 1006 3588 1061 ibi
3618 1022 3781 1074 errat,

2209 1084 2299 1129 aut
2329 1076 2399 1131 ibi
2424 1079 2476 1143 ³,
2510 1080 2553 1133 si
2579 1095 2683 1135 non
2715 1082 2767 1137 in
2796 1085 2889 1138 illo
2914 1085 2971 1138 ﬁt
2999 1089 3137 1157 quod
3164 1089 3359 1146 dictum
3387 1103 3470 1149 est
3489 1137 3504 1160 ,
3536 1097 3785 1156 Dominus

2208 1172 2544 1235 tegumentum
2585 1179 2724 1225 tuum
2760 1190 2911 1244 super
2946 1193 3150 1233 manuni
3193 1183 3414 1239 dextera:
3450 1195 3549 1241 tute
3572 1188 3615 1243 ⁸.
3660 1189 3786 1245 Ideo

2208 1255 2349 1308 enim
2372 1271 2490 1311 cum
2516 1260 2735 1317 dixisset
2760 1306 2774 1330 ,
2823 1265 3070 1323 Dominus
3106 1281 3440 1341 tegumentum
3467 1286 3607 1332 tuum
3634 1298 3786 1350 super

2208 1363 2413 1402 manum
2450 1350 2669 1406 dextera:
2698 1365 2832 1419 tua;
2870 1362 3017 1426 quasi
3044 1364 3320 1430 quaesisset
3346 1366 3434 1421 ille
3456 1378 3509 1423 et
3537 1370 3782 1438 dixisset,

2206 1436 2321 1493 Jam
2348 1456 2472 1496 ecce
2501 1452 2582 1498 est
2609 1460 2793 1500 manus
2822 1448 3054 1506 dextera:
3084 1468 3237 1517 mere,
3263 1456 3371 1524 jam
3400 1459 3531 1529 elegi
3560 1462 3785 1520 credere

2208 1531 2259 1586 in
2289 1533 2555 1591 Christum
2574 1580 2587 1601 ,
2633 1541 2813 1609 accepi
2844 1551 3155 1611 potestatem
3188 1547 3324 1601 inter
3352 1548 3490 1605 ﬁlios
3520 1552 3608 1607 Dei
3639 1570 3781 1620 esse,

2206 1623 2332 1693 quid
2379 1635 2461 1681 cst
2515 1628 2653 1698 qnod
2701 1630 2839 1687 Deus
2878 1642 3238 1704 tegumentum
3284 1654 3460 1695 meum
3492 1652 3573 1697 cst
3609 1645 3787 1702 adhuc

2205 1730 2363 1787 supra
2392 1759 2405 1783 ,
2436 1720 2486 1774 id
2519 1731 2631 1790 est,
2658 1741 2811 1795 super
2847 1745 3055 1783 manum
3078 1732 3299 1788 dexterae
3320 1738 3491 1791 meae?
3517 1744 3782 1810 sequitur,

2205 1807 2310 1863 Per
2335 1810 2468 1865 diem
2495 1814 2573 1867 sol
2594 1832 2695 1870 non
2730 1828 2839 1872 uret
2872 1829 2919 1874 te
2939 1862 2955 1885 ,
2988 1838 3144 1893 neque
3169 1824 3291 1878 luna
3325 1844 3413 1897 per
3438 1807 3651 1885 noctem.
3701 1807 3784 1888 Ad

2206 1897 2306 1953 hoc
2331 1900 2487 1970 igitur
2516 1911 2875 1973 tegumentum
2910 1920 3052 1964 tuum
3079 1923 3160 1966 est
3180 1929 3340 1983 super
3357 1933 3566 1972 manum
3596 1920 3784 1976 dexte-

2204 2005 2278 2044 ra:
2304 2000 2407 2047 tua:
2430 2034 2443 2057 ,
2476 2003 2534 2049 ut
2559 2012 2663 2050 non
2689 2008 2740 2053 te
2767 2010 2884 2055 urat
2903 2003 2979 2057 sol
3007 2018 3101 2073 per
3119 2005 3257 2061 diem
3280 2050 3293 2071 ,
3322 2024 3494 2080 neque
3530 2011 3653 2066 luna
3688 2030 3786 2081 per

2204 2095 2434 2139 noctem.
2479 2087 2609 2141 Nam
2640 2089 2761 2146 hinc
2787 2094 3065 2165 intelligite
3087 2138 3104 2164 ,
3154 2101 3343 2156 fratres
3363 2143 3377 2163 ,
3410 2104 3531 2173 quia
3557 2104 3785 2176 ﬁgurate

2203 2174 2401 2231 dictum
2430 2187 2530 2233 est.
2578 2182 2785 2237 Etenim
2818 2200 3003 2241 revera
3028 2230 3043 2252 ,
3076 2189 3243 2245 solem
3272 2193 3530 2249 visibilem
3557 2174 3785 2267 siicogi-

2204 2274 2396 2331 temus,
2429 2270 2532 2323 urit
2550 2286 2644 2339 per
2662 2272 2800 2327 diem
2835 2291 2850 2328 :
2875 2277 3127 2345 numquid
3145 2280 3263 2334 luna
3291 2283 3394 2336 urit
3410 2300 3506 2353 per
3529 2288 3787 2342 noctem?

2203 2356 2307 2412 Sed
2330 2359 2454 2428 quid
2483 2369 2565 2415 est
2592 2363 2777 2417 us:io?
2809 2364 3148 2422 Scandalum.
3192 2371 3329 2425 Audi
3359 2375 3669 2441 Apostolum
3700 2378 3787 2432 di-

2201 2459 2407 2505 centem
2429 2492 2444 2516 ,
2489 2453 2613 2518 Quis
2653 2456 2975 2525 inﬁrmatur,
3010 2470 3055 2514 et
3100 2479 3189 2531 ego
3218 2481 3317 2517 non
3352 2468 3629 2534 inﬁrmor?
3668 2472 3788 2541 quis

2200 2540 2590 2606 scandalizatur,
2619 2555 2665 2597 et
2683 2564 2770 2613 ego
2795 2565 2895 2601 non
2917 2566 3035 2602 uror
3056 2550 3120 2614 (ll
3148 2550 3265 2606 Cor.
3298 2569 3370 2613 ιι,
3402 2555 3532 2625 29)?

2272 2633 2359 2687 15.
2383 2632 2541 2705 iners.
2577 2636 2653 2709 7.]
2685 2637 2786 2691 Per
2811 2641 2942 2692 client
2982 2657 3110 2711 ergo
3141 2646 3219 2698 sol
3253 2663 3350 2699 non
3374 2658 3484 2702 uret
3512 2658 3590 2714 te,
3623 2667 3786 2721 neque

2200 2722 2321 2776 luna
2365 2741 2455 2795 per
2502 2736 2719 2780 noctem.
2768 2730 2987 2796 Quare?
3029 2734 3160 2798 Quia
3211 2735 3451 2791 Dominus
3490 2741 3785 2796 custodiet‘

2201 2822 2248 2866 te
2273 2814 2336 2866 ab
2365 2818 2501 2868 omni
2542 2820 2695 2871 malo.
2743 2819 2782 2873 A
2824 2822 3168 2878 scandulis-iu
3196 2828 3307 2881 sole
3326 2868 3343 2893 ,
3373 2844 3401 2882 a
3433 2832 3697 2887 scandulis
3726 2835 3787 2888 in

2199 2902 2343 2967 luna,
2370 2906 2437 2958 al)
2462 2908 2604 2960 omni
2633 2909 2771 2963 malo
2799 2918 2848 2964 te
2869 2911 3167 2980 custodiet,
3198 2915 3287 2985 qui
3311 2926 3392 2971 est
3413 2926 3783 2988 tegumentum

2199 3001 2344 3047 tuum
2380 3009 2541 3064 super
2584 3013 2795 3052 manum
2842 3002 3076 3057 dextera:
3112 3012 3215 3059 tua:
3241 3047 3256 3071 ,
3298 3009 3384 3076 qui
3425 3024 3530 3063 non
3557 3010 3783 3077 dormit,

2197 3098 2368 3153 neque
2385 3084 2710 3142 dormitabit.
2737 3090 2802 3144 Et
2832 3091 2897 3145 ad
2920 3109 3079 3162 quam
3105 3098 3259 3150 rem?
3290 3097 3500 3165 Quia‘in
3520 3106 3785 3158 tentatio-

2198 3176 2352 3230 nibus
2381 3191 2564 3233 sumus
2595 3197 2607 3233 :
2640 3179 2891 3237 Dominus
2910 3187 3153 3241 custodiet
3173 3198 3220 3244 te
3239 3191 3302 3244 ab
3328 3193 3465 3246 omni
3492 3196 3645 3249 malo.
3678 3195 3781 3251 Cu-

2196 3272 2381 3325 stodiat
2408 3275 2790 3347 animamtuam
2813 3277 3062 3334 Dominus
3095 3284 3295 3338 :etiam
3330 3286 3494 3357 ipsam
3516 3290 3777 3346 animam.

2195 3363 2451 3420 Custodiat
2484 3367 2741 3422 introitum
2767 3381 2903 3423 tuum
2929 3383 2975 3426 et
3001 3376 3190 3429 exitum
3221 3386 3391 3442 tuum,
3422 3394 3485 3432 ea:
3510 3381 3603 3433 hoc
3640 3397 3782 3436 nunc

2194 3465 2241 3508 et
2270 3472 2423 3525 usque
2460 3458 2512 3511 in
2538 3461 2797 3514 steculum.
2849 3462 2965 3518 Non
2993 3466 3142 3534 quasi
3168 3483 3361 3538 corpus
3391 3478 3535 3525 trium
3564 3472 3614 3537 ';
3649 3490 3779 3529 nam

2193 3545 2248 3601 in
2302 3563 2526 3618 corpore
2572 3554 2829 3624 perempti
2876 3563 3001 3609 sunt
3046 3566 3308 3630 martyres
3339 3578 3351 3613 :
3380 3561 3473 3616 sed
3522 3565 3783 3619 custodiat

2193 3638 2413 3691 animum
2438 3639 2891 3708 tuam‘Domiuus;
2917 3645 3038 3715 quia
3064 3646 3131 3701 de
3159 3650 3332 3702 anima
3364 3666 3467 3705 non
3494 3664 3782 3708 cesserunt

2194 3737 2473 3799 martyres.
2518 3730 2585 3785 Et
2608 3721 2896 3789 smviebant
2919 3748 3289 3805 persecutores
3318 3741 3370 3794 in
3398 3742 3695 3812 CriSpinam
3724 3745 3777 3809 ⁸,

2191 3817 2342 3887 cujus
2369 3819 2526 3874 hodie
2551 3823 2784 3877 natalitia
2811 3825 3175 3892 celebramus;
3218 3832 3507 3886 saeviebant
3534 3834 3584 3886 in
3612 3833 3784 3889 femi-

2191 3924 2314 3965 nam
2344 3911 2558 3968 divitem
2586 3922 2640 3968 et
2658 3914 2938 3971 delicatam
2972 3935 2986 3971 :
3018 3918 3112 3973 sed
3143 3917 3295 3976 fortis
3324 3931 3440 3977 erat
3464 3965 3479 3989 ,
3507 3926 3628 3994 quia
3662 3926 3776 3979 Do-

2190 4004 2365 4058 minus
2393 4012 2751 4075 tegumentum
2784 4008 2899 4076 ejus
2922 4023 3082 4079 super
3116 4026 3329 4067 manum
3355 4012 3588 4070 dextera:
3622 4015 3767 4085 ejus,

2189 4093 2283 4149 ille
2306 4094 2397 4164 qui
2441 4110 2558 4149 eam
2587 4097 2933 4153 custodiebat.
2988 4100 3136 4155 llanc
3174 4102 3337 4169 enim,
3372 4102 3585 4169 fratres,
3611 4120 3775 4158 nunt-

2190 4185 2313 4254 quid
2340 4194 2422 4240 est
2449 4186 2538 4256 qui
2563 4187 2613 4240 iu
2643 4188 2817 4244 Africa
2848 4190 3091 4260 ignoret?
3134 4191 3439 4248 Clarissima
3479 4194 3620 4249 enim
3650 4194 3772 4258 fuit.

2254 4341 2270 4373 ι
2306 4341 2389 4391 Hic
2406 4343 2545 4393 Palis.
2568 4349 2620 4393 et
2637 4350 2753 4394 Ven.
2778 4344 3076 4399 antiquiores
3098 4345 3337 4397 editiones
3359 4345 3405 4395 id
3425 4348 3657 4398 insertum
3679 4349 3774 4399 ba-

2186 4399 2309 4474 bent
2326 4416 2354 4474 ε,
2370 4411 2437 4474 ηε
2459 4403 2548 4474 hoc
2564 4404 2662 4474 sole
2680 4411 2814 4474 pater
2840 4399 3122 4474 Athanasius
3149 4407 3499 4474 gleasandtinus
3521 4410 3774 4474 episcopus

2185 4460 2255 4512 ita
2272 4462 2471 4533 pulchre
2493 4460 2690 4515 locutus'
2703 4472 2803 4515 est:
2833 4466 2999 4533 Filius,
3027 4467 3197 4533 inquit,
3239 4469 3323 4519 Dei
3343 4483 3372 4520 α
3391 4477 3534 4533 Patre
3548 4460 3650 4521 'salo
3665 4460 3773 4533 est}

2187 4536 2279 4572 non
2303 4526 2475 4585 factus,
2499 4539 2585 4575 nec
2608 4534 2816 4585 creatus,
2838 4530 2923 4578 sed
2956 4528 3140 4593 gt‘uitus
3164 4544 3177 4579 :
3201 4544 3262 4580 ex
3282 4545 3380 4593 quo
3403 4532 3632 4583 videlicet
3654 4526 3771 4583 vos;

2188 4588 2396 4634 sevinus
2415 4588 2461 4634 in
2486 4596 2657 4644 Appar.
2684 4602 2803 4637 voce
2832 4624 2843 4634 ,ν
2864 4589 3127 4644 ιὴιυιαδὶίιε.
3153 4604 3204 4642 et
3221 4595 3472 4643 Turrensis
3495 4595 3542 4641 in
3576 4594 3767 4644 praefat.

3633 4610 3767 4645 κω.

2188 4609 2273 4634 θεν
2289 4609 2396 4633 ιιιιιδ
2417 4609 2461 4634 ιιι
2486 4609 2657 4649 appar.
2686 4609 2803 4637 voce
2832 4624 2843 4634 ι
2864 4609 3127 4651 uuutasus,
3153 4609 3204 4642 ει
3231 4609 3472 4643 ιυιτειλδιδ
3495 4609 3542 4641 ιη
3573 4609 3759 4667 ρι’ωιὲι.

2186 4648 2246 4714 ad
2259 4647 2594 4714 confessiones
2619 4660 2732 4714 Aug.
2757 4661 2818 4714 ac
2840 4651 3153 4703 Bellarmiuus
3170 4655 3216 4701 in
3241 4652 3324 4702 lib.
3342 4653 3450 4702 Ede
3478 4655 3683 4714 Christo,
3708 4669 3759 4707 c.

2185 4706 2264 4787 «ξδ,
2289 4710 2560 4787 syinluilum
2583 4706 2727 4787 vulgto
3019 4716 3197 4787 dictum
3233 4716 3393 4787 eidem
3524 4706 3774 4787 assertum

2186 4772 2433 4834 augustini
2458 4773 2743 4834 auctoritate
2768 4781 2952 4834 putant.
2971 4781 3143 4824 Contra
3163 4788 3277 4824 vero
3295 4772 3513 4826 Petavius
3535 4779 3583 4826 in
3607 4778 3772 4828 Theo-

2186 4827 2285 4891 iog'.
2306 4832 2515 4889 dogmat.
2535 4832 2599 4880 de
2619 4827 2784 4881 't‘riuit'.
2807 4834 2890 4882 un.
2913 4836 2961 4893 7,
2981 4848 3025 4884 c.
3050 4836 3101 4894 8,
3119 4849 3167 4885 η.
3188 4838 3239 4889 7.
3264 4840 3413 4886 verba
3426 4836 3507 4887 illa
3523 4838 3639 4888 dicit
3653 4827 3774 4888 fuis-

2184 4903 2241 4939 se
2276 4894 2537 4959 Augustino
2570 4900 2760 4943 temere
2782 4904 2943 4959 assuta
2962 4910 2976 4945 :
2992 4910 3113 4959 ,qute
3135 4910 3315 4959 revera
3336 4900 3513 4949 altsunt
3533 4910 3568 4949 tl.
3585 4904 3769 4950 nostris

2182 4954 2408 5027 omnibus
2432 4961 2540 5027 Mss;
2562 4967 2656 5027 nec
2680 4958 2989 5027 reperiuntur
3086 4958 3234 5027 editis
3257 4967 3367 5027 Am:
3382 4966 3456 5027 ξὶιι.
3482 4966 3667 5027 etLov.

2247 5016 2267 5044 ³
2290 5015 2361 5062 sic
2388 5024 2485 5080 Ain.
2512 5020 2585 5064 Er.
2607 5022 2659 5067 et
2686 5014 2867 5080 aliquot
2883 5025 2991 5068 Mss.
3014 5026 3069 5069 At
3085 5019 3399 5078 wv.,autibi
3415 5026 3571 5080 errat,
3590 5028 3675 5073 aut
3693 5020 3764 5072 ibt

2246 5139 2433 5206 f_lugd._
2464 5144 2636 5187 Venet.
2668 5137 2762 5206 hic,
2784 5138 2979 5197 addunt.
3012 5139 3154 5204 quasi
3190 5153 3279 5206 per
3306 5140 3442 5193 diem
3470 5155 3503 5192 α
3533 5141 3673 5204 sole,
3708 5150 3757 5196 ει

2181 5194 2858 5274 υνέιιέτῑιβηηαρφτειοᾷιςιη-
2953 5194 3036 5250 δι’

2242 5260 2265 5289 ⁴
2289 5258 2512 5324 Plerique
2527 5258 2646 5324 izss.
2666 5263 2715 5309 in
2738 5262 2830 5311 isto
2847 5274 2993 5311 versu
3023 5270 3320 5324 constanter,
3342 5263 3578 5315 custodiat
3598 5271 3643 5315 te
3668 5278 3683 5315 :
3707 5274 3760 5316 et

2178 5325 2365 5388 contra
2384 5321 2445 5388 in.
2466 5322 2805 5388 subsequenti,
2842 5336 2948 5385 pro,
2988 5326 3225 5376 custodiat
3251 5321 3516 5387 introitum,
3552 5328 3758 5385 habent,

2178 5380 2705 5457 “f‘ﬂditi'fn‘roiima
2782 5380 2859 5457 ;-f
2933 5380 2970 5456 ⁷.
3030 5445 3042 5455 .
3235 5445 3248 5457 .
3408 5456 3413 5457 ν
3489 5380 3513 5457 ,⁷
3552 5446 3586 5457 ..

2239 5442 2529 5508 flantum].
2557 5450 2748 5494 Venet.:
2776 5443 2930 5495 Etiam
2950 5445 3001 5496 in
3022 5445 3130 5508 ipsa
3165 5445 3344 5499 anima.
3387 5446 3635 5499 custodiat
3657 5456 3755 5499 Do-

2174 5501 2653 5579 nrinus_introittun._..
2672 5511 2717 5554 et
2738 5518 2830 5579 non
2852 5511 2990 5579 quasi
3009 5501 3184 5579 corpus
3203 5517 3354 5579 tuum.
3369 5568 3396 5579 γ’
3451 5518 3507 5561 Μ.

2240 5567 2260 5596 ⁸
2279 5566 2520 5633 Editioncs
2542 5568 2750 5630 antiquas
2774 5566 2915 5633 Paris.
2940 5578 2992 5619 et
3008 5566 3197 5630 Venet.,
3219 5568 3557 5621 Christianam.
3576 5578 3679 5620 Am.
3702 5577 3752 5633 et

2173 5631 2269 5686 En,
2304 5625 2609 5695 (origanum.
2644 5625 2939 5695 Sangarius
2961 5636 3153 5695 Latet
3182 5625 3617 5695 Mss.,_('rispiuam
3639 5644 3659 5683 :
3678 5632 3751 5695 uti

2172 5700 2341 5737 rursus
2361 5687 2547 5755 intrain
2569 5688 2685 5737 Psal.
2715 5690 2819 5755 157,
2844 5691 2903 5739 ad
2928 5704 3055 5755 vers.
3080 5694 3129 5740 7.
3155 5699 3266 5744 nec
3286 5687 3543 5744 Thebesta
3564 5696 3613 5747 in
3632 5693 3750 5755 Atli-

2175 5760 2233 5798 ca
2256 5760 2392 5811 passa
2414 5748 2692 5800 celebratur
2710 5753 2849 5801 nonis
2869 5754 3162 5804 decembris.

2188 4588 2396 4651 sevinus
2415 4588 2466 4651 in,
2486 4596 2657 4649 Appar.
2684 4602 2803 4637 voce
2832 4624 2843 4634 ,ν
2864 4588 3127 4651 ιὴιυὶαδὶίιε,
3153 4604 3204 4642 et
3221 4588 3472 4643 Turrensis
3495 4595 3542 4641 in
