4074 6472
303 343 450 408 liii?

309 458 506 518 nobilis
543 465 739 528 genere
758 491 776 520 ,
819 449 1097 506 abundans
1137 446 1340 505 divitiis
1371 466 1385 502 :
1417 447 1514 502 sed
1557 445 1672 502 haec
1713 445 1894 500 omnia

305 551 528 608 sinistra
551 557 743 612 erant,
785 544 888 600 sub
926 542 1098 612 capite
1124 549 1296 596 erant.
1347 537 1506 593 Venit
1530 537 1774 592 inimicus
1801 536 1896 607 qui

307 641 498 700 feriret
515 647 698 709 caput,
727 643 782 692 et
801 635 1015 690 sinistra
1043 631 1118 687 illi
1143 632 1348 702 objecta
1372 639 1477 690 est,
1505 643 1624 699 quae
1649 635 1764 682 erat
1792 625 1904 682 sub

305 731 507 802 capite.
533 729 703 798 Caput
730 742 888 796 supra
915 733 1050 789 erat,
1075 722 1293 776 dextera
1315 721 1545 789 desuper
1568 717 1900 786 complecte-r

311 821 493 880 batur.
534 819 674 886 Quid
719 824 924 888 poterat
965 817 1135 868 facere
1174 821 1505 881 persecutor.
1533 809 1774 877 quamvis
1799 808 1903 862 dev

305 911 485 970 licata
511 909 756 966 feminae?
803 908 929 962 Erat
950 905 1160 975 quidem
1196 903 1282 956 illa
1303 917 1434 957 sexu
1459 900 1667 954 infirma
1694 941 1708 963 ,
1740 907 1792 952 et
1811 898 1905 952 di-

305 1004 464 1058 vitiis
489 1003 625 1058 forte
655 999 984 1070 languidior,
1030 1009 1084 1051 et
1105 993 1486 1052 cmsuetudiae
1512 991 1775 1060 corporali
1807 989 1898 1042 in-

303 1093 548 1160 ﬁrmior;
573 1091 666 1148 sed
692 1091 815 1161 quid
841 1088 906 1143 ad
935 1097 1076 1143 tanta
1108 1087 1429 1140 munimenta
1451 1083 1473 1136 ?
1496 1081 1623 1153 quid
1651 1082 1715 1134 ad
1745 1081 1898 1134 illum

301 1199 566 1254 sponsum
597 1185 895 1238 mittentem
924 1179 1193 1234 sinistram
1233 1177 1330 1230 sub
1367 1183 1526 1245 caput
1546 1214 1565 1240 ,
1593 1181 1650 1228 et
1672 1172 1894 1228 dextera

307 1289 412 1332 sua
456 1273 948 1344 complectentem?
995 1271 1216 1336 Quando
1243 1269 1324 1323 sic
1363 1268 1620 1322 munitam
1651 1275 1896 1335 percute-

303 1374 398 1422 ret
417 1366 702 1420 inimicus?
727 1364 793 1418 Et
817 1373 992 1417 tamen
1021 1361 1301 1431 percussit,
1329 1357 1424 1413 sed
1451 1357 1502 1412 in
1521 1373 1735 1426 corpus.
1757 1353 1893 1424 Quid

301 1467 487 1514 autem
515 1457 642 1512 dicit
680 1455 960 1510 Psalmus?
1013 1451 1270 1508 Custodiat
1295 1450 1515 1504 animum
1550 1457 1690 1502 tuam
1717 1445 1896 1500 Domi-

309 1565 427 1606 nus.
478 1551 668 1604 Anima
708 1563 814 1602 non
857 1545 1056 1610 cessit,
1105 1559 1300 1614 corpus
1343 1557 1652 1620 percussum
1678 1549 1780 1594 est.
1831 1537 1898 1591 Et

305 1653 506 1710 corpus
530 1640 596 1694 ad
617 1646 826 1707 tempus
854 1640 1159 1706 percussum
1188 1645 1268 1689 est
1303 1652 1314 1687 :
1345 1649 1466 1688 nam
1497 1632 1548 1686 in
1581 1634 1687 1686 fine
1715 1644 1902 1686 resur-

309 1737 583 1785 recturum
613 1736 714 1782 est.
761 1727 893 1796 Quia
923 1736 978 1782 et
1007 1728 1120 1796 ipse
1157 1726 1246 1796 qui
1277 1724 1523 1795 dignatus
1551 1731 1775 1777 estesse
1797 1735 1897 1775 ca-

307 1827 409 1890 put
431 1817 692 1874 Ecclesia:
710 1857 727 1882 ,
773 1817 999 1887 praibuit
1041 1832 1232 1888 corpus
1261 1831 1414 1871 suum
1443 1814 1509 1868 ad
1540 1823 1748 1883 tempus
1774 1827 1898 1882 per-

305 1908 619 1963 cutiendum
649 1927 663 1962 :
696 1909 788 1964 sed
804 1923 1019 1963 carnem
1047 1923 1195 1962 suam
1219 1907 1306 1962 ille
1331 1905 1503 1960 triduo
1521 1904 1890 1967 resuscitavit;

307 1983 528 2052 carnem
561 2007 792 2052 nostram
817 1999 868 2051 in
891 1997 994 2054 line
1019 1999 1430 2054 resuscitaturus
1447 2005 1547 2051 est.
1577 1996 1698 2050 Ideo
1728 1995 1894 2049 susci-

309 2097 481 2143 tatum
507 2098 589 2144 est
615 2098 802 2159 caput,
832 2090 971 2160 quod
1000 2089 1298 2144 attenderet
1323 2103 1548 2159 corpus,
1580 2099 1636 2143 ut
1663 2104 1768 2143 non
1795 2087 1894 2142 de-

309 2179 518 2236 ftCerct.
559 2177 822 2236 Custodiat
866 2187 1088 2238 animam
1127 2193 1262 2236 tuam
1305 2182 1573 2236 Dominus.
1630 2181 1744 2252 Ipsa
1788 2197 1894 2236 non

307 2269 502 2334 cedat,
533 2271 643 2340 ipsa
672 2288 776 2326 non
804 2272 1076 2342 frangatur
1100 2273 1362 2328 scandalis
1395 2275 1442 2338 ¹;
1488 2275 1537 2326 in
1569 2275 1895 2342 persecutio-

309 2359 494 2422 nibus,
527 2361 580 2414 in
611 2361 1052 2429 tribulationibus,
1079 2365 1188 2434 ipsa
1211 2380 1314 2418 non
1340 2365 1494 2419 cedat
1518 2369 1538 2398 ²
1564 2364 1893 2420 deiiciendo:

311 2449 452 2504 sicut
483 2451 734 2507 Dominus
763 2453 908 2520 dicit,
945 2451 1119 2508 Nolite
1141 2455 1311 2509 timere
1337 2471 1419 2509 eos
1444 2456 1528 2526 qui
1555 2472 1738 2526 corpus
1765 2456 1897 2509 occi-

309 2539 474 2606 dunt,
519 2543 740 2595 animum
765 2553 933 2598 autem
976 2561 1076 2598 non
1121 2555 1328 2614 possunt
1374 2547 1599 2600 occidere
1627 2562 1646 2600 :
1670 2547 1758 2600 sed
1783 2564 1897 2600 eum

311 2627 502 2696 timete,
531 2631 620 2700 qui
647 2631 791 2686 habet
827 2643 1113 2703 potestatem
1138 2653 1324 2704 corpus
1349 2645 1398 2690 et
1427 2637 1646 2690 animant
1675 2637 1899 2691 occidere

311 2720 366 2774 in
399 2721 628 2790 gebenna
665 2723 794 2795 ignis
823 2723 845 2755 ³
874 2723 1085 2796 (Matth.
1115 2743 1169 2788 ι,
1199 2725 1313 2790 28).
1341 2727 1486 2782 Ilanc
1514 2743 1639 2798 ergo
1666 2729 1896 2784 animam

311 2819 460 2868 utam
497 2815 760 2871 custodiat
789 2817 1074 2884 Dominus,
1116 2834 1182 2874 ne
1209 2819 1369 2874 cedas
1400 2822 1699 2890 persuasori
1731 2823 1890 2888 malo,

311 2919 383 2962 ne
407 2906 568 2962 cedas
599 2910 923 2978 promittenti
965 2909 1094 2964 falsa
1116 2953 1129 2974 ,
1161 2927 1226 2966 ne
1248 2911 1407 2966 cedas
1434 2913 1652 2967 minanti
1691 2923 1896 2984 tempo-

311 2997 463 3062 ralia,
495 3009 549 3054 et
570 3001 818 3054 custodiat
839 3002 1058 3054 animum
1081 3011 1220 3055 tuam
1245 3001 1510 3056 Dominus.

387 3087 476 3142 Η.
509 3087 659 3162 [θεῖε.
687 3089 766 3164 8.]
797 3092 859 3146 Ει
885 3091 1078 3146 deinde
1112 3111 1125 3154 :_
1154 3092 1414 3147 Custodiat
1452 3094 1700 3148 Dominus
1717 3096 1898 3149 introi-

313 3191 424 3238 tum
443 3191 583 3236 tuum
608 3193 656 3236 et
680 3183 868 3237 exitum
892 3192 1052 3247 tuum,
1073 3199 1136 3237 ea:
1156 3184 1401 3238 lacertum:
1421 3195 1467 3240 et
1494 3203 1649 3255 usque
1665 3188 1716 3240 in
1745 3203 1897 3241 seacu-

313 3275 441 3330 lum.
467 3275 602 3330 Nam
631 3275 902 3330 introitum
937 3284 1081 3330 tuum
1108 3275 1173 3330 ad
1217 3285 1427 3345 tempus
1450 3279 1682 3334 attende.
1713 3277 1895 3334 Custo-

309 3367 422 3422 diat
461 3365 710 3421 Dominus
743 3368 1001 3422 introitum
1046 3377 1185 3421 tuum
1211 3378 1257 3422 et
1284 3371 1470 3423 exitum
1505 3382 1642 3424 tuum
1661 3414 1678 3438 ,
1708 3389 1774 3427 ex
1801 3373 1896 3425 hoc

311 3473 448 3511 mute
467 3467 513 3512 et
533 3473 688 3525 usque
707 3458 757 3510 in
776 3460 1035 3513 serentem.
1065 3459 1274 3514 Exitum
1299 3461 1436 3516 idem
1453 3464 1735 3518 custodiat.
1759 3463 1896 3531 Quid

307 3557 428 3608 est.
457 3549 716 3602 introitum
737 3550 764 3604 2
791 3549 914 3620 quid
943 3560 1022 3605 est
1042 3593 1057 3616 ,
1089 3552 1324 3606 exitum?
1367 3552 1586 3621 Quando
1608 3563 1891 3623 tentantur,

313 3635 622 3692 intramus:
665 3639 876 3706 quando
924 3640 1182 3694 vincimus
1232 3643 1574 3696 tentationem
1601 3685 1616 3709 ,
1666 3646 1892 3699 eximus.

313 3725 475 3790 Audi,
505 3725 802 3792 introitum;
826 3727 946 3783 audi
972 3771 988 3795 ,
1009 3731 1221 3786 exitum.
1261 3729 1393 3785 Vasa
1415 3733 1559 3803 ﬁguli
1589 3735 1765 3803 probat
1789 3740 1895 3804 for-

311 3833 450 3883 mat,
479 3818 551 3871 ait
577 3817 850 3889 Scriptura
872 3862 888 3886 ,
921 3831 970 3876 et
998 3822 1221 3876 homines
1248 3824 1416 3894 justas
1445 3828 1650 3880 tentatio
1687 3828 1898 3882 tribula-

312 3907 468 3962 tionis
511 3905 698 3976 (Eccti.
730 3925 872 3964 xxvu
898 3951 914 3976 ,
942 3909 1019 3982 6).
1067 3911 1123 3968 Si
1167 3912 1243 3968 sic
1284 3924 1406 3968 sunt
1455 3914 1698 3969 homines
1741 3916 1891 3986 justi,

313 3997 588 4067 quomodo
605 4013 730 4052 vasa
759 4001 900 4072 ﬁguli
925 4017 940 4067 ;
970 4017 1189 4057 necesse
1209 4013 1291 4057 est
1315 4013 1373 4057 ut
1402 4019 1523 4058 vasa
1557 4004 1699 4076 ﬁguli
1727 4006 1897 4062 forna-

311 4103 432 4144 cem
465 4091 684 4146 intrent.
719 4093 783 4147 Et
813 4109 915 4148 non
946 4095 1156 4166 quando
1183 4097 1400 4160 intrant,
1421 4097 1533 4168 jam
1560 4115 1785 4155 securus
1813 4109 1898 4156 est

312 4177 548 4252 ﬁgulus,
596 4181 690 4237 sed
715 4197 837 4241 cum
869 4186 1114 4239 exierint.
1163 4187 1415 4243 Dominus
1457 4197 1632 4243 autem
1675 4203 1895 4248 securus

311 4257 418 4332 est.
443 4271 567 4341 quia
605 4273 745 4326 novit
768 4274 855 4343 qui
885 4284 1006 4328 sunt
1031 4276 1145 4346 ejus
1176 4275 1240 4348 (11
1267 4277 1397 4330 Tim.
1423 4295 1460 4333 tt
1483 4321 1496 4346 ,
1529 4279 1642 4350 19),
1673 4289 1726 4336 et
1751 4281 1896 4337 novit

311 4361 406 4431 qui
436 4361 488 4416 in
519 4363 733 4420 fornace
761 4381 864 4420 non
896 4377 1135 4437 crepent.
1167 4369 1243 4424 Illi
1273 4386 1376 4426 non
1403 4383 1642 4444 crepant,
1671 4375 1760 4446 qui
1789 4391 1892 4431 non

311 4451 518 4509 habent
554 4465 768 4510 ventum
797 4457 1080 4527 superbiae.
1123 4459 1404 4516 Humilitas
1425 4479 1552 4534 ergo
1579 4465 1811 4520 custodit
1839 4465 1894 4522 in

309 4545 460 4598 omni
507 4547 798 4603 tentatione
828 4565 842 4600 :
874 4550 996 4620 quia
1023 4563 1051 4604 a
1086 4551 1324 4607 convalle
1367 4553 1676 4622 plorationis
1705 4572 1895 4611 ascen-

309 4633 492 4692 dimus
515 4647 790 4695 cantantes
820 4641 1093 4696 Canticum
1120 4645 1376 4712 graduum
1403 4663 1418 4712 ;
1460 4655 1513 4701 et
1539 4649 1766 4703 custodit
1795 4649 1897 4704 Do-

309 4725 494 4784 minus
521 4729 796 4786 introitum
826 4773 841 4798 ,
872 4741 931 4786 ut
961 4735 1096 4786 salvi
1125 4735 1398 4789 intremus.
1433 4737 1570 4792 Sana
1602 4739 1704 4796 fide
1729 4741 1895 4797 simus

309 4818 528 4898 quando
553 4821 742 4876 accidit
762 4825 1003 4889 tetatio,
1033 4833 1084 4877 et
1105 4827 1334 4881 custodit
1358 4829 1546 4882 exitum
1568 4846 1629 4884 ea:
1648 4832 1742 4885 hoc
1763 4849 1895 4886 nunc

309 4917 542 4983 et‘usque
565 4915 618 4967 in
657 4917 919 4970 naculum.
980 4917 1111 4970 Cum
1150 4919 1290 4972 enim
1332 4921 1620 4976 exierimus
1645 4923 1713 4978 ab
1750 4923 1896 4978 omni

309 5001 639 5070 tentatioue,
673 5005 783 5075 jam
815 5006 870 5061 in
897 5016 1156 5062 attentum
1191 5011 1332 5064 nulla
1359 5027 1457 5065 nos
1485 5015 1707 5069 tentatio
1729 5023 1898 5072 terre-

307 5089 426 5155 bit,
473 5093 616 5148 nulla
661 5097 1090 5172 concupiscentia
1145 5099 1334 5154 saltem
1385 5101 1711 5156 sollicitabit.
1757 5105 1894 5160 Audi

307 5183 626 5252 Apostolum
682 5185 908 5255 idipsum
959 5201 1508 5257 commemorantem,
1557 5193 1698 5262 quod
1743 5195 1896 5264 paulo

307 5283 434 5329 ante
467 5279 883 5333 commemoravi
916 5298 929 5334 :
965 5281 1159 5336 Fidelis
1190 5282 1360 5351 Deus,
1395 5285 1480 5353 qui
1505 5301 1604 5339 non
1647 5289 1896 5356 permittet

307 5375 394 5418 eos
425 5367 610 5420 tentari
651 5385 806 5440 supra
841 5387 994 5436 quam
1037 5375 1242 5442 potestis
1277 5377 1429 5444 ferre.
1482 5377 1618 5433 Ecce
1645 5378 1894 5437 introitus

309 5459 435 5508 tuus
471 5455 804 5524 custoditur;
834 5461 1048 5530 quando
1075 5477 1181 5517 non
1212 5465 1305 5520 tibi
1328 5465 1456 5520 sinit
1484 5467 1624 5525 Deus
1652 5471 1896 5530 accidere

373 5565 394 5634 ξ
415 5565 584 5634 Plures
599 5575 728 5630 ηδε..
751 5567 803 5620 in
832 5571 1097 5624 scandatis.

369 5625 490 5702 ξ
509 5637 612 5702 am.
637 5625 818 5702 etjtss.
852 5639 907 5683 At
924 5639 998 5684 Er.
1027 5641 1079 5684 et
1111 5641 1240 5702 t.o_v,,
1283 5636 1392 5702 ipsa
1411 5649 1505 5702 non
1527 5641 1687 5694 cadat.

305 5687 1895 5808 άὲιῗῧῶμαρνΌυ.θιιαι.ευάάὼτπαιήἤώἧῖῧίοαυη-

387 5761 420 5800 τι
567 5785 582 5804 .
675 5759 734 5804 Ι.
1643 5803 1648 5808 -

1357 327 1761 394 ENARRA'I‘IO
1799 329 1868 388 IN
1905 327 2244 390 Μαίσων
2267 328 2457 390 CXXI.

3423 329 3607 396 ~l6ts

2011 444 2360 499 teutationem
2388 456 2548 514 quam
2575 457 2684 500 non
2717 453 2870 516 potes
2912 443 3090 513 ferre,
3135 435 3410 503 introitum
3450 459 3596 506 tuum

2009 537 2242 592 custodit
2268 553 2281 590 :
2309 534 2489 590 videte
2516 535 2562 592 si
2584 536 2815 593 custodit
2835 546 2898 594 et
2915 534 3134 595 exitum.
3165 537 3272 596 Sed
3298 540 3478 610 faciet,
3512 543 3595 596 in-

2007 627 2124 698 quit
2143 667 2177 693 ,.
2201 642 2312 680 eum
2337 627 2610 682 tentatione
2645 627 2796 684 etiam
2817 630 3028 695 exitum,
3051 639 3106 683 ut
3130 631 3328 697 possitis
3356 633 3597 688 sustinere

2011 717 2054 790 (I
2087 719 2199 770 Cor.
2228 735 2282 782 χ,
2315 717 2427 789 15).
2455 717 2720 790 Numquid
2739 736 3020 792 possumus
3041 739 3158 783 nos.
3188 723 3399 792 fratres,
3433 725 3596 780 inter-

2013 808 2226 877 pretari;
2248 808 2436 872 aliter,
2465 825 2622 878 quam
2666 810 2774 880 ipsa
2808 811 2964 866 verba
2999 815 3236 882 Apostoli
3266 815 3595 872 docuerunt?

2011 897 2284 951 Custodite
2313 912 2441 968 ergo
2469 915 2596 964 vos,
2629 901 2720 958 sed
2762 917 2866 957 non
2890 905 3142 969 avobis,
3185 909 3308 975 quia
3337 907 3595 963 Dominus

2011 991 2374 1056 tegumentum
2397 1029 2410 1052 ,
2457 990 2545 1058 qui
2595 992 2865 1060 custodit,
2920 989 3024 1062 qui
3054 1012 3170 1050 non
3209 996 3462 1053 dormitat
3495 1015 3593 1055 nec

2011 1075 2226 1132 dormit.
2251 1077 2427 1133 Semel
2446 1079 2988 1152 dormivitpronobis
3016 1104 3036 1142 :
3063 1088 3324 1152 surrexit;
3350 1087 3457 1158 jam
3486 1105 3589 1144 non

2011 1167 2280 1222 dormieL.
2305 1168 2472 1224 Nemo
2498 1170 2564 1225 de
2593 1187 2650 1225 se
2697 1184 3001 1242 prtesumat.
3047 1177 3120 1232 De
3145 1180 3391 1235 convalle
3416 1181 3590 1248 plora-

2011 1259 2174 1314 tionis
2209 1261 2583 1330 ascendimus,
2627 1279 2732 1319 non
2759 1283 3130 1324 remaneamus
3163 1272 3352 1326 invia.
3379 1273 3588 1330 Gradus

2009 1347 2064 1404 in
2109 1351 2190 1402 via
2233 1359 2473 1418 restant;
2527 1369 2632 1408 non
2659 1356 2915 1412 debemus
2956 1361 3090 1432 pigri
3130 1377 3438 1428 remanere,
3481 1380 3588 1420 non

2009 1440 2268 1502 debemus
2297 1445 2732 1514 superbieadere
2767 1466 2781 1502 :
2813 1449 3211 1518 dicamus-Deo,
3241 1453 3358 1508 Non
3379 1472 3590 1512 movea-

2007 1539 2099 1586 tur
2141 1548 2235 1604 pes
2277 1545 2475 1590 noster.
2521 1535 2636 1592 Non
2677 1538 2928 1608 dormiet,
2972 1543 3060 1612 qui
3105 1545 3337 1600 custodit
3362 1562 3479 1601 nos.
3521 1535 3577 1601 In

2007 1633 2191 1680 nostra
2235 1635 2496 1696 potestate
2540 1638 2652 1695 est,
2699 1629 2810 1686 Deo
2851 1631 3080 1689 donante
3106 1635 3156 1700 ί,
3193 1637 3237 1690 si
3278 1651 3400 1690 eum
3427 1639 3582 1693 nobis

2007 1715 2262 1772 faciamus
2304 1720 2580 1776 custodem
2617 1723 2706 1794 qui
2749 1739 2854 1778 non
2885 1723 3086 1780 dormit
3112 1743 3281 1798 neque
3307 1729 3580 1794 dormitat.

2005 1809 2094 1877 qui
2124 1809 2354 1864 custodit
2384 1811 2563 1866 Israel.
2619 1813 2786 1882 Quem
2831 1814 3022 1870 Israel?
3079 1817 3358 1872 Videntem
3401 1820 3586 1874 Deutn.

2004 1897 2082 1954 Ita
2106 1901 2210 1956 erit
2248 1903 2502 1958 auxilium
2545 1913 2688 1960 tuum
2721 1922 2748 1960 a
2789 1908 3012 1962 Domino
3038 1909 3156 1976 ,sita
3183 1911 3286 1965 erit
3318 1921 3591 1982 legiuncu-

2007 2000 2117 2048 tum
2147 2003 2289 2047 tuum
2318 2011 2480 2064 super
2501 2012 2720 2053 manum
2759 1997 2996 2054 dextera:
3027 2007 3162 2066 tuae;
3198 2001 3267 2054 ita
3295 2001 3592 2060 custoditur

1999 2085 2256 2141 introitus
2299 2095 2513 2142 tuus-et
2537 2090 2710 2144 exitus
2740 2098 2862 2145 tuus
2905 2107 2968 2147 ex
3009 2091 3122 2148 hoc
3163 2110 3302 2149 nunc
3339 2103 3394 2149 et
3423 2111 3591 2168 usque

2001 2178 2053 2234 in
2082 2177 2358 2232 sacculum.
2411 2177 2542 2234 Nam
2569 2181 2611 2234 si
2637 2180 2704 2236 de
2731 2193 2781 2237 te
2820 2186 3223 2253 praesumpseris
3245 2227 3259 2249 ,
3305 2195 3478 2242 motus
3505 2197 3590 2243 est

1999 2287 2097 2344 pes
2131 2279 2288 2336 tuus;
2337 2271 2380 2326 si
2409 2281 2585 2327 motus
2608 2282 2690 2327 est
2717 2289 2808 2344 pes
2841 2286 2960 2329 tuus
2984 2317 2998 2340 ,
3023 2275 3134 2346 jam
3169 2286 3400 2346 putaste
3421 2279 3473 2332 in
3498 2279 3588 2334 ali-

1999 2379 2108 2433 quo
2125 2361 2296 2432 gradu
2325 2377 2444 2417 esse
2473 2379 2486 2416 :
2519 2363 2644 2420 inde
2670 2365 2912 2434 cadis,ssi
2941 2368 3203 2436 superbus
3232 2385 3290 2424 es
3315 2386 3329 2434 ;
3355 2371 3471 2440 quia
3496 2371 3588 2428 ltu-

2001 2453 2144 2510 milis
2173 2452 2226 2506 in
2257 2453 2496 2509 convalle
2526 2453 2834 2525 ploratiouis
2864 2455 2986 2512 dicit
3015 2499 3029 2523 ,
3075 2456 3158 2512 Ne
3182 2459 3360 2513 des-ad
3383 2477 3586 2515 moven-

2004 2545 2125 2598 dum
2151 2543 2330 2616 pedem
2358 2561 2543 2599 nteant.

2073 2637 2163 2692 13.
2205 2636 2318 2692 Etsi
2348 2636 2523 2692 brevis
2539 2637 2782 2694 Psalmus
2810 2649 2910 2706 eet,
2930 2641 3080 2712 longa
3110 2650 3284 2698 tamen
3310 2645 3578 2708 tractatio,

2001 2736 2052 2783 et
2097 2727 2284 2797 longus
2321 2741 2519 2782 sermo.
2550 2727 2770 2793 Putate,
2805 2729 2992 2786 fratres
3018 2731 3185 2802 ,quia
3227 2747 3320 2800 per
3349 2733 3578 2790 natalem

2002 2819 2172 2874 beata:
2201 2817 2458 2888 Crispina:
2489 2818 2703 2872 invitavi
2731 2836 2825 2874 vos
2850 2863 2864 2886 ,
2897 2830 2950 2876 et
2993 2823 3392 2878 itmnoderatior
3427 2824 3498 2878 l'ui
3527 2825 3580 2879 in

2002 2911 2245 2965 convivio
2273 2909 2634 2979 producendo.
2661 2911 2848 2967 Nonne
2893 2923 3070 2982 posset
3111 2914 3209 2968 hoc
3247 2916 3395 2968 vobis
3432 2917 3542 2968 lieri
3568 2957 3582 2977 ,

2003 3007 2044 3060 si
2069 3006 2187 3076 quis
2207 3019 2300 3059 vos
2323 3005 2565 3058 militaris
2590 3005 2855 3072 invitaret,
2879 3015 2931 3060 et
2957 3006 3022 3060 ad
3051 3023 3281 3061 mensam
3307 3009 3422 3062 sine
3444 3021 3588 3064 men-

2001 3114 2124 3154 sura
2153 3097 2332 3153 bibere
2352 3098 2600 3166 cogeret?
2623 3097 2802 3154 Liceat
2827 3098 2979 3152 nobis
3005 3097 3108 3154 hoc
3135 3098 3306 3155 facere
3328 3099 3380 3154 iu
3401 3099 3586 3154 divino

2001 3207 2272 3254 sermone,
2297 3199 2354 3244 ut
2379 3190 2713 3256 inebriemiui
2745 3201 2796 3244 et
2822 3191 3106 3254 satiemini,
3132 3191 3582 3262 quemadmodum

2001 3291 2056 3337 et
2082 3281 2336 3335 Dominus
2365 3281 2538 3351 pluvia
2569 3296 2662 3334 sua
2695 3283 2968 3350 temporali
2999 3283 3242 3352 dignatus-
3269 3293 3350 3338 est
3379 3291 3575 3338 terram

2002 3371 2243 3441 irrigare,
2277 3379 2332 3424 ut
2359 3386 2480 3426 cum
2509 3370 2710 3439 majore
2739 3370 2930 3441 gaudio
2959 3387 3054 3426 nos
3083 3373 3278 3427 sineret
3307 3373 3381 3426 ire
3407 3371 3582 3426 ad’lov
3663 3391 3670 3397 '

2000 3477 2120 3516 cum
2166 3473 2455 3534 martyrum
2483 3505 2498 3528 ,
2541 3463 2677 3516 sicut
2720 3463 2970 3516 hesterno
3012 3463 3096 3516 die
3147 3464 3582 3532 promiseramus.

2001 3555 2080 3612 illi
2112 3557 2254 3610 enim
2287 3565 2546 3627 martyres
2573 3555 2688 3610 sine
2717 3555 2898 3609 labore
2927 3553 3012 3608 hic
3039 3565 3160 3609 sunt
3189 3555 3483 3610 nolii:~cum.

2408 3761 2490 3823 IN
2531 3760 2914 3824 PSALMUM
2957 3762 3162 3824 CXXI

2583 3882 2996 3940 ENARRATIU.

2517 4011 2688 4051 SEBIO
2715 4013 2781 4051 AD
2811 4013 3012 4052 PLEBEII
3021 4039 3035 4051 .

2077 4111 2128 4164 1.
2171 4109 2320 4165 Sicut
2342 4126 2494 4166 amor
2519 4111 2822 4169 immundus
2848 4109 3137 4168 inﬂammat
3164 4113 3416 4180 animam,
3443 4123 3496 4170 ct
3515 4113 3582 4170 ad

2004 4210 2211 4258 terrena
2237 4203 2660 4273 concupiscenda
2681 4213 2734 4259 et
2761 4206 2988 4274 peritura
3014 4206 3261 4261 sectanda
3293 4208 3580 4276 perituram

2001 4303 2192 4356 vocat,
2231 4301 2286 4348 et
2315 4293 2368 4347 in
2416 4294 2518 4348 ima
2564 4295 2898 4364 praecipitat,
2931 4304 3088 4365 atque
3119 4298 3168 4350 in
3203 4295 3457 4366 profunda
3487 4297 3584 4352 de-

2003 4383 2190 4454 mergit
2222 4402 2234 4438 :
2267 4383 2345 4438 sic
2387 4399 2540 4439 amor
2577 4395 2792 4440 sanctus
2837 4375 2900 4439 ad
2950 4401 3178 4454 superna
3225 4387 3356 4442 levat
3382 4430 3395 4453 ,
3429 4397 3483 4442 et
3519 4387 3584 4444 ad

2002 4484 2200 4529 acterna
2231 4473 2542 4540 inﬂammat,
2569 4483 2623 4530 et
2649 4475 2714 4530 ad
2741 4492 2801 4530 ea
2832 4492 2950 4546 quae
2975 4493 3077 4530 non
3113 4487 3386 4532 transeunt
3417 4493 3587 4546 neque

2003 4565 2336 4632 moriuntur,
2366 4565 2567 4620 excitat
2609 4565 2838 4620 animam
2863 4609 2876 4632 ,
2907 4578 2962 4621 et
2991 4567 3057 4621 de
3103 4567 3363 4636 profundo
3394 4565 3586 4621 inferni

2001 4655 2136 4710 levat
2168 4655 2232 4710 ad
2265 4655 2480 4709 cmlum.
2509 4656 2681 4711 Habet
2710 4667 2882 4711 tamen
2913 4658 3084 4712 omnis
3111 4675 3260 4712 antur
3287 4658 3390 4712 vim
3413 4675 3586 4724 suum,

2003 4763 2102 4802 nec
2134 4756 2305 4816 potest
2335 4761 2525 4802 vacare
2565 4763 2718 4802 amor
2746 4748 2798 4802 in
2845 4749 3017 4802 anima
3063 4750 3326 4813 amantis;
3369 4763 3588 4802 necesse
3647 4807 3650 4810 ,

2003 4847 2084 4894 est
2121 4839 2298 4892 ducat.
2341 4838 2445 4894 Sed
2475 4839 2557 4893 vis
2595 4853 2754 4894 nosse
2796 4840 2967 4910 qualis
2998 4856 3146 4894 amor
3189 4839 3296 4892 sit?
3329 4838 3456 4891 Vide
3483 4853 3588 4908 quo

2003 4928 2180 4984 ducat.
2209 4928 2322 4983 Non
2355 4944 2483 5000 ergo
2513 4945 2791 4984 monemus
2820 4938 2876 4984 ut
2924 4929 3051 4984 nihii
3083 4931 3304 4994 ametis;
3350 4928 3442 4983 sed
3475 4945 3588 4981 mo-

2001 5034 2193 5074 ncmus
2215 5035 2279 5072 ne
2305 5019 2558 5074 mundum
2584 5021 2794 5085 ametis,
2823 5030 2878 5073 ut
2903 5035 3022 5074 eum
3045 5021 3133 5090 qui
3165 5019 3286 5076 fecit
3307 5018 3582 5086 mundum,

2004 5109 2171 5166 libere
2208 5111 2418 5164 ametis.
2449 5109 2686 5182 Obligata
2718 5113 2857 5167 enim
2899 5113 3071 5164 anima
3121 5125 3304 5164 amore
3332 5119 3542 5163 terreno
3569 5151 3583 5172 ,

2003 5202 2386 5271 quasi‘viscum
2427 5201 2587 5256 habet
2637 5203 2688 5258 in
2736 5203 2956 5274 pennis;
3003 5203 3184 5257 Volare
3236 5217 3339 5256 non
3391 5211 3584 5270 potest.

2003 5293 2252 5350 Mandata
2283 5309 2412 5348 vero
2438 5293 2506 5348 ab
2533 5292 2810 5348 all'ectibus
2837 5293 3218 5348 sordidissimis
3248 5293 3449 5356 sizeculi,
3486 5302 3592 5345 tan-

2002 5401 2160 5456 quam
2189 5385 2424 5440 extensis
2445 5385 2634 5455 pennis
2659 5395 2710 5440 et
2730 5386 2933 5440 duabus
2963 5386 3060 5440 alis
3087 5386 3331 5440 resolutis
3358 5387 3423 5440 ab
3444 5387 3588 5440 muni

2005 5475 2403 5546 impedimento,
2425 5476 2474 5530 id
2489 5475 2803 5541 cst,duobus
2821 5476 3098 5546 praeceptis
3117 5477 3414 5532 dilectionis
3433 5477 3521 5532 Dei
3541 5487 3614 5532 ct-

2003 5568 2299 5624 dilectionis
2315 5568 2546 5639 prox-imi
2569 5568 2728 5621 volat.
2752 5567 2887 5635 Quo,
2907 5569 3004 5622 nisi
3028 5568 3092 5624 ad
3121 5571 3279 5623 Deum
3299 5569 3593 5624 ascendens

2003 5660 2254 5727 volando,
2281 5660 2402 5730 quia
2427 5659 2663 5713 ascendit
2695 5659 2958 5714 amando?
2983 5659 3132 5729 Quod
3151 5671 3439 5733 antequam
3463 5679 3592 5732 pus.

2075 5769 2090 5800 ι
2119 5775 2228 5818 Mss.
2254 5781 2348 5818 non
2371 5767 2580 5832 habent,
2602 5776 2698 5820 Deo
2721 5768 2958 5822 donatum.
