4074 6476
517 375 652 433 ιῡιο

513 497 600 560 sit,
625 494 787 563 gemit
809 494 860 548 iu
883 502 1041 557 terra,
1067 491 1112 545 si
1133 491 1243 561 jam
1267 487 1405 542 inest
1425 485 1475 542 ei
1496 483 1706 540 volandi
1729 479 2086 542 desiderium;

510 597 563 642 et
591 587 721 642 dicit
749 603 762 639 :
799 585 923 654 Quis
948 583 1084 637 dabit
1111 581 1232 634 mihi
1262 594 1453 649 pennas
1478 578 1606 632 sicut
1630 574 1873 629 columba:
1894 615 1911 640 ,
1937 581 1981 627 et
2007 588 2092 626 uo-

511 678 647 746 labu,
670 686 716 731 et
733 677 1038 746 requiescam
1068 669 1236 743 (Psal.
1265 685 1370 734 uv,
1402 666 1504 738 7)?
1529 667 1644 734 Quo
1672 675 1850 721 autem
1870 661 2087 728 volabit,

511 770 612 824 nisi
634 769 699 824 de
724 766 912 822 mediis
937 763 1219 829 scandalis,
1241 761 1328 816 ubi
1354 758 1600 830 gemebat
1627 758 1785 812 etiam
1816 755 1916 809 iste
1939 754 2090 822 cujus

508 861 625 916 lucc
651 875 753 914 vox
795 867 877 914 est
920 870 1076 926 quam
1121 850 1574 910 commemoravi?
1611 848 1688 903 De
1732 846 1922 902 mediis
1961 859 2089 915 ergo

507 950 804 1014 scandatis,
834 963 861 1002 a
889 945 1268 1002 commixtione
1307 943 1568 997 malorum
1597 939 1869 994 hominum
1892 979 1906 1003 ,
1934 951 1962 990 a
1991 951 2088 1007 pa-

507 1039 605 1093 leis
626 1037 819 1108 quibus
847 1051 1008 1108 grana
1035 1033 1320 1091 commixta
1351 1040 1493 1095 sunt,
1515 1030 1696 1084 volare
1716 1028 1850 1094 vult,
1873 1027 1960 1081 ubi
1982 1041 2086 1080 non

504 1131 735 1201 patiatur
765 1129 1194 1199 conjunctionem
1221 1135 1273 1181 et
1302 1124 1610 1180 societatem
1638 1120 1802 1196 iniqui
1829 1118 2049 1187 alicujus
2067 1156 2082 1182 ,

504 1221 601 1277 sed
629 1222 770 1275 vivat
813 1222 872 1279 in
910 1229 1090 1274 saneta
1137 1217 1390 1273 societate
1430 1213 1756 1283 Angelorum
1798 1210 1990 1264 civium
2031 1208 2082 1268 in

504 1323 702 1367 mterna
733 1312 1050 1367 Jerusalem.

573 1407 628 1462 2.
662 1406 812 1480 [vera
842 1403 1070 1478 1.1ldeo
1091 1401 1325 1472 psalmus
1345 1399 1466 1463 iste,
1488 1410 1642 1480 quem
1667 1392 1826 1447 hodie
1848 1385 2085 1460 suscepi-

502 1514 625 1555 mus
642 1477 971 1554 tractandum
992 1492 1265 1551 Sanctitati
1283 1477 1673 1556 vestrae,ipsam
1691 1484 1982 1539 Jerusalem
2000 1481 2085 1536 de-

501 1589 722 1654 siderat,
737 1588 785 1642 id
801 1597 902 1654 est,
917 1589 1014 1641 iste
1031 1584 1119 1656 qui
1137 1581 1374 1638 ascendit
1390 1581 1440 1634 in
1460 1578 1560 1633 hoc
1577 1579 1776 1645 psalmo
1792 1593 1804 1629 :
1819 1583 1898 1630 est
1916 1573 2079 1638 enim,

503 1681 764 1734 Canticum
792 1681 1081 1752 graduum;
1109 1674 1250 1746 quod
1279 1687 1420 1740 saepe
1445 1669 1676 1725 diximus
1703 1662 1960 1721 Charitati
1988 1679 2080 1716 ve-

499 1773 772 1842 strm,quia
789 1765 1323 1838 nonsuntgradusisti
1335 1759 1786 1820 descendentium,
1802 1755 2084 1811 sedascen-

499 1865 737 1919 dentium
757 1863 852 1934 (α).
868 1861 1170 1917 Ascendere
1185 1873 1312 1929 ergo
1323 1857 1433 1910 vult
1450 1855 1567 1909 iste.
1584 1851 1650 1924 Et
1665 1865 1770 1920 quo
1786 1849 2084 1902 vultascen-

499 1955 649 2021 dere,
674 1955 773 2009 nisi
800 1955 852 2008 in
877 1951 1106 2010 coelum?
1125 1949 1259 2021 Quid
1289 1945 1462 2013 est,,in
1491 1942 1721 1999 caelum?
1745 1939 1933 1994 Utrum
1963 1938 2082 1993 ideo

499 2047 618 2101 vult
636 2046 944 2110 ascendere,
970 2053 1026 2098 ut
1046 2043 1249 2099 sitcum
1270 2039 1381 2094 sole
1401 2037 1590 2091 etluna
1613 2041 1668 2089 et
1683 2031 1886 2087 stellis?
1909 2030 2075 2084 Absit.

497 2139 607 2194 Sed
632 2148 714 2195 est
739 2139 790 2193 in
816 2137 954 2192 caelo
978 2145 1174 2190 aeterna
1195 2131 1514 2191 Jerusalem,
1548 2127 1635 2182 ubi
1662 2133 1785 2180 sunt
1813 2124 1956 2178 cives
1986 2137 2081 2175 no—

389 2277 401 2290 ς
497 2229 593 2284 stri
625 2228 813 2299 Angeli
845 2243 858 2280 :
892 2226 960 2282 ab
989 2226 1117 2294 ipsis
1145 2223 1346 2279 civibus
1373 2219 1569 2275 nostris
1601 2217 1998 2288 peregrinamur
2025 2213 2077 2267 in

494 2331 656 2376 terra.
685 2321 742 2375 ln
773 2317 1198 2388 peregrinatione
1227 2313 1591 2384 suspiramus;
1625 2310 1676 2364 in
1707 2309 1921 2365 civitate
1945 2323 2078 2378 gau-

491 2411 759 2465 debimus.
786 2408 1090 2465 invenimus
1129 2416 1304 2460 autem
1332 2411 1387 2458 et
1425 2403 1598 2457 socios
1626 2401 1678 2455 in
1709 2400 1808 2454 ista
1841 2398 2076 2470 peregri-

492 2501 727 2564 natione,
752 2499 838 2567 qui
859 2497 969 2568 jam
996 2496 1242 2550 viderunt
1270 2493 1438 2564 ipsam
1464 2491 1752 2552 civitatem,
1777 2497 1829 2544 et
1854 2489 2080 2543 invitant

494 2607 596 2648 nos
622 2601 679 2647 ut
706 2606 981 2646 curramus
1006 2590 1070 2645 ad
1104 2589 1265 2643 illam.
1299 2585 1380 2641 Ad
1408 2585 1507 2639 hos
1549 2582 1741 2654 gaudet
1771 2582 1871 2638 iste
1910 2581 1998 2650 qui
2025 2589 2078 2634 et

491 2685 640 2751 dicit,
662 2683 984 2740 Jncundatus
1009 2698 1121 2737 sum
1149 2681 1202 2736 in
1232 2681 1310 2735 his
1334 2678 1419 2750 qui
1442 2677 1680 2735 dixerunt
1705 2675 1830 2730 mihi
1849 2717 1864 2741 ,
1893 2673 1959 2728 In
1985 2675 2078 2729 do-

490 2791 630 2828 nunn
659 2773 861 2828 Domini
887 2773 1088 2827 ibimus.
1127 2772 1360 2835 Fratres,
1389 2769 1567 2824 veniat
1593 2768 1643 2822 in
1673 2774 1902 2822 mentem
1933 2763 2074 2820 Cha-

489 2864 635 2917 ritati
659 2873 869 2927 vestrm,
899 2863 942 2919 si
968 2878 1076 2932 qua
1102 2862 1236 2917 forte
1263 2858 1516 2915 festivitas
1542 2865 1831 2927 martyrum
1853 2864 1905 2908 et
1927 2855 2075 2909 locus

490 2954 684 3024 aliquis
711 2963 924 3008 sanctus
952 2953 1254 3008 nominatur
1272 2994 1287 3020 ,
1318 2965 1422 3021 quo
1449 2959 1595 3003 certo
1635 2946 1720 3001 die
1750 2945 1916 3000 turbae
1942 2960 2072 2999 con-

489 3049 658 3104 ﬂuant
683 3047 749 3101 ad
775 3047 1147 3102 celebrandam
1173 3045 1592 3108 solemnitatem;
1623 3043 1722 3096 illm
1749 3028 1915 3097 iurbte
1943 3056 2076 3111 quo-

485 3139 650 3196 modo
671 3157 726 3195 se
748 3140 1090 3210 exsuscitant,
1115 3137 1381 3209 quomodo
1406 3153 1464 3192 se
1485 3137 1766 3190 hortantur
1785 3145 1833 3189 et
1857 3134 2068 3188 dicunt:

482 3228 704 3297 Eamus,
737 3245 940 3285 camus.
973 3230 1039 3284 Et
1064 3237 1305 3299 quaerunt
1328 3267 1344 3291 ,
1373 3226 1490 3295 Quo
1519 3224 1738 3281 eamus?
1767 3225 1830 3279 Et
1857 3223 2068 3290 dicitur,

482 3321 567 3378 Ad
599 3322 754 3376 illum.
775 3322 988 3386 locum,
1019 3321 1085 3377 ad
1110 3329 1349 3376 sanetum
1377 3319 1572 3374 locum.
1608 3317 1834 3371 Invicem
1865 3316 1964 3371 sibi
1988 3316 2072 3370 lo-

483 3422 740 3487 q_uuntur,
773 3422 830 3467 ct
858 3420 1107 3483 tanquam
1136 3410 1345 3467 incensi.
1360 3409 1662 3479 singillatim
1690 3405 1889 3462 faciunt
1910 3422 2070 3462 unam

482 3501 795 3557 ﬂammam:
825 3512 879 3558 et
908 3503 1020 3574 ipsa
1049 3518 1150 3558 tina
1190 3501 1402 3556 ﬂamma
1445 3499 1582 3554 iacta
1623 3514 1685 3552 ex
1716 3497 2070 3552 cellocutione

481 3609 608 3650 sese
634 3593 1036 3649 accendentium
1064 3593 1202 3662 rapit
1247 3591 1364 3646 illos
1407 3589 1472 3644 ad
1501 3590 1675 3643 locum
1706 3595 1946 3642 sanctum
1967 3629 1984 3655 ,
2015 3595 2070 3642 et

480 3684 736 3754 cogitatio
757 3693 938 3738 saneta
967 3681 1260 3739 sanctificat
1283 3696 1396 3736 eos.
1425 3677 1481 3734 Si
1505 3693 1632 3748 ergo
1651 3677 1722 3732 ad
1741 3678 1912 3732 locum
1936 3685 2068 3730 tem—

485 3775 719 3842 poralem
751 3774 829 3829 sic
859 3773 997 3843 rapit
1032 3788 1182 3828 amor
1223 3779 1472 3834 sanctus;
1518 3768 1688 3838 qualis
1730 3781 1882 3821 amor
1909 3766 2069 3821 debet

480 3880 600 3918 esse
623 3865 709 3935 qui
736 3864 1028 3920 concordes
1057 3862 1193 3933 rapit
1221 3863 1274 3916 in
1315 3861 1510 3918 omium
1537 3902 1550 3923 ,
1580 3869 1633 3914 et
1657 3857 1897 3914 dicentes
1923 3857 2022 3912 sibi
2051 3899 2065 3922 ,

481 3953 546 4008 In
576 3954 780 4008 domum
803 3954 1009 4008 Domini
1036 3953 1254 4008 ibimus?
1283 3953 1429 4022 Ergo,
1448 3965 1741 4013 curramus,
1769 3963 2066 4014 curramus,

479 4045 600 4114 quia
633 4045 682 4098 in
715 4044 930 4099 domum
959 4043 1168 4098 Domini
1201 4043 1413 4097 ibimus.
1446 4041 1753 4104 Curramus,
1788 4049 1841 4094 et
1862 4055 1965 4093 non
1993 4037 2070 4092 fa-

482 4139 743 4207 tigentur;
774 4137 894 4206 quia
919 4137 1041 4191 illuc
1065 4136 1454 4206 perveniemus,
1482 4133 1568 4187 ubi
1597 4148 1700 4187 non
1730 4130 2064 4187 lassabimur.

478 4229 772 4298 tinrrannis
803 4228 852 4280 in
882 4227 1097 4283 domum
1145 4226 1393 4291 Domini,
1418 4225 1739 4294 juruudetur
1767 4224 1941 4278 anima
1971 4238 2067 4277 no-

479 4328 585 4370 stra
620 4317 672 4372 in
702 4317 786 4372 his
829 4317 918 4388 qui
963 4333 1025 4374 ea
1073 4318 1226 4373 nobis
1262 4317 1462 4372 dicunt.
1510 4315 1609 4384 Qui
1653 4315 1793 4370 enim
1824 4329 1891 4370 ca-
1917 4315 2069 4370 nobis

388 4405 394 4466 ξ
479 4411 683 4472 dicunt,
717 4410 922 4479 priores
952 4409 1201 4465 viderunt
1225 4408 1391 4479 ipsam
1419 4407 1664 4477 patriam,
1695 4406 1761 4460 de
1785 4405 2069 4475 longinquo

477 4505 770 4558 clamantes
798 4501 866 4556 ad
897 4503 1216 4572 posteriores
1239 4543 1254 4562 ,
1280 4501 1347 4554 In
1385 4501 1587 4553 domum
1613 4496 1816 4551 Domini
1842 4497 2021 4550 ibimus
2049 4513 2068 4551 :

478 4591 752 4648 ambulate
776 4635 790 4658 ,
820 4593 1038 4647 currite.
1068 4591 1324 4647 Viderunt
1353 4591 1494 4644 illam
1524 4588 1765 4657 Apostoii
1788 4630 1801 4652 ,
1834 4596 1888 4642 et
1914 4587 2068 4642 dixe-

479 4695 604 4742 runt
630 4686 805 4753 nobis,
836 4683 1062 4751 Currite,
1096 4685 1387 4750 ambulate,
1419 4681 1741 4750 sequimini;
1777 4677 1838 4732 In
1863 4679 2069 4732 domum

479 4776 691 4832 Domini
721 4777 921 4832 ibimus.
961 4778 1027 4834 Et
1055 4775 1178 4846 quid
1226 4775 1352 4830 dicit
1397 4772 1758 4842 unusquisque
1788 4771 2069 4826 nostrum?

477 4868 803 4924 Jucundutus
828 4887 938 4924 sum
981 4869 1032 4922 in
1073 4869 1151 4921 Itis
1192 4867 1276 4934 qui
1305 4865 1541 4918 dixerunt
1581 4863 1704 4915 mihi
1725 4904 1739 4927 ,
1775 4861 1840 4915 In
1867 4862 2069 4915 domum

478 4960 688 5015 Domini
703 4959 899 5014 ibimus.
931 4957 1259 5014 Jucnndatus
1276 4971 1392 5009 sum
1420 4955 1470 5008 in
1493 4953 1792 5023 Prophetis,
1805 4951 2068 5020 jucunda-

479 5061 566 5104 tus
588 5065 703 5105 sum
729 5050 779 5104 in
804 5049 1089 5118 Apostolis.
1114 5047 1312 5102 Omnes
1331 5045 1470 5099 enim
1503 5043 1588 5098 isti
1617 5041 1865 5096 dixerunt
1893 5041 2064 5108 nobis,

479 5141 547 5195 In
578 5141 781 5195 domum
806 5139 1014 5194 Domini
1041 5139 1242 5193 ibimus.

552 5234 606 5288 5.
636 5229 784 5305 [vers.
816 5230 907 5305 2.]
938 5231 1142 5286 Stantes
1161 5238 1304 5283 erant
1324 5227 1471 5299 pedes
1501 5226 1658 5280 nostri
1688 5227 1739 5279 in
1759 5226 1900 5279 atriis
1929 5226 1953 5256 ε
1973 5222 2068 5277 Je-

481 5324 720 5378 rusalem.
743 5323 882 5379 Ecce
906 5321 1066 5377 habes
1087 5321 1301 5375 domum
1329 5319 1560 5385 Domini,
1585 5317 1626 5371 si
1649 5316 1923 5386 quaerebas
1944 5315 2066 5382 quid

484 5415 554 5468 sit
578 5414 770 5468 domus
795 5414 1026 5469 Domini.
1063 5413 1114 5466 In
1157 5412 1247 5465 illa
1274 5410 1435 5464 domo
1466 5407 1673 5462 Domini
1704 5406 1949 5480 laudatur
1977 5405 2068 5473 qui

481 5506 719 5561 condidit
749 5505 965 5561 domum
996 5522 1008 5558 :
1047 5505 1160 5574 ipse
1198 5501 1403 5557 deliciae
1443 5499 1680 5554 omnium
1720 5496 2067 5550 habitantium

483 5603 537 5654 in
565 5599 764 5667 domo;
797 5600 911 5671 ipse
935 5600 1047 5655 sola
1074 5613 1196 5669 spes
1222 5597 1329 5664 hic,
1358 5604 1411 5651 et
1441 5609 1528 5648 res
1556 5594 1645 5648 ibi.
1679 5593 1814 5663 Ergo
1835 5591 1921 5662 qui
1949 5605 2070 5646 cur-

548 5762 564 5792 ¹
591 5765 692 5809 Duo
714 5765 897 5809 tantum
918 5764 1046 5814 Mss,
1078 5769 1127 5807 tn
1147 5753 1283 5806 atriis
1306 5752 1416 5804 tuis.

546 5823 618 5887 (to
643 5828 690 5872 tn
715 5820 832 5873 Psal.
854 5811 1054 5884 xxxv-ni,
1077 5833 1124 5868 n.
1145 5817 1204 5881 2;
1232 5818 1352 5868 etin
1371 5813 1490 5866 rsal.
1519 5827 1650 5877 cm,
1686 5825 1732 5861 n.
1763 5811 1860 5860 1-3.

1754 364 1812 420 s.
1857 361 2220 419 auersum
2259 364 2576 444 mscert,

3645 370 3786 426 “320

2200 488 2344 547 runt,
2374 481 2499 550 quid
2530 481 2725 539 debent
2751 482 3020 552 cogitare?
3045 481 3206 551 Quasi
3234 482 3305 538 ibi
3332 486 3441 553 jam
3468 487 3595 550 sint,
3627 495 3680 541 et
3711 487 3782 542 ibi

2196 581 2355 626 stent.
2383 571 2626 642 Magnum
2666 573 2806 627 enim
2837 582 2920 628 est
2958 574 3026 628 ibi
3071 582 3214 630 stare
3254 576 3395 631 inter
3423 578 3656 647 Angelos
3681 621 3696 644 ,
3727 589 3782 633 et

2196 678 2302 716 non
2331 663 2581 720 deiicere.
2622 665 2722 732 Qui
2764 666 2904 720 enim
2953 665 3072 720 inde
3103 667 3282 736 lapsus
3321 677 3402 724 est
3425 711 3440 734 ,
3473 669 3525 722 in
3556 671 3782 726 veritate

2196 768 2300 808 non
2327 755 2473 810 stetit
2496 754 2670 826 (Joan.
2701 772 2812 821 vni,
2841 757 2961 827 44).
2991 758 3318 828 Quicumque
3347 776 3452 814 non
3481 762 3778 831 suntlapsi,

2195 844 2246 898 in
2278 845 2499 900 veritate
2541 855 2724 901 stant:
2754 856 2807 901 et
2849 848 2937 903 ille
2979 856 3117 915 stat,
3149 853 3237 920 qui
3279 853 3387 906 Deo
3428 853 3646 919 fruitur;
3688 855 3778 924 qui

2192 943 2368 990 autem
2392 952 2448 992 se
2475 937 2576 992 frui
2605 939 2850 1006 voluerit,
2875 941 3034 994 cadit.
3065 941 3193 1008 Quis
3215 954 3390 999 autem
3417 959 3475 999 se
3501 945 3602 1000 frui
3626 947 3736 1000 vult
3755 947 3782 1002 ἲ

2191 1026 2291 1098 Qui
2321 1029 2581 1098 superbus
2607 1040 2708 1084 est.
2741 1030 2864 1086 ideo
2894 1032 2984 1086 ille
3020 1034 3109 1102 qui
3155 1048 3368 1103 semper
3395 1045 3535 1090 stare
3564 1037 3779 1092 volebat

2190 1122 2243 1176 in
2272 1123 2424 1178 atriis
2448 1124 2738 1181 Jerusalem
2759 1168 2778 1190 ,
2808 1126 2876 1180 In
2901 1127 3091 1183 lumine
3116 1137 3200 1182 tuo
3221 1170 3237 1193 ,
3262 1129 3447 1199 inquit,
3479 1131 3781 1185 uidebimuss

2191 1215 2392 1280 lumen;
2417 1232 2545 1284 non,
2574 1217 2625 1272 in
2653 1217 2851 1274 lumine
2883 1235 3004 1276 meo
3037 1238 3051 1273 :
3080 1231 3154 1286 et,
3183 1221 3336 1289 Apud
3357 1231 3426 1288 te,
3453 1222 3639 1293 inquit,
3663 1223 3754 1291 fon

2188 1307 2340 1372 vitae;
2365 1324 2493 1371 non,
2523 1308 2666 1377 apud
2689 1325 2793 1364 me.
2823 1309 2889 1364 Et
2910 1310 3034 1382 quid
3059 1311 3292 1379 adjecit?
3318 1310 3439 1368 Non
3467 1314 3629 1366 veniat
3651 1313 3779 1365 mihi

2189 1415 2276 1468 pes
2303 1399 2568 1468 superbiat,
2595 1410 2641 1454 et
2663 1417 2841 1456 manus
2867 1411 3185 1471 peccatorum
3223 1419 3323 1456 non
3350 1413 3539 1456 moveat
3565 1421 3660 1456 me.
3694 1402 3777 1457 Ibi

2186 1490 2471 1544 ceciderunt
2517 1508 2688 1546 omnes
2734 1495 2819 1562 qui
2863 1505 3138 1562 aperantur
3180 1495 3533 1562 iniquitatem;
3576 1497 3778 1565 expulsi

2187 1593 2323 1646 sunt,
2352 1601 2452 1638 non
2480 1593 2747 1655 potuerunt
2770 1594 2903 1639 stare
2932 1585 3100 1657 (Psal.
3130 1603 3297 1652 xxxv,
3329 1588 3415 1651 10,
3451 1587 3536 1652 12,
3566 1589 3688 1657 13).
3718 1587 3774 1643 Si

2187 1689 2318 1744 ergo
2347 1675 2419 1728 illi
2451 1691 2556 1729 non
2597 1686 2884 1744 potuerunt
2925 1687 3067 1732 stare
3089 1720 3103 1744 ,
3133 1679 3256 1747 quia
3281 1680 3494 1747 superbi
3525 1679 3772 1744 fuerunt;

2186 1765 2457 1825 humiliter
2481 1769 2730 1834 ascende,
2755 1780 2813 1824 ut
2835 1769 3003 1836 dicas,
3032 1770 3236 1826 Stantes
3265 1781 3407 1824 erant
3435 1771 3585 1842 pedes
3615 1773 3776 1825 nostri

2184 1859 2238 1913 in
2263 1860 2404 1913 atriis
2440 1861 2744 1916 Jerusalem.
2789 1863 2970 1931 Cogita
3017 1865 3190 1934 qualis
3222 1863 3291 1917 ibi
3328 1863 3536 1920 futurus
3578 1866 3688 1923 sis:
3721 1877 3774 1921 et

2185 1952 2428 2019 quamvis
2456 1950 2631 2007 adhuc
2659 1953 2708 2005 in
2740 1953 2820 2006 via
2849 1953 2943 2019 sis,
2980 1954 3080 2010 hoc
3107 1954 3196 2009 tibi
3230 1970 3365 2024 pone
3391 1965 3516 2010 ante
3545 1957 3730 2012 oculos
3753 1999 3769 2023 ,

2185 2040 2335 2108 quasi
2364 2039 2436 2095 ibi
2477 2051 2620 2107 stes,
2660 2042 2810 2112 quasi
2851 2042 2960 2111 jam
3005 2043 3143 2098 inter
3184 2044 3416 2114 Angelos
3461 2045 3775 2102 indeﬁciens

2183 2131 2438 2201 gaudeas,
2466 2141 2521 2187 et
2550 2134 2638 2187 liat
2665 2134 2716 2188 in
2746 2143 2798 2189 te
2825 2134 2965 2205 quod
2990 2135 3188 2190 dictum
3217 2144 3320 2199 est,
3350 2135 3493 2190 Beati
3521 2136 3606 2205 qui
3632 2135 3775 2188 habi-

2184 2230 2293 2274 tant
2321 2224 2375 2276 in
2413 2223 2563 2278 domo
2607 2234 2735 2288 tua;
2773 2227 2826 2279 in
2867 2227 3050 2280 sarcula
3087 2229 3385 2281 stecularum
3422 2226 3700 2281 laudabunt
3729 2239 3776 2282 te

2184 2312 2354 2381 (Psal.
2391 2331 2601 2370 Lxxxm
2620 2358 2635 2382 ,
2667 2316 2756 2387 5).
2788 2317 2994 2373 Stantes
3023 2329 3166 2372 erant
3193 2320 3342 2391 pedes
3367 2320 3526 2374 nostri
3551 2322 3604 2374 in
3631 2322 3775 2376 atriis

2180 2404 2485 2460 Jerusalem.
2515 2407 2680 2478 Cujus
2709 2408 3045 2464 Jerusalem?
3083 2410 3231 2467 Solet
3267 2412 3410 2466 enim
3439 2412 3544 2468 dici
3589 2422 3644 2466 et
3671 2413 3770 2466 ista

2180 2498 2518 2566 Jerusalem;
2558 2501 2650 2555 sed
2683 2502 2780 2556 ista
2811 2501 3102 2558 Jerusalem
3147 2504 3334 2558 umbra
3371 2512 3454 2557 est
3499 2503 3660 2557 illius.
3705 2504 3773 2558 Et

2180 2590 2306 2661 quid
2329 2606 2578 2662 magnum
2604 2601 2686 2648 est
2713 2601 2856 2648 stare
2881 2593 2932 2646 in
2958 2594 3056 2649 ista
3084 2592 3398 2656 Jerusalem,
3427 2594 3639 2664 quando
3669 2595 3770 2650 ista

2179 2681 2471 2737 Jerusalem
2502 2692 2643 2738 stare
2683 2698 2787 2738 non
2819 2685 3010 2754 potuit,
3043 2700 3161 2752 quas
3190 2685 3242 2738 in
3274 2685 3480 2746 ruinam
3501 2700 3767 2747 conversa

2179 2773 2299 2826 est?
2331 2772 2440 2826 lloc
2467 2788 2594 2842 ergo
2626 2788 2722 2840 pro
2749 2789 2941 2843 magno
2967 2774 3193 2842 Spiritus
3220 2783 3437 2829 sanctus
3463 2791 3526 2829 ex
3553 2774 3767 2833 inﬂam-

2179 2872 2323 2917 nlato
2346 2863 2506 2918 corde
2533 2865 2761 2919 amantis
2788 2865 2942 2934 hujus
2969 2865 3256 2936 eloquitur,
3286 2868 3404 2936 quia
3433 2866 3583 2930 dicit,
3609 2868 3770 2922 Stan-

2177 2965 2251 3010 tes
2279 2965 2422 3010 erant
2462 2956 2610 3026 pedes
2654 2958 2812 3010 nostri
2846 2957 2900 3011 in
2937 2958 3078 3011 atriis
3107 2957 3433 3012 Jerusalem?
3464 2973 3639 3013 nonne
3679 2959 3766 3013 illa

2176 3059 2260 3105 est
2286 3050 2608 3118 Jerusalem,
2637 3052 2718 3106 cui
2751 3051 2883 3106 dixit
2910 3052 3186 3115 Dominus,
3218 3052 3521 3115 Jerusalem,
3548 3051 3766 3106 Jerusa-

2179 3140 2274 3194 lem
2294 3183 2308 3207 ,
2338 3158 2449 3210 quia
2474 3142 2714 3210 interﬁcis
2742 3141 3028 3213 PrOphetas
3054 3185 3068 3206 ,
3099 3154 3146 3196 et
3189 3142 3387 3213 lapides
3417 3144 3594 3197 missos
3623 3142 3691 3195 ad
3719 3153 3767 3200 te

2180 3229 2390 3303 (Matth.
2419 3248 2568 3295 χχιιι.
2601 3231 2704 3303 257)
2727 3232 2749 3285 ?
2775 3232 2912 3302 Quid
2943 3248 3192 3302 magnum
3222 3248 3348 3301 ergo
3379 3232 3478 3288 iste
3505 3232 3764 3300 concupi-

2173 3325 2372 3389 scebat,
2406 3332 2550 3380 stare
2579 3325 2717 3380 inter
2745 3325 2864 3382 illos
2892 3325 2980 3394 qui
3012 3324 3395 3381 interliciebaut
3425 3324 3724 3393 Prophetas
3746 3365 3763 3392 ,

2174 3426 2228 3472 et
2249 3416 2553 3486 lapidabant
2575 3417 2766 3471 missos
2788 3417 2854 3471 ad
2880 3418 2972 3472 se?
2996 3416 3150 3471 Absit
3174 3425 3232 3471 ut
3255 3417 3320 3470 de
3342 3417 3438 3471 ista
3461 3417 3763 3476 Jerusalem

2173 3508 2250 3562 sic
2275 3510 2471 3578 cogitet
2501 3509 2588 3578 qui
2636 3508 2714 3563 sic
2742 3517 2920 3572 amat,
2956 3507 3047 3578 qui
3088 3507 3166 3562 sic
3207 3508 3398 3574 ardet,
3427 3507 3515 3578 qui
3543 3509 3621 3561 sic
3651 3509 3766 3562 vult

2173 3600 2450 3670 pervenire
2479 3600 2544 3653 ad
2573 3601 2712 3653 illam
2739 3599 3030 3655 Jerusalem
3055 3609 3276 3653 matrem
3296 3608 3527 3654 nostram
3561 3597 3762 3670 (Gnlnt.

2173 3709 2248 3758 tv,
2271 3692 2340 3746 26
2359 3692 2400 3762 ),
2431 3692 2498 3746 de
2527 3707 2630 3762 qua
2660 3692 2789 3748 dicit
2815 3692 3100 3762 Apostolus
3126 3732 3144 3758 ,
3170 3701 3406 3746 (sternam
3432 3691 3484 3744 in
3509 3691 3646 3745 caelis
3677 3692 3695 3760 (
3721 3691 3764 3748 υ

2173 3782 2290 3848 Cor,
2319 3799 2376 3848 v,
2402 3780 2484 3854 l).

2243 3875 2294 3928 4.
2329 3871 2493 3945 [vers.
2524 3871 2620 3946 5.]
2662 3872 2795 3927 Audi
2842 3881 3116 3940 postremo
3141 3915 3154 3936 ,
3185 3871 3293 3925 noli
3339 3871 3465 3925 mihi
3495 3871 3760 3936 credere;

2171 3963 2292 4018 audi
2313 3963 2437 4034 quid
2461 3973 2732 4033 sequatur,
2760 3972 2814 4017 et
2835 3979 2992 4032 quam
3023 3962 3317 4018 Jerusalem
3346 3962 3589 4031 designet
3611 3977 3762 4016 men-

2173 4057 2313 4113 tibus
2340 4057 2555 4110 nostris.
2587 4055 2716 4111 Cum
2761 4055 2902 4110 enim
2931 4055 3187 4121 dixisset,
3217 4053 3419 4109 Stantes
3445 4063 3584 4107 erant
3611 4056 3764 4123 pedes

2171 4149 2328 4202 nostri
2356 4149 2408 4201 in
2425 4147 2576 4227 atriis
2596 4145 2882 4201 Jerusalem
2906 4161 2925 4210 ;
2955 4145 3102 4215 quasi
3135 4145 3401 4199 diceretur
3429 4144 3525 4210 illi,
3562 4144 3635 4197 De
3656 4160 3761 4212 qua

2170 4239 2468 4296 Jerusalem
2496 4237 2667 4294 dicis?
2694 4237 2758 4292 de
2787 4253 2889 4307 qua
2917 4234 3510 4304 Jerusalemloqueris?
3533 4234 3764 4304 subjecit

2171 4334 2373 4398 statim,
2404 4330 2690 4387 Jerusalem
2729 4345 2842 4401 qua:
2869 4329 3152 4398 ludiﬁcatur
3179 4336 3232 4386 ut
3275 4328 3468 4381 civitas.
3499 4326 3720 4382 Fratres
3744 4366 3761 4392 ,

2171 4423 2384 4494 quando
2407 4422 2618 4478 dicebat
2643 4422 2743 4476 ista
2776 4420 2938 4475 David
2961 4462 2975 4486 ,
3003 4417 3236 4489 perfecta
3268 4427 3382 4474 erat
3408 4417 3495 4472 illa
3535 4418 3760 4484 civitas,

2172 4529 2278 4569 non
2309 4511 2692 4566 aediﬁcabatur.
2737 4510 2926 4566 Nescio
2953 4525 3108 4580 quam
3140 4523 3268 4579 ergo
3296 4508 3561 4562 civitatem
3591 4507 3760 4574 dicit,

2172 4621 2290 4675 qua:
2316 4604 2475 4658 modo
2494 4603 2807 4667 aediﬁcatur,
2837 4601 2902 4656 ad
2930 4617 3087 4670 quam
3114 4609 3335 4656 currunt
3359 4603 3410 4654 in
3435 4599 3538 4654 ﬁde
3557 4598 3764 4670 lapides

2171 4697 2313 4762 vivi,
2344 4695 2411 4751 de
2449 4694 2639 4765 quibus
2668 4694 2797 4748 dicit
2823 4694 3011 4748 Petrus
3041 4709 3056 4746 :
3086 4691 3153 4744 Et
3183 4707 3267 4746 vos
3305 4700 3541 4761 tanquam
3566 4690 3764 4758 lapides

2173 4790 2269 4843 uiui
2288 4787 2671 4856 cowdiﬁcamini
2696 4787 2747 4840 in
2769 4786 2975 4840 domum
3001 4782 3317 4853 spiritualem
3343 4783 3392 4854 (Ι
3423 4782 3564 4836 Petr.
3593 4798 3646 4846 tl,
3672 4780 3763 4851 5),

2174 4879 2225 4934 id
2264 4888 2347 4933 est
2367 4921 2389 4944 ,_
2413 4877 2669 4946 templum
2700 4883 2941 4929 sanctum
2973 4875 3088 4930 Dei.
3128 4873 3267 4940 Quid
3295 4882 3376 4928 est
3399 4915 3415 4941 ,
3445 4873 3640 4943 lapides
3667 4873 3765 4925 viui

2173 4971 2592 5040 comdiﬁcamini?
2620 4967 2795 5034 Vivis,
2815 4967 2857 5020 si
2885 4966 3059 5020 credis
3089 4985 3115 5025 τ,
3133 4967 3176 5020 si
3216 4975 3391 5026 autem
3421 4965 3617 5028 credis,
3645 4964 3736 5019 eiii

2174 5063 2316 5118 ceris
2339 5061 2593 5130 templum
2622 5058 2713 5113 Dei
2737 5075 2750 5124 ;
2780 5057 2901 5126 quia
2928 5057 3054 5113 dicit
3080 5057 3352 5125 apostolus
3375 5056 3592 5121 Paulus,
3616 5053 3768 5108 Tem-

2176 5155 2316 5225 plum
2344 5153 2474 5207 enim
2503 5150 2597 5203 Dei
2636 5159 2863 5206 sanctum
2890 5157 2962 5201 est
2985 5188 3000 5215 ,
3028 5148 3165 5218 quod
3202 5147 3322 5203 estis
3350 5163 3454 5200 uos.
3487 5147 3603 5215 Ipsa
3636 5160 3768 5214 ergo

2175 5245 2334 5300 modo
2355 5243 2540 5299 civitas
2559 5240 2878 5305 mdilicatur;
2910 5239 3273 5309 praeeiduntur
3294 5237 3362 5293 de
3391 5237 3658 5292 montibus
3685 5238 3768 5290 la—

2175 5338 2323 5408 pides
2350 5352 2446 5407 per
2491 5350 2677 5390 manus
2722 5333 3121 5404 praedicautium
3159 5332 3435 5390 veritatem
3464 5372 3478 5394 ,
3524 5345 3768 5398 conqua-

2175 5431 2396 5484 drantur
2423 5436 2478 5480 ut
2501 5427 2700 5482 intrent
2729 5425 2781 5478 in
2806 5432 3126 5478 structuram
3151 5424 3550 5492 sempiternam.
3577 5420 3768 5474 Adhuc

2175 5518 2326 5572 multi
2349 5516 2551 5585 lapides
2574 5515 2622 5568 in
2649 5514 2892 5568 manibus
2918 5513 3138 5566 artilicis
3161 5521 3284 5565 sunt
3308 5528 3322 5575 ;
3357 5526 3461 5564 non
3483 5509 3679 5564 cadant
3699 5509 3764 5564 de

2176 5611 2419 5665 manibus
2443 5607 2662 5662 artiﬁcis
2688 5646 2703 5672 ,
2749 5615 2806 5660 ut
2849 5605 3054 5674 possint
3103 5603 3322 5673 perfecti
3360 5602 3679 5658 coredilicari
3711 5601 3764 5655 ir.

2176 5710 2495 5757 structuram
2527 5698 2728 5768 templi.
2760 5697 2856 5751 Est
2875 5709 3002 5766 ergo
3028 5695 3128 5749 ista
3151 5693 3437 5748 Jerusalem
3461 5707 3579 5760 qua:
3600 5690 3768 5760 ediﬁ,

2177 5806 2317 5850 catur
2345 5803 2397 5846 ut
2441 5792 2611 5844 riuitas
2659 5806 2674 5843 :
2721 5787 3123 5849 fundamentum
3167 5784 3333 5842 iusius
3373 5781 3620 5837 Christus
3658 5775 3765 5837 est;
