4074 6470
299 412 318 469 Ι
332 410 425 467 Gil

230 508 248 590 θ
297 528 433 581 Dicit
451 521 724 594 aposwlus
743 518 936 575 Paulus
958 534 970 570 :
1001 513 1402 570 Fundamentum
1420 515 1549 569 enim
1569 513 1710 567 aliud
1730 527 1872 566 nemo

294 626 456 687 potest
497 630 715 688 ponere,
744 620 927 682 pra’ter
964 610 1018 663 id
1067 608 1200 678 quod
1248 609 1460 678 positum
1487 617 1580 672 est,
1627 606 1759 675 quod
1802 615 1875 659 est

226 744 231 752 -
296 705 528 762 Christus
577 704 731 758 Jesus
784 701 846 776 (l
886 701 1003 756 Cor.
1045 715 1134 761 ιιι,
1166 698 1252 762 17,
1281 694 1404 767 ll).
1455 695 1875 750 Fundamentum

292 796 510 869 quando
535 796 751 867 ponitur
776 795 828 848 in
846 803 1009 852 terra,
1035 789 1263 857 desuper
1282 787 1608 842 aediﬁcantur
1627 785 1872 854 parietes,

293 899 348 943 et
373 887 582 958 pondus
605 886 865 956 parietum
887 883 951 937 ad
975 882 1076 936 ima
1100 879 1286 946 tendit,
1306 879 1426 948 quia
1446 878 1500 931 in
1523 877 1628 930 imo
1648 877 1875 946 positum

295 989 379 1036 est
409 979 827 1034 fundamentum.
858 975 912 1031 Si
940 982 1114 1027 autem
1144 971 1541 1025 fundamentum
1564 979 1802 1022 nostrum
1824 968 1876 1020 in

295 1073 434 1128 cmlo
461 1082 580 1134 est,
613 1069 676 1122 ad
709 1068 899 1124 coelum
940 1064 1280 1120 aediﬁCemur.
1313 1060 1548 1130 Corpora
1580 1057 1878 1112 mdiﬁcave-

294 1171 421 1217 runt
447 1163 600 1215 istam
643 1169 962 1215 structuram
994 1157 1009 1188 ¹
1033 1196 1048 1220 ,
1077 1168 1232 1224 quam
1265 1150 1452 1206 videtis
1489 1150 1719 1217 amplam
1759 1163 1877 1203 sur-

297 1253 522 1315 rexisse,
540 1251 696 1320 hujus
719 1248 977 1310 basilicm;
1003 1254 1056 1300 et
1076 1244 1196 1314 quia
1218 1255 1441 1310 corpora
1463 1239 1874 1302 tediﬁeaveruut,

297 1343 699 1398 fundamentum
733 1341 785 1394 in
823 1340 929 1393 imo
958 1343 1248 1407 posuerunt
1275 1349 1288 1386 :
1317 1333 1440 1402 quia
1474 1345 1604 1385 vero
1633 1329 1879 1400 spiritua-

296 1436 418 1491 liter
446 1435 805 1497 mdiﬁeamur,
843 1429 1239 1485 fundamentum
1290 1435 1529 1479 nostrum
1574 1423 1625 1476 iu
1673 1434 1881 1476 summo

297 1527 529 1598 positum
571 1535 672 1579 est.
720 1523 847 1578 illuc
885 1535 1012 1591 ergo
1053 1530 1359 1580 curramus,
1391 1514 1478 1594 ubi
1518 1512 1877 1574 tediﬁcemur;

297 1619 423 1688 quia
443 1617 511 1672 de
538 1617 651 1686 ipsa
673 1613 968 1670 Jerusalem
996 1610 1194 1665 dictum
1220 1617 1324 1672 est,
1348 1607 1551 1661 Stantes
1577 1611 1714 1657 erant
1735 1602 1882 1692 pedes

296 1709 459 1764 nostri
484 1709 534 1762 in
560 1708 702 1760 atriis
727 1703 1034 1759 Jerusalem.
1063 1699 1173 1754 Sed
1199 1699 1350 1765 cujus
1372 1692 1706 1751 Jerusalem?
1729 1691 1883 1745 Jeru-

296 1802 456 1856 salem
479 1815 591 1870 qua:
615 1797 899 1865 a’diﬁcatur
919 1803 975 1848 ut
999 1792 1190 1846 civitas.
1223 1789 1414 1846 Parum
1439 1788 1590 1853 dixit,
1624 1794 1680 1839 ut
1704 1791 1882 1838 osten-

299 1891 448 1947 deret
466 1887 783 1951 Jerusalem,
803 1885 921 1957 quia
944 1883 1094 1948 dixit,
1120 1890 1173 1935 ut
1192 1881 1364 1934 civitas
1378 1879 1688 1947 aediﬁcatur;
1709 1873 1883 1928 adhuc

299 1990 477 2053 potest
515 1980 602 2034 illa
634 1975 928 2046 corporalis
972 1973 1212 2042 intelligi.
1255 1969 1391 2038 Quid
1421 1969 1465 2022 si
1505 1967 1646 2022 enim
1691 1965 1884 2020 existat

299 2070 492 2141 aliquis
519 2078 572 2123 et
596 2069 733 2122 dicat
771 2085 783 2120 :
814 2065 928 2121 Jam
956 2062 1169 2134 quidem
1204 2069 1258 2115 ει
1294 2074 1413 2114 cum
1445 2059 1544 2112 ista
1582 2055 1884 2111 dicerentur

302 2159 630 2228 temporibus
661 2155 845 2221 David,
873 2162 928 2210 et
953 2154 1051 2207 ista
1078 2157 1418 2212 canerentur,
1441 2154 1556 2202 erat
1582 2145 1765 2200 civitas
1791 2143 1880 2198 illa

301 2251 534 2323 perfecta
559 2266 574 2313 ;
605 2248 698 2303 sed
728 2246 947 2302 videbat
988 2245 1039 2299 in
1071 2242 1256 2313 Spiritu
1285 2239 1542 2294 ruituram
1563 2278 1579 2302 ,
1610 2245 1663 2291 et
1692 2237 1882 2290 iterum

301 2341 686 2400 aediﬁcandam.
708 2340 1018 2408 Expugnata
1039 2342 1123 2390 est
1141 2333 1281 2388 enim
1304 2331 1390 2385 illa
1412 2329 1616 2392 civitas,
1642 2335 1696 2382 et
1715 2325 1885 2380 factus

291 2434 383 2501 ξεει
399 2433 650 2487 transitus
667 2431 718 2484 in
739 2427 1077 2499 Babyloniam
1098 2422 1275 2494 populi
1292 2419 1558 2490 captivati,
1577 2426 1631 2473 et
1650 2416 1786 2472 dicta
1803 2424 1886 2470 est

302 2526 402 2581 ista
433 2525 486 2578 in
527 2521 813 2591 Scripturis
837 2559 853 2585 ,
886 2513 1277 2585 transmigratio
1322 2513 1376 2566 in
1420 2509 1783 2582 Babyloniam.
1816 2508 1886 2563 Et

301 2591 639 2688 prophetavit
663 2611 943 2674 Jeremias,
967 2616 1088 2680 post
1113 2605 1443 2677 septuaginta
1471 2617 1638 2656 annos
1665 2600 1886 2671 captivi-

302 2708 428 2762 tatis
447 2704 695 2762 aediﬁcari
719 2717 874 2772 posse
897 2701 1036 2755 illam
1057 2699 1322 2753 civitatem
1343 2710 1461 2765 quae
1484 2693 1750 2747 destructa
1771 2701 1888 2746 erat

302 2814 333 2853 ε
369 2795 754 2853 debellantibus
784 2790 993 2864 (Jerem.
1035 2805 1156 2842 χχιιι
1183 2830 1197 2853 ,
1227 2787 1261 2841 4
1281 2829 1294 2852 ,
1324 2785 1447 2858 l0).
1493 2784 1652 2839 Forte
1681 2783 1755 2836 ait
1790 2782 1886 2835 ali—

303 2892 425 2963 quis
457 2907 475 2946 ;
506 2869 630 2943 uoc'
647 2886 857 2941 videbat
883 2881 1047 2937 David
1075 2881 1124 2934 in
1154 2879 1380 2948 spiritu,
1413 2878 1668 2932 ruituram
1697 2874 1884 2928 civita-

304 2993 413 3039 tem
451 2980 744 3037 Jerusalem
775 2992 806 3032 a
843 2972 1249 3036 dcbellantibus,
1281 2979 1334 3023 et
1362 2969 1551 3022 iterum
1585 2979 1740 3035 posse
1769 2971 1887 3033 post

303 3074 634 3145 septuaginta
660 3084 826 3126 annos
853 3065 1136 3129 aidiﬁcari;
1167 3071 1229 3117 et
1256 3062 1374 3116 ideo
1412 3060 1576 3124 dixit,
1603 3055 1886 3111 Jerusalem

305 3183 418 3238 qua:
443 3165 726 3233 ludiﬁcatur
749 3170 806 3214 ut
828 3159 1001 3213 civitas
1030 3174 1047 3212 :
1081 3155 1187 3210 noli
1214 3168 1342 3224 ergo
1371 3159 1554 3220 putare
1583 3149 1724 3202 illam
1753 3147 1884 3201 civi-

306 3268 467 3313 tatem
495 3269 612 3310 esse
637 3252 830 3306 dictam
858 3264 976 3320 quae
1019 3253 1226 3302 constat
1267 3259 1329 3298 ex
1369 3242 1568 3297 sanctis
1591 3279 1608 3308 ,
1638 3247 1882 3308 tauquam

305 3365 372 3406 ex
397 3346 662 3418 lapidibus
690 3344 841 3397 vivis.
873 3339 1008 3409 Quid
1036 3337 1275 3408 sequitur
1293 3377 1305 3398 ,
1335 3343 1392 3388 ut
1427 3332 1573 3387 tollat
1601 3338 1762 3384 totam
1790 3328 1888 3383 du-

304 3437 648 3498 bitationem‘l
693 3435 780 3489 Ait
819 3433 960 3487 enim
986 3471 1001 3496 ,
1031 3429 1236 3484 Stantes
1281 3433 1426 3481 erant
1474 3422 1622 3489 pedes
1649 3420 1808 3474 nostri
1833 3420 1885 3472 in

304 3532 448 3586 atriis
471 3527 772 3582 Jerusalem.
799 3522 904 3580 Sed
933 3535 1090 3592 quam
1121 3518 1240 3574 dico
1268 3512 1598 3572 Jerusalem?
1622 3507 1884 3580 Numquid

306 3625 486 3687 istam,
514 3619 700 3689 inquit,
727 3630 883 3686 quam
909 3611 1102 3667 videtis
1125 3619 1268 3664 stare
1295 3604 1566 3676 corporeis
1598 3601 1886 3672 parietibus

305 3710 576 3770 erectam?
601 3709 744 3771 Non;
767 3705 861 3760 sed
883 3701 1165 3757 Jerusalem
1184 3713 1297 3768 qua:
1315 3695 1600 3764 wdiﬁcatur
1617 3700 1672 3745 ut
1687 3691 1885 3744 civitas.

307 3805 484 3872 Quare
512 3816 618 3855 non
646 3797 834 3853 civitas
856 3837 871 3862 ,
899 3792 993 3849 sed
1019 3802 1073 3845 ut
1105 3790 1316 3852 civitas;
1346 3786 1443 3842 nisi
1470 3785 1590 3855 quia
1623 3783 1720 3836 ista
1741 3789 1890 3835 stru-

307 3908 454 3952 ctura
483 3893 742 3964 parietum
767 3930 782 3954 ,
813 3885 949 3958 qua:
974 3892 1090 3939 erat
1118 3883 1168 3936 in
1195 3879 1488 3935 Jerusalem
1514 3918 1528 3942 ,
1555 3873 1780 3930 visibilis
1807 3872 1883 3926 ei-

307 3989 445 4042 vitas
473 3994 586 4040 erat
604 4026 619 4051 ,
648 3983 785 4041 sicut
814 3977 1024 4049 proprie
1063 3973 1255 4029 dicitur
1280 3971 1347 4024 ab
1382 3967 1629 4023 omnibus
1657 3965 1844 4021 civitas
1872 3982 1884 4017 :

308 4079 398 4134 illa
425 4088 602 4130 autem
629 4071 919 4127 aadiﬁcatur
943 4076 1191 4136 tanquam
1219 4062 1404 4116 civitas
1425 4100 1439 4122 ,
1471 4058 1592 4126 quia
1617 4064 1672 4111 et
1697 4055 1768 4109 illi
1798 4055 1887 4124 qui

309 4168 364 4223 in
394 4181 511 4222 eam
539 4166 767 4226 intrant,
799 4174 1036 4228 tanquam
1064 4155 1160 4208 vivi
1200 4149 1392 4220 lapides
1421 4158 1542 4204 sunt
1567 4165 1580 4212 ;
1611 4162 1716 4201 non
1746 4145 1887 4200 enim

309 4276 437 4315 vere
472 4257 672 4328 lapides
699 4254 854 4310 sunt?
884 4251 1032 4306 Sicut
1061 4248 1134 4302 illi
1160 4257 1216 4300 ut
1241 4243 1445 4314 lapides
1469 4283 1482 4306 ,
1513 4256 1620 4296 non
1647 4237 1848 4308 lapides
1872 4255 1887 4303 ;

310 4351 391 4406 sic
415 4349 502 4405 illa
533 4357 587 4401 ut
615 4346 820 4410 civitas,
850 4355 954 4396 non
983 4339 1203 4401 civitas;
1235 4335 1355 4405 quia
1386 4331 1550 4393 dixit,
1582 4329 1886 4398 azdiﬁcatur.

311 4442 540 4500 Nomine
577 4438 775 4510 quippe
823 4432 1068 4496 aediﬁcii,
1110 4437 1432 4484 structuram
1475 4436 1892 4492 compagemque

311 4546 597 4603 corporum
623 4539 780 4598 atque
804 4525 1063 4596 parietum
1090 4519 1256 4575 voluit
1281 4515 1519 4585 intelligi.
1547 4513 1678 4567 Nam
1702 4512 1892 4603 civitas

311 4601 530 4696 proprie
571 4623 623 4676 iu
669 4616 971 4674 hominibus
1019 4609 1379 4668 habitantibus
1422 4604 1756 4696 intelligitur.
1788 4601 1892 4696 sed

313 4695 670 4772 manifestavit
697 4709 850 4764 nobis
878 4706 1142 4761 civitatem
1184 4716 1242 4755 se
1283 4699 1466 4753 urbem
1507 4695 1706 4750 dixisse
1728 4735 1740 4757 ,
1773 4695 1894 4762 quia

314 4808 447 4863 dixit
472 4847 487 4872 ,
517 4804 817 4873 wdiﬁcatur.
845 4799 912 4854 Et
941 4797 1060 4867 quia
1091 4793 1368 4848 :ediﬁcium
1395 4787 1671 4859 spirituale
1703 4786 1893 4841 simili-

316 4899 556 4953 tudinem
581 4891 862 4965 quamdam
886 4887 1044 4942 habet
1063 4882 1268 4940 :ediﬁcii
1290 4879 1601 4969 corporalis,
1632 4877 1751 4932 ideo
1772 4875 1896 4930 tedi-

318 4993 502 5061 ﬁcatur
526 4997 577 5041 ut
604 4985 798 5039 civitas.

389 5083 444 5138 5.
475 5079 580 5136 Sed
608 5077 748 5132 dicat
771 5071 913 5144 quod
942 5069 1198 5140 sequitur,
1231 5074 1286 5119 et
1311 5061 1516 5117 auferat
1551 5073 1763 5113 omnem
1793 5057 1895 5113 du-

320 5172 651 5232 bitationem,
683 5165 804 5236 quia
845 5177 957 5224 non
998 5156 1282 5213 carnaliter
1318 5151 1572 5236 debemus
1614 5149 1855 5216 accipere
1878 5189 1892 5211 ,

316 5229 604 5323 Jerusalem
639 5229 751 5324 qua!
781 5252 1064 5320 aediﬁcatur
1087 5256 1141 5299 ut
1165 5245 1358 5298 civitas.
1390 5229 1549 5310 Cujus
1576 5237 1897 5306 participatio

311 5354 430 5426 «ξω
475 5352 529 5403 in
572 5348 814 5417 idipsum.
863 5341 978 5397 Jam
1023 5335 1420 5426 ergo,il'rat_res,
1469 5328 1706 5426 quisquis
1747 5326 1901 5426 erigit

315 5412 490 5500 {ciem
519 5412 732 5499 mentis,
751 5428 989 5502 quisquis
1009 5425 1225 5495 deponit
1244 5420 1518 5491 caliginem
1539 5415 1734 5481 carnis,
1755 5412 1898 5485 quis-

317 5530 441 5602 quis
466 5526 686 5583 mundat
710 5523 924 5578 oculum
950 5515 1146 5580 cordis,
1175 5514 1366 5577 elevet,
1385 5519 1439 5565 et
1465 5506 1898 5602 videatid‘ipsum:

323 5597 458 5687 Quid
505 5625 589 5673 est
633 5611 888 5685 idipsum?
928 5603 1206 5677 Quomodo
1249 5602 1455 5665 dicam,
1500 5598 1600 5653 nisi
1643 5597 1902 5667 idipsum?

324 5710 561 5774 Fratres,
604 5705 650 5762 si
691 5703 932 5776 potestis,
979 5695 1256 5766 intelligite
1287 5691 1528 5764 idipsum.
1560 5687 1692 5744 Nam
1717 5696 1772 5744 ει
1797 5702 1902 5756 ago

391 5847 410 5880 ⁸
438 5851 566 5906 ιιι,
584 5839 942 5895 t'nstructuram.

1336 351 1730 458 ENARllATIO
1767 397 1831 454 ιιι
1870 400 2193 458 PSALMUM
2232 400 2414 456 CXXI.

3414 411 3435 464 Ι
3447 411 3548 466 6ὶί

1981 515 2231 586 quidquid
2275 517 2417 571 aliud
2461 509 2664 581 dixero,
2711 536 2818 576 non
2843 521 2965 578 dico
3003 522 3243 592 idipsum.
3283 526 3551 583 Coueuiur

1981 613 2154 661 tamen
2182 607 2492 676 quibusdam
2522 609 2876 666 vicinitatibus
2900 613 3182 670 verborum
3204 623 3258 670 et
3281 617 3551 687 signiﬁca-

1980 697 2180 752 tionum
2227 699 2514 768 perducere
2553 701 2908 758 inﬁrmitatem
2949 708 3142 761 mentis
3169 708 3184 739 ¹
3218 707 3284 762 ad
3313 710 3552 779 cogitan-

1979 786 2104 841 dum
2134 789 2370 858 idipsum.
2402 790 2537 857 Quid
2563 798 2648 846 est
2669 793 2886 862 idipsum
2903 795 2930 848 .9
2956 795 3106 862 Quod
3126 812 3338 866 semper
3362 799 3551 856 eodem

1982 882 2142 936 modo
2169 893 2287 948 est;
2317 884 2456 954 quod
2488 899 2593 940 non
2637 887 2794 942 modo
2821 888 2984 955 aliud,
3015 899 3069 944 et
3094 892 3252 946 modo
3280 893 3421 949 aliud
3447 903 3550 950 est.

1981 973 2116 1040 Quid
2141 985 2223 1028 εει
2243 989 2369 1045 ergo
2398 975 2640 1046 idipsum,
2670 980 2792 1044 nisi,
2823 980 2964 1050 quod
2993 983 3115 1036 est?
3143 982 3280 1049 Quid
3307 993 3389 1039 est
3413 985 3552 1054 quod

1982 1064 2108 1118 est?
2132 1063 2281 1128 Quod
2311 1074 2564 1122 internum
2595 1077 2695 1124 εει.
2726 1069 2859 1125 Nam
2885 1071 3021 1140 quod
3053 1087 3266 1142 semper
3289 1075 3444 1131 aliter
3477 1086 3556 1130 at-

1983 1169 2085 1224 que
2111 1156 2262 1210 aliter
2284 1166 2385 1220 est,
2415 1173 2520 1212 non
2542 1168 2641 1223 est,
2669 1161 2791 1230 quia
2816 1177 2920 1216 non
2944 1173 3122 1219 manet
3157 1182 3170 1218 :
3202 1180 3306 1219 non
3337 1169 3554 1220 omnino

1983 1260 2087 1298 non
2111 1252 2212 1311 εει,
2233 1245 2324 1300 sed
2347 1263 2449 1303 non
2467 1263 2672 1305 summe
2697 1258 2796 1305 est.
2832 1253 2896 1307 Et
2917 1253 3039 1321 quid
3066 1254 3301 1324 estquod
3326 1264 3428 1321 est,
3454 1257 3557 1310 nisi

1985 1335 2075 1390 ille
2105 1336 2191 1405 qui
2220 1337 2430 1406 quando
2455 1339 2695 1396 mittebat
2731 1341 2968 1414 Moysen,
2995 1345 3128 1399 dixit
3154 1345 3237 1400 illi
3261 1363 3273 1399 :
3306 1345 3418 1417 Ego
3445 1364 3558 1400 sum

1985 1427 2070 1495 qui
2096 1428 2246 1482 sum?
2268 1427 2400 1494 Quid
2429 1440 2510 1484 est
2555 1429 2672 1494 hoc,
2707 1431 2808 1486 nisi
2851 1433 2941 1488 ille
2967 1434 3057 1504 qui
3085 1449 3205 1489 cum
3249 1434 3450 1490 diceret
3481 1439 3560 1490 ta-

1986 1519 2160 1573 mulus
2201 1520 2336 1590 ejus,
2370 1520 2499 1575 Ecce
2535 1522 2689 1577 mittis
2718 1540 2798 1577 me
2824 1539 2842 1578 :
2867 1526 2912 1580 si
2937 1526 3117 1580 dixerit
3157 1528 3279 1580 mihi
3307 1529 3522 1598 populus
3542 1570 3556 1591 ,

1992 1609 2112 1675 Quis
2139 1619 2184 1663 te
2206 1611 2382 1666 misit?
2405 1612 2526 1683 quid
2545 1613 2707 1680 dicam
2729 1615 2775 1668 ei
2791 1614 2817 1668 .9
2845 1630 3035 1670 nomen
3059 1617 3400 1672 suum-noluit
3418 1619 3557 1670 aliud

1987 1699 2182 1766 dicere,
2213 1717 2391 1772 quam,
2420 1702 2533 1775 Ego
2563 1721 2673 1758 sum
2696 1707 2784 1776 qui
2810 1723 2962 1771 sum;
2987 1689 3041 1762 et
3063 1708 3258 1779 adjecit
3281 1718 3334 1764 et
3353 1710 3445 1773 ait,
3471 1710 3560 1763 Di-

1987 1807 2065 1844 ces
2087 1792 2254 1860 itaque
2280 1793 2401 1861 ﬁliis
2435 1791 2616 1858 Israel,
2663 1794 2760 1860 Qui
2795 1807 2886 1859 est,
2916 1798 3049 1850 misit
3087 1815 3170 1852 me
3191 1798 3260 1852 ad
3285 1815 3390 1852 vos.
3425 1799 3561 1854 Ecce

1987 1880 2226 1950 idipsum,
2260 1883 2371 1954 Ego
2405 1901 2516 1938 sum
2539 1887 2624 1956 qui
2664 1903 2795 1952 sum,
2829 1886 2929 1951 Qui
2957 1895 3047 1952 est,
3093 1887 3226 1941 misit
3267 1873 3430 1942 mead
3455 1903 3560 1941 vos.

1986 1968 2102 2025 Non
2150 1981 2299 2042 potes
2327 1988 2555 2042 capere;
2601 1975 2825 2030 multum
2867 1985 2949 2032 est
2977 1977 3295 2047 intelligere.
3339 1977 3562 2032 multum

1989 2072 2070 2117 εει
2112 2062 2532 2133 apprehendere.
2583 2066 2769 2122 Retine
2810 2069 2952 2139 quod
3002 2085 3117 2138 pro.
3143 2079 3194 2126 te
3231 2067 3402 2125 lactus
3444 2079 3563 2137 est,

1988 2171 2145 2225 quem
2178 2172 2280 2211 non
2311 2172 2494 2226 posses
2531 2174 2742 2229 capere.
2773 2161 2964 2217 Retine
2991 2179 3206 2218 carnem
3247 2164 3466 2232 Christi,
3509 2167 3564 2220 in

1989 2261 2146 2314 quam
2195 2247 2453 2302 levabaris
2497 2259 2750 2319 aegrotus,
2786 2260 2841 2306 et
2877 2267 2910 2306 a
2951 2254 3255 2310 vulneribus
3297 2255 3562 2311 latronum

1989 2336 2275 2408 semivivus
2300 2337 2535 2404 relictus,
2559 2350 2616 2395 ut
2642 2341 2708 2395 ad
2737 2342 2999 2398 stabulum
3022 2343 3390 2414 perducereris
3411 2345 3560 2418 (Luc.

1992 2442 2043 2490 x,
2067 2427 2154 2492 50,
2179 2428 2290 2500 54),
2317 2439 2370 2484 ει
2393 2429 2466 2485 ibi
2485 2433 2768 2488 sanareris.
2801 2432 2942 2504 Ergo
2965 2449 3240 2490 curramus
3263 2436 3562 2493 addomum

1991 2519 2220 2588 Domini,
2252 2529 2306 2575 et
2331 2523 2698 2591 perveniamus
2727 2524 2793 2579 ad
2818 2526 3086 2581 civitatem
3115 2526 3204 2581 ubi
3228 2535 3370 2582 stent
3397 2528 3564 2598 pedes

1994 2613 2193 2680 nostri;
2224 2613 2490 2669 civitatem
2511 2631 2624 2686 qua:
2645 2616 2928 2685 aediﬁcatur
2946 2627 2998 2670 ut
3021 2618 3214 2684 civitas,
3237 2619 3381 2690 cujus
3407 2620 3562 2688 parti-

1991 2703 2175 2772 cipatio
2193 2703 2301 2773 ejus
2319 2705 2372 2758 in
2389 2704 2627 2774 idipsum.
2651 2706 2788 2773 Quid
2816 2708 2955 2762 enim
2983 2709 3144 2764 debes
3173 2711 3574 2778 tenere‘lQuod

1991 2809 2090 2866 pro
2120 2806 2170 2851 te
2199 2795 2365 2852 factus
2392 2808 2474 2854 est
2496 2796 2758 2866 Christus,
2789 2801 2910 2870 quia
2941 2801 3054 2869 ipse
3084 2801 3486 2868 estChristus;
3515 2815 3565 2858 ει

1992 2886 2105 2956 ipse
2130 2884 2373 2943 Christus
2401 2898 2544 2945 recte
2569 2890 2898 2961 intelligitur,
2928 2891 3039 2964 Ego
3061 2910 3171 2947 sum
3200 2896 3285 2963 qui
3309 2910 3436 2960 sum,
3462 2907 3563 2964 quc

1992 2976 2152 3031 modo
2194 2985 2277 3032 est
2318 2978 2375 3038 in
2401 2979 2568 3034 forma
2597 2981 2712 3034 Dei.
2749 2980 2842 3036 Ubi
2876 2996 2979 3036 non
3018 2983 3254 3050 rapinam
3283 2983 3568 3039 arbitratus

1991 3075 2072 3122 est
2101 3081 2220 3121 esse
2245 3068 2464 3138 aequalis
2494 3069 2603 3124 Deo
2633 3067 2889 3143 (Philipp.
2919 3086 2976 3138 ιι,
3009 3071 3085 3139 6),
3115 3072 3184 3126 ibi
3207 3079 3286 3128 est
3313 3072 3563 3142 idipsum.

1993 3156 2060 3212 Ut
2088 3166 2263 3213 autem
2287 3157 2535 3214 elﬁciaris
2566 3168 2619 3214 tu
2650 3161 2916 3230 particeps
2938 3161 2989 3215 in
3011 3161 3260 3231 idipsum.
3290 3160 3460 3218 factus
3485 3175 3570 3220 est

1992 3246 2107 3317 ipse
2144 3248 2292 3318 prior
2319 3249 2582 3319 particeps
2611 3249 2686 3303 tui
2711 3266 2726 3313 ;
2754 3259 2808 3304 et
2827 3248 3060 3305 Verbum
3091 3265 3216 3306 caro
3244 3249 3441 3306 Pactum
3461 3262 3568 3310 est;

1991 3346 2050 3392 ut
2077 3353 2200 3393 caro
2227 3339 2504 3408 participet
2535 3339 2781 3394 Verbum.
2826 3339 2960 3408 Quia
2987 3355 3129 3396 vero
3167 3340 3307 3411 quod
3334 3342 3569 3398 Verbum

1991 3445 2116 3486 caro
2144 3429 2337 3485 factum
2367 3439 2523 3486 estet
2551 3431 2802 3486 habitavit
2827 3432 2880 3486 in
2900 3430 3062 3487 nobis
3083 3431 3260 3504 (Joau.
3288 3449 3327 3500 ι,
3357 3433 3470 3503 tl),
3499 3449 3564 3488 ex

1992 3522 2193 3577 semine
2237 3524 2386 3577 venit
2414 3521 2714 3588 Abraham;
2748 3523 3064 3592 promissum
3091 3533 3174 3578 est
3195 3532 3370 3579 autem
3402 3523 3569 3578 Abra-

1993 3611 2076 3666 b;e
2105 3621 2159 3667 et
2183 3611 2328 3667 Isaac
2356 3621 2410 3690 et
2444 3612 2628 3680 Jacob,
2655 3613 2796 3684 quod
2827 3614 2878 3668 in
2908 3615 3110 3670 semine
3135 3629 3319 3669 eorum
3348 3614 3566 3670 benedi-

1992 3713 2242 3758 cerentur
2263 3719 2449 3758 omnes
2478 3714 2660 3774 gentes
2686 3703 2835 3774 (Gen.
2866 3721 3002 3770 χιιι,
3031 3706 3162 3775 l8);
3193 3714 3248 3760 et
3276 3705 3397 3761 inde
3424 3705 3574 3759 vide-

1994 3809 2112 3848 mus
2144 3793 2429 3850 Ecclesiam
2461 3803 2572 3849 toto
2597 3797 2725 3851 orbe
2747 3795 2990 3850 diffusam
3023 3813 3039 3850 :
3071 3795 3312 3866 loquitur.
3328 3795 3393 3849 ad
3425 3795 3573 3850 infir-

1995 3899 2110 3939 mos
2136 3885 2296 3940 Deus.
2323 3884 2650 3941 Firmitatem
2681 3886 2857 3941 cordis
2887 3886 3148 3956 quaisivil,
3178 3901 3300 3941 cum
3329 3886 3533 3941 diceret
3558 3936 3571 3955 ,

1995 3975 2105 4048 Ego
2129 3994 2239 4032 sum
2265 3978 2349 4048 qui
2375 3995 2519 4032 sum:
2540 3978 2840 4034 ﬁrmitatem
2861 3979 3036 4035 cordis
3051 3979 3312 4050 quaesivit,
3329 3987 3384 4034 et
3399 3979 3570 4034 aciem

1995 4067 2454 4138 contemplationis
2481 4077 2732 4136 erectam,
2760 4085 2879 4124 cum
2907 4069 3060 4137 dixit,
3089 4069 3189 4136 Qui
3210 4079 3302 4134 est,
3331 4071 3466 4126 misit
3493 4085 3574 4123 me

1996 4160 2063 4214 ad
2091 4178 2197 4214 vos.
2225 4160 2330 4216 Sed
2359 4161 2592 4216 nondum
2623 4162 2787 4217 habes
2817 4163 2952 4218 forte
2975 4164 3004 4199 ¹λ
3023 4162 3525 4232 contemplationem
3560 4183 3570 4215 :

1997 4253 2102 4309 noli
2146 4252 2410 4319 deﬁcere,
2457 4254 2566 4308 noli
2612 4254 2915 4324 desperare.
2963 4255 3061 4322 Qui
3103 4263 3204 4318 est,
3248 4255 3417 4310 voluit
3455 4269 3588 4310 esse

2000 4344 2182 4409 homo,
2213 4353 2269 4398 ut
2297 4353 2350 4399 tu
2375 4358 2472 4409 es;
2503 4352 2558 4399 et
2599 4345 2718 4400 ideo
2756 4355 2968 4400 secutus
3007 4345 3082 4399 ait
3103 4346 3274 4417 Moysi
3304 4347 3454 4416 quasi
3483 4361 3576 4401 ex-

1997 4435 2302 4505 paiescenti
2332 4449 2546 4489 nomen.
2575 4435 2724 4503 Quod
2754 4438 2990 4493 nomen?
3027 4437 3176 4502 Quod
3209 4448 3308 4502 est,
3352 4437 3466 4492 Est.
3506 4436 3551 4491 Ε
3557 4451 3590 4491 ι.

1998 4527 2145 4589 dixit,
2173 4526 2358 4596 inquit,
2383 4525 2627 4580 Dominus
2646 4526 2968 4598 adMoysen,
3000 4527 3110 4598 Ego
3135 4544 3247 4581 sum
3266 4527 3398 4581 Deus
3419 4528 3575 4581 Abra-

2000 4619 2138 4685 ham,
2170 4628 2217 4673 et
2246 4619 2381 4673 Deus
2409 4616 2559 4672 Isaac
2577 4659 2593 4683 ,
2640 4627 2686 4672 et
2734 4617 2867 4672 Deus
2891 4617 3049 4673 Jacob
3081 4634 3100 4674 :
3127 4621 3219 4673 hoc
3247 4619 3370 4672 mihi
3397 4635 3592 4673 nomen

2002 4720 2072 4764 est
2102 4712 2153 4763 in
2185 4719 2428 4764 ceternum
2467 4709 2658 4780 (Exod.
2704 4719 2782 4776 ιιι,
2817 4710 3034 4777 15-15).
3066 4710 3184 4764 Noli
3209 4711 3277 4766 de
3308 4721 3359 4766 te
3387 4712 3584 4780 despe-

2001 4816 2142 4867 rare,
2173 4802 2294 4870 quia
2332 4800 2462 4865 dixi,
2490 4799 2602 4871 Ego
2640 4817 2751 4855 sum
2779 4802 2866 4872 qui
2911 4819 3043 4869 sum,
3074 4812 3146 4865 et,
3197 4803 3298 4867 Qui
3323 4812 3413 4866 est,
3444 4805 3582 4857 misit

2001 4908 2082 4946 me
2122 4893 2189 4944 ad
2217 4907 2302 4946 vos
2333 4907 2352 4946 :
2382 4892 2504 4959 quia
2552 4900 2606 4945 tu
2655 4892 2813 4946 modo
2859 4891 3102 4958 ﬁuctuas,
3133 4902 3186 4946 et
3231 4893 3580 4948 mutabilitate

2002 5000 2180 5039 rerum
2203 4994 2256 5038 et
2277 4984 2534 5039 varietate
2550 4984 2886 5038 mortalitatis
2909 4985 3151 5038 humana:
3174 4984 3450 5053 percipere
3470 5000 3576 5039 nou

2005 5085 2154 5145 potes
2177 5074 2318 5144 quod
2343 5083 2426 5130 est
2454 5074 2704 5144 idipsum.
2736 5075 2844 5144 Ego
2866 5075 3151 5140 descendo,
3175 5075 3294 5142 quia
3324 5083 3376 5128 tu
3398 5075 3580 5130 venire

2006 5184 2110 5224 non
2154 5177 2326 5237 potes.
2361 5167 2470 5238 Ego
2494 5185 2606 5222 sum
2628 5167 2764 5222 Deus
2789 5169 3064 5230 Abraham,
3094 5176 3139 5221 et
3167 5167 3301 5220 Dens
3330 5163 3501 5232 Isaac,
3525 5177 3582 5224 et

2005 5259 2142 5314 Deus
2185 5257 2364 5314 Jacob.
2398 5259 2452 5312 Ιιι
2496 5259 2695 5313 semine
2745 5258 3012 5313 Abraham
3058 5272 3212 5326 spera
3260 5256 3476 5326 aliquid,
3527 5267 3591 5311 ιιι.

2006 5349 2308 5406 conﬁrmari
2337 5350 2509 5419 possis
2536 5350 2602 5403 ad
2633 5348 2913 5403 videndum
2940 5348 3028 5418 qui
3072 5349 3212 5402 venit
3240 5347 3304 5401 ad
3337 5357 3386 5402 ιε
3415 5348 3467 5401 in
3495 5363 3581 5402 se-

2008 5443 2150 5498 mine
2179 5442 2424 5496 Abrahaa.

2078 5536 2132 5590 6.
2177 5536 2314 5604 Ergo
2342 5534 2441 5588 hoc
2468 5541 2549 5587 est
2578 5532 2801 5602 idipsum
2839 5532 2908 5588 de
2930 5548 3034 5603 quo
3063 5532 3258 5593 dictum
3284 5542 3387 5597 cst,
3417 5533 3582 5586 Muta.

2073 5693 2087 5724 ¹
2115 5688 2337 5751 Plerique
2353 5693 2483 5751 Mss,
2508 5685 2771 5748 perducere
2793 5685 2945 5738 aciem
2963 5685 3148 5748 mentis,
3166 5687 3431 5751 perducere
3448 5683 3581 5749 inﬁr-

2010 5753 2218 5806 mitatem
2240 5749 2444 5799 mentis-

2078 5818 2096 5848 ²
2122 5814 2248 5865 Alter
2275 5825 2304 5861 ε
2325 5811 2463 5860 corb.
2491 5816 2616 5869 uss,
2647 5807 2832 5870 fortem.
