4074 6480
782 295 811 309 ...ς

470 331 606 384 “23

469 444 540 495 bis
567 458 644 507 ea,
677 450 723 493 et
751 442 1108 505 mutabuntur;
1135 449 1188 493 tu
1236 446 1401 493 autem
1426 441 1558 495 idem
1597 441 1705 511 ipse
1740 459 1810 509 es,
1843 453 1889 497 et
1926 446 2048 498 anni

468 531 542 583 tui
554 546 654 583 non
674 531 903 597 deﬁcient
928 528 1096 600 (Psal.
1118 544 1188 593 et,
1209 529 1279 582 27
1290 538 1337 582 et
1347 529 1462 599 28).
1484 529 1621 585 Ecce
1636 531 1874 601 idipsum,
1896 534 2049 602 cujus

468 625 591 677 anni
616 640 717 677 non
736 623 987 689 deﬁcient.
1019 622 1254 688 Fratres,
1279 638 1453 679 nonne
1474 624 1597 678 anni
1620 626 1787 680 nostri
1813 625 2048 695 quotidie

467 714 736 777 deficiunt,
782 728 880 767 nec
909 722 1046 767 stant
1091 714 1308 767 omnino
1327 714 1354 767 ?
1378 714 1508 768 Nam
1537 723 1589 769 et
1630 716 1717 785 qui
1746 723 2043 781 venerunt,

464 807 570 874 jam
600 819 706 857 non
731 812 888 866 sunt;
924 812 975 857 et
1002 805 1089 871 qui
1122 802 1281 857 futuri
1310 814 1454 869 sunt,
1489 804 1721 858 nondum
1751 814 1873 859 sunt
1897 824 1909 859 :
1930 806 2039 875 jam

464 897 539 949 illi
565 893 891 956 defecerunt,
938 894 1089 948 etilli
1134 894 1387 948 defecturi
1434 896 1638 949 venturi
1684 905 1827 949 sunt.
1861 896 1913 948 In
1946 896 2047 952 hoc

465 1001 592 1055 ergo
619 986 732 1055 ipso
760 1001 867 1038 uno
893 985 997 1047 die,
1031 986 1236 1049 fratres,
1269 1002 1394 1041 ecce
1423 987 1580 1041 modo
1609 987 1749 1056 quod
1779 988 2047 1056 loquimur

463 1080 515 1131 in
550 1087 819 1132 momento
844 1087 942 1132 est.
975 1079 1263 1133 Prasterita:
1304 1080 1449 1132 horae
1478 1079 1821 1142 transierunt,
1854 1077 2045 1139 futurae

464 1169 696 1221 nondum
734 1177 1031 1232 venerunt;
1072 1178 1124 1223 et
1154 1184 1273 1222 cum
1304 1171 1564 1230 venerint.
1608 1179 1662 1222 et
1689 1170 1816 1235 ipsa:
1847 1168 2043 1222 transi-

462 1259 591 1313 hunt
621 1268 673 1313 et
695 1258 961 1313 deﬁcient.
988 1260 1087 1326 Qui
1113 1268 1236 1314 sunt
1256 1260 1375 1313 anui
1397 1260 1486 1329 qui
1518 1260 1625 1313 non
1645 1259 1917 1323 deficiunt,
1943 1258 2043 1312 nisi

460 1350 549 1419 qui
578 1350 760 1404 stant?
790 1351 843 1403 Si
867 1365 993 1419 ergo
1022 1350 1231 1405 ibianni
1257 1359 1418 1417 stant,
1443 1360 1494 1404 et
1523 1351 1619 1420 ipsi
1644 1352 1766 1404 anui
1789 1351 1877 1421 qui
1900 1359 2043 1405 stant

460 1457 598 1495 unus
628 1454 796 1495 annus
823 1451 923 1508 est,
954 1451 1008 1496 et
1034 1442 1145 1510 ipse
1173 1458 1305 1496 unus
1331 1457 1500 1496 annus
1528 1442 1619 1512 qui
1646 1450 1749 1495 stat
1771 1457 1904 1496 unus
1926 1442 2041 1497 dies

460 1540 579 1598 est;
610 1534 729 1602 quia
763 1534 875 1601 ipse
915 1549 1050 1588 unus
1075 1534 1188 1587 dies
1233 1549 1333 1588 nec
1360 1542 1534 1599 ortum
1567 1534 1726 1589 habet
1751 1549 1848 1588 nec
1890 1548 2043 1589 occa-

459 1638 613 1689 sum,
657 1640 755 1679 uec
802 1626 1081 1681 inchoatur
1121 1627 1188 1680 ab
1218 1626 1487 1691 hesterno,
1536 1642 1634 1681 nec
1676 1626 1981 1682 excluditur
2009 1643 2039 1681 a

460 1714 715 1781 crastino,
747 1714 839 1768 sed
865 1724 967 1769 stat
989 1730 1201 1785 semper
1232 1716 1317 1771 ille
1339 1718 1451 1771 dies
1484 1734 1497 1769 :
1529 1726 1582 1771 et
1609 1717 1748 1786 quod
1777 1717 1856 1771 vis
1881 1731 2040 1772 vocas

460 1804 610 1858 illum
640 1805 778 1860 diem
806 1823 820 1871 ;
848 1808 892 1862 si
917 1807 1017 1871 vis,
1048 1807 1171 1861 anui
1192 1818 1349 1873 sunt;
1380 1809 1422 1861 si
1448 1808 1550 1872 vis,
1582 1809 1696 1862 dies
1724 1816 1841 1872 est;
1874 1808 2041 1878 quod-

459 1911 689 1965 cumque
727 1899 1059 1967 cogitaveris,
1098 1907 1203 1953 stat
1242 1908 1415 1953 tamen
1449 1917 1462 1952 :
1496 1899 1663 1967 ipsius
1692 1899 1995 1954 stabilitatis
2021 1899 2038 1931 ²

458 1989 741 2059 participat
771 1991 859 2045 illa
888 1993 1074 2046 civitas
1098 1992 1241 2061 cujus
1268 1992 1587 2061 participatio
1612 2000 1683 2044 est
1702 1990 1754 2043 in
1782 1991 2001 2061 idipsum
2020 2007 2039 2043 :

459 2081 652 2136 merito
680 2096 826 2151 ergo,
856 2081 976 2151 quia
1007 2081 1147 2135 illius
1175 2082 1476 2135 stabilitatis
1504 2081 1561 2134 lit
1590 2081 1877 2150 particeps,
1907 2081 2037 2134 dicit

455 2170 562 2225 iste
587 2172 674 2240 qui
702 2171 824 2224 illuc
847 2170 1032 2235 currit,
1067 2171 1271 2225 Stantes
1300 2181 1441 2223 erant
1462 2170 1611 2238 pedes
1636 2171 1794 2224 nostri
1819 2171 1871 2223 in
1892 2170 2039 2225 atriis

459 2262 767 2316 Jerusalem.
795 2262 983 2317 Omnia
1014 2264 1153 2317 enim
1179 2263 1248 2317 ibi
1280 2271 1440 2326 stant,
1469 2263 1558 2317 ubi
1579 2262 1708 2317 nihil
1730 2262 2036 2319 transit.Vis

456 2360 511 2405 et
535 2359 592 2406 tu
620 2352 689 2406 ibi
732 2360 877 2408 stare
902 2361 958 2408 et
986 2368 1090 2407 non
1132 2353 1401 2408 transire?
1432 2354 1559 2408 Illuc
1589 2369 1764 2408 curre.
1802 2353 2034 2423 Idipsum

456 2458 617 2499 nemo
637 2444 793 2499 habet
818 2460 881 2499 ex
908 2459 986 2499 se.
1008 2444 1288 2510 lntendite,
1312 2443 1523 2499 fratres.
1554 2444 1702 2511 Quod
1728 2458 1920 2512 corpus
1944 2443 2036 2496 ha-

453 2534 561 2599 bet,
605 2550 709 2589 non
741 2544 824 2590 est
871 2535 1132 2604 idipsum;
1160 2536 1282 2605 quia
1326 2533 1516 2589 nonin
1544 2548 1602 2589 se
1638 2543 1760 2588 stat.
1804 2534 2037 2589 Mutatur

454 2641 551 2694 per
576 2634 776 2689 aetates,
812 2635 1041 2680 mutatur
1068 2641 1170 2696 per
1197 2626 1518 2679 mutationes
1548 2624 1781 2679 locorum
1805 2639 1866 2678 ac
1891 2632 2028 2678 tem-

453 2731 667 2785 porum,
699 2724 931 2771 mutatur
970 2732 1065 2787 per
1107 2717 1321 2771 morbos
1365 2724 1419 2771 et
1460 2715 1699 2770 defectus
1744 2716 2027 2770 caruales:

450 2820 559 2861 non
585 2822 713 2877 ergo
736 2806 790 2861 in
816 2821 873 2861 se
906 2814 1028 2862 stat.
1055 2805 1290 2877 Corpora
1317 2806 1552 2861 coelestia
1579 2820 1684 2859 non
1712 2806 1763 2859 in
1792 2820 1850 2860 se
1868 2813 2028 2861 stant:

449 2896 648 2953 habent
677 2897 929 2967 quasdam
961 2898 1276 2952 mutationes
1302 2912 1447 2964 suas,
1473 2897 1571 2953 etsi
1592 2898 1859 2963 occultas;
1884 2907 2029 2954 certe

451 2989 519 3044 de
546 2990 679 3044 locis
708 2993 759 3044 in
808 2990 922 3044 loca
974 2998 1264 3055 mutantur,
1297 2989 1593 3044 ascendunt
1628 2989 1697 3043 ab
1724 2989 1928 3045 oriente
1974 2990 2029 3045 ia

450 3079 805 3145 occidentem,
839 3088 891 3134 et
916 3094 1101 3135 rursus
1137 3080 1471 3135 circumeunt
1508 3078 1573 3133 ad
1601 3078 1859 3134 orientem
1885 3096 1898 3131 :
1923 3094 2029 3134 non

449 3184 580 3239 ergo
616 3178 777 3237 stant,
824 3186 930 3225 non
967 3179 1094 3225 sunt
1138 3170 1388 3240 idipsum.
1417 3169 1608 3224 Anima
1654 3169 1882 3224 humana
1932 3185 2031 3225 nec

446 3260 564 3329 ipsa
595 3269 717 3316 stat.
745 3260 969 3327 Quantis
989 3262 1130 3317 enim
1148 3261 1528 3317 mutationibus
1544 3269 1597 3315 et
1618 3262 2029 3330 cogitationibus

446 3353 715 3407 variatur!
747 3353 959 3423 quantis
1001 3353 1356 3423 voluptatibus
1385 3354 1407 3384 ⁸
1434 3352 1777 3407 immutaturl
1820 3353 2029 3422 quantis

446 3445 822 3514 cupiditatibus
846 3444 1214 3500 diverberatur
1239 3454 1399 3514 atque
1437 3443 1752 3498 discinditur
1778 3444 1835 3498 'l
1882 3444 2028 3501 Mens

445 3536 561 3607 ipsa
592 3535 847 3601 hominis,
891 3551 1010 3605 qua:
1037 3535 1229 3589 dicitur
1256 3534 1550 3600 rationalis,
1603 3535 1873 3589 mutabilis
1901 3544 1983 3590 est
2007 3578 2023 3603 ,

447 3640 554 3681 non
583 3634 665 3680 est
694 3625 942 3696 idipsum.
980 3624 1136 3679 Modo
1160 3624 1291 3689 vult,
1321 3624 1480 3679 modo
1523 3639 1629 3678 non
1668 3625 1817 3689 vult;
1863 3625 2023 3681 modo

446 3717 572 3784 scit,
603 3715 762 3771 modo
790 3717 991 3779 nescit;
1021 3714 1179 3769 modo
1203 3714 1462 3774 meminit.
1486 3713 1647 3768 modo
1672 3713 2022 3769 obliviscitur:

446 3823 574 3878 ergo
600 3808 828 3877 idipsum
855 3821 1013 3862 nemo
1041 3806 1203 3861 habet
1228 3822 1293 3861 ex
1320 3821 1397 3860 se.
1426 3806 1525 3873 Qui
1556 3805 1719 3859 voluit
1745 3820 1813 3861 ex
1842 3820 1901 3861 se
1927 3805 2025 3860 ha-

444 3898 575 3953 bere
604 3898 854 3968 idipsum,
879 3906 934 3951 ut
960 3897 1111 3967 quasi
1142 3896 1254 3967 ipse
1274 3897 1373 3951 sibi
1400 3904 1546 3951 esset
1570 3895 1820 3966 idipsum,
1845 3896 2027 3965 lapsus

444 3998 529 4043 est
558 4007 570 4043 :
599 3987 792 4043 cecidit
818 3987 1060 4058 angelus,
1088 3994 1141 4042 et
1166 3986 1334 4041 factus
1358 3995 1440 4042 est
1467 3986 1730 4041 diabolus.
1765 3985 2025 4056 Propina-

444 4080 520 4133 vit
545 4078 744 4133 homini
773 4078 1097 4148 superbiam,
1144 4076 1338 4147 dejecit
1366 4091 1544 4132 secum
1584 4076 1870 4132 invidentia
1901 4093 2022 4132 eum

443 4172 534 4242 qui
564 4170 752 4226 stabat.
784 4170 876 4226 Isti
903 4169 1002 4225 sibi
1024 4170 1305 4224 voluerunt
1331 4168 1557 4239 idipsum
1580 4183 1726 4235 esse;
1760 4170 1859 4224 sibi
1887 4170 2026 4238 prin-

442 4263 631 4333 cipari,
680 4263 777 4316 sibi
823 4261 1083 4317 dominari
1127 4260 1459 4316 voluerunt:
1494 4260 1775 4315 noluerunt
1827 4260 2025 4316 habere

442 4367 629 4408 verum
662 4352 961 4415 Dominum,
1003 4351 1093 4422 qui
1120 4366 1247 4406 vere
1294 4359 1375 4405 est
1405 4351 1654 4420 idipsum,
1702 4351 1785 4405 cui
1816 4351 2016 4405 dictum

441 4452 545 4511 est,
576 4443 797 4499 Mulabis
826 4461 905 4510 ea,
928 4452 976 4498 et
994 4443 1359 4506 mutabuntur;
1389 4452 1442 4496 tu
1463 4451 1628 4496 autem
1654 4442 1785 4495 idem
1818 4443 1926 4511 ipse
1944 4460 2015 4497 es.

440 4535 557 4591 Jam
586 4550 714 4605 ergo
742 4542 862 4605 post
877 4543 1075 4589 tantum
1103 4534 1432 4603 languorem,
1451 4541 1569 4601 post
1588 4540 1763 4586 tantos
1781 4531 2017 4597 morbos,

441 4625 800 4690 difﬁcultates,
831 4626 1063 4691 labores,
1095 4624 1279 4679 redeat
1318 4625 1491 4678 anima
1525 4622 1797 4677 humiliata
1829 4623 1896 4677 ad
1941 4622 2023 4677 id-

440 4717 649 4785 ipsum:
682 4724 730 4771 et
764 4716 834 4771 sit
871 4715 923 4770 in
954 4715 1039 4770 illa
1064 4715 1279 4771 civitate
1305 4716 1450 4785 cujus
1482 4713 1801 4784 participatio
1832 4715 1942 4785 ejus
1966 4713 2020 4768 in

440 4807 681 4875 idipsum.

513 4899 564 4952 7.
598 4897 745 4971 [vers.
780 4895 859 4971 4.]
898 4897 1033 4952 Illuc
1060 4898 1193 4952 enim
1220 4896 1548 4951 ascenderunt
1591 4895 1766 4949 tribus.
1803 4895 2020 4962 Quane-

438 4992 627 5045 hamus
654 4990 796 5045 enim
827 5004 932 5060 quo
960 4988 1211 5044 ascendat
1239 4987 1326 5057 qui
1361 4986 1585 5051 cecidit;
1617 4986 1738 5057 quia
1767 4985 2016 5050 diximus,

438 5084 776 5140 ascendentis
824 5081 1052 5137 hominis
1081 5095 1182 5134 vox
1222 5087 1323 5145 est,
1369 5077 1706 5133 ascendentis
1746 5077 2019 5132 Ecclesiae.

437 5177 760 5232 Putamusne
790 5189 895 5245 quo
918 5170 1198 5228 ascendit?
1226 5184 1331 5239 quo
1360 5169 1443 5223 it?
1465 5184 1570 5240 quo
1596 5168 1857 5239 erigitur?
1882 5167 2020 5223 Illuc

436 5269 785 5331 ascenderunt,
818 5267 1007 5336 inquit,
1050 5264 1226 5319 tribus.
1257 5263 1375 5331 Quo
1416 5261 1771 5317 ascenderunt
1812 5259 2021 5314 tribus?

436 5362 494 5413 In
536 5360 802 5415 civitatem
845 5361 991 5428 cujus
1021 5356 1338 5426 participatio
1380 5354 1489 5423 ejus
1518 5354 1568 5405 in
1599 5352 1838 5421 idipsum.
1872 5351 2017 5419 Ergo

437 5451 559 5506 illuc
584 5449 906 5513 ascenditur,
939 5449 991 5503 in
1036 5447 1352 5503 Jerusalem.
1386 5445 1558 5499 Ilomo
1586 5452 1762 5498 autem
1787 5442 1877 5513 qui
1921 5442 2020 5498 de-

501 5584 518 5616 ι
544 5590 644 5632 Am.
702 5590 754 5634 et
787 5582 1014 5647 plerique
1045 5588 1182 5643 Mss,
1225 5585 1318 5632 stat
1355 5593 1367 5629 :
1404 5586 1561 5629 tamen
1599 5576 1751 5642 ipsius
1786 5575 2021 5629 stabilita-

436 5655 528 5773 ως
549 5653 738 5773 ξίξιξιιοι
758 5712 885 5766 Mss,
908 5678 1237 5773 uahauatibusr-
1364 5763 1392 5773 ,,
1426 5770 1434 5773 _
1520 5764 1547 5773 ..

506 5769 527 5802 ³
551 5764 718 5819 Plures
738 5764 879 5831 Mss,
892 5768 1161 5819 diversatur
1178 5772 1321 5831 atque
1340 5764 1645 5815 distmdilur.

1687 333 1744 388 S.
1788 332 2147 390 AUGUSTINI
2186 335 2486 392 EPISCOPI

3590 355 3615 411 1
3628 354 3735 415 624

2159 450 2446 504 scendebat
2490 450 2555 505 de
2581 450 2869 506 Jerusalem
2897 452 2947 508 in
2976 453 3221 528 Iericho,
3255 458 3436 517 incidit
3474 464 3525 519 in
3566 466 3737 525 latro-

2154 557 2250 597 nes
2277 542 2423 613 (Luc.
2454 560 2511 608 x,
2543 543 2655 614 30).
2685 545 2800 601 Νοη
2822 547 3188 617 descenderet,
3218 562 3273 609 et
3299 571 3403 611 non
3427 558 3443 589 ί
3473 558 3733 617 incideret

2154 632 2205 685 in
2235 632 2488 689 latrones.
2520 635 2652 704 Quia
2691 652 2820 692 vero
2847 637 3219 699 descendendo
3254 646 3436 703 incidit
3479 650 3531 704 in
3564 651 3733 708 latro-

2154 736 2269 813 nes,
2300 724 2638 779 ascendendo
2677 728 2851 781 veniat
2892 729 2957 783 ad
2986 734 3234 803 Angelos.
3265 737 3535 795 Ascendat
3563 758 3729 813 ergo,

2152 810 2270 878 quia
2297 814 2653 869 ascenderunt
2681 816 2866 872 tribus.
2898 817 3002 873 Sed
3033 837 3151 891 quire
3178 836 3300 879 sunt
3345 829 3554 884 tribus?
3580 810 3733 889 Multi

2149 912 2433 967 noverunt,
2466 906 2613 960 multi
2654 922 2756 963 non
2788 921 3063 965 noverunt.
3098 914 3202 970 Sed
3247 928 3299 970 et
3342 935 3437 972 nos
3463 922 3552 991 qui
3585 925 3737 979 novi-

2154 1006 2290 1054 mus,
2320 992 2706 1053 descendamus
2740 999 2804 1052 ad
2836 999 2953 1053 illos
2982 1002 3073 1073 qui
3105 1019 3207 1058 non
3238 1021 3496 1063 noverunt
3523 1012 3730 1081 tribus,

2152 1090 2208 1135 ut
2234 1083 2505 1140 nobiscum
2524 1090 2811 1144 ascendant
2831 1108 2934 1162 quo
2954 1095 3308 1157 ascenderunt
3327 1101 3512 1155 tribus.
3537 1104 3733 1161 Tribus

2151 1174 2255 1229 alio
2280 1177 2493 1232 nomine
2519 1179 2623 1233 dici
2655 1194 2874 1250 possunt
2903 1186 3083 1253 curias,
3111 1187 3203 1241 sed
3234 1205 3336 1242 non
3365 1194 3595 1263 proprie.
3628 1194 3735 1249 Ita-

2149 1279 2252 1334 que
2281 1267 2447 1323 tribus
2477 1285 2581 1323 uno
2607 1273 2821 1328 nomine
2843 1275 2948 1330 alio
2972 1278 3186 1347 proprie
3208 1278 3308 1334 dici
3339 1298 3443 1336 non
3474 1296 3733 1354 possunt;

2150 1356 2243 1413 sed
2274 1358 2449 1415 vicino
2478 1360 2726 1417 dicuntur
2750 1368 2930 1421 curiae.
2962 1367 3095 1424 Nam
3126 1373 3340 1441 proprie
3369 1374 3415 1429 si
3437 1375 3734 1435 dixerimus

2148 1451 2343 1515 curias,
2391 1468 2494 1507 non
2528 1454 2891 1528 intelliguntur
2928 1460 3029 1515 nisi
3060 1463 3221 1518 curia:
3251 1481 3371 1535 qua:
3414 1480 3537 1524 sunt
3563 1469 3618 1524 in
3648 1472 3734 1527 ci-

2148 1545 2398 1600 vitatibus
2428 1547 2648 1618 singulis
2677 1550 2931 1621 singulce;
2960 1554 3102 1611 unde
3130 1558 3359 1613 curiales
3388 1569 3442 1615 et
3481 1561 3735 1618 decurio-

2148 1650 2264 1702 nes,
2295 1636 2347 1691 id
2382 1646 2483 1704 est,
2511 1639 2654 1709 quod
2678 1642 2784 1696 sint
2809 1643 2862 1696 in
2892 1645 3036 1699 curia
3064 1648 3145 1701 vel
3186 1647 3402 1703 decuria
3434 1669 3445 1705 :
3474 1661 3528 1706 et
3559 1654 3735 1708 nostis

2146 1725 2268 1794 quia
2309 1728 2439 1782 tales
2479 1731 2653 1785 curias
2697 1732 2931 1803 singulas
2972 1735 3171 1791 habent
3217 1739 3436 1809 singula:
3464 1742 3733 1799 civitates.

2145 1817 2279 1872 Sunt
2305 1828 2481 1875 autem
2512 1822 2595 1877 vel
2621 1832 2773 1879 erant
2798 1826 3079 1896 aliquando
3106 1828 3157 1883 in
3200 1828 3315 1885 istis
3341 1847 3551 1902 quoque
3592 1836 3733 1890 civi-

2146 1908 2341 1963 tatibus
2368 1911 2529 1965 curia:
2550 1913 2707 1967 etiam
2737 1915 3086 1985 populorum;
3116 1928 3168 1975 et
3196 1936 3298 1975 uua
3322 1922 3509 1977 civitas
3535 1925 3735 1980 multas

2145 2002 2318 2055 curias
2347 2002 2522 2069 habet,
2555 2005 2689 2060 sicut
2728 2007 2894 2061 Roma
2924 2009 3131 2078 triginta
3172 2011 3404 2082 quinque
3430 2015 3606 2069 curias
3633 2014 3731 2070 ha-

2144 2090 2233 2146 bet
2260 2094 2458 2162 p0puli.
2507 2095 2597 2150 Hae
2628 2096 2873 2152 dicuntur
2919 2100 3105 2154 tribus.
3149 2101 3256 2169 [Ias
3293 2104 3520 2172 p0pulus
3565 2104 3729 2162 Israel

2143 2180 2423 2239 duodecim
2454 2185 2700 2253 habebat,
2734 2188 3022 2244 secundum
3054 2190 3190 2247 ﬁlios
3216 2192 3402 2248 Jacob.

2213 2273 2267 2329 8.
2300 2274 2585 2331 Duodecim
2616 2278 2782 2333 tribus
2807 2289 2958 2335 erant
2985 2283 3163 2351 populi
3210 2283 3368 2339 Israel
3398 2303 3412 2340 :
3444 2285 3539 2341 sed
3570 2296 3727 2343 erant

2141 2366 2213 2421 ibi
2245 2368 2389 2434 mali,
2418 2377 2472 2422 et
2512 2381 2666 2425 erant
2696 2370 2764 2425 ibi
2812 2371 2954 2426 boni.
2988 2373 3156 2441 Quam
3199 2376 3341 2430 enim
3370 2377 3525 2434 male:
3557 2380 3730 2437 tribus

2141 2471 2260 2526 qua:
2289 2459 2660 2515 cruciﬁxerunt
2688 2462 3007 2517 Dominum?
3035 2464 3201 2532 Quam
3229 2466 3380 2521 bona:
3408 2468 3573 2524 tribus
3604 2487 3729 2541 quae

2140 2560 2500 2618 cognoverunt
2528 2552 2843 2606 Dominum?
2871 2554 2975 2608 Illae
3004 2570 3130 2623 ergo
3171 2557 3339 2612 tribus
3365 2575 3483 2628 qua:
3510 2560 3739 2616 crucili~

2138 2647 2332 2692 xerunt
2360 2639 2665 2708 Dominum,
2697 2642 2864 2697 tribus
2894 2651 3017 2698 sunt
3044 2644 3260 2701 diaboli.
3307 2647 3436 2702 Cum
3466 2664 3592 2720 ergo
3635 2650 3731 2705 hic

2139 2727 2361 2792 diceret,
2385 2728 2520 2783 Illuc
2536 2730 2667 2785 enim
2686 2732 3012 2787 ascenderunt
3038 2735 3228 2802 tribus;
3254 2752 3319 2791 ne
3339 2752 3524 2794 omnes
3553 2740 3722 2795 tribus

2139 2818 2482 2890 intelligeres,
2530 2821 2764 2888 addidit,
2807 2824 2963 2878 tribus
3004 2823 3228 2880 Domini.
3257 2828 3392 2895 Quid
3420 2838 3522 2894 est,
3554 2830 3712 2884 tribus

2138 2909 2384 2965 Domini?
2408 2911 2537 2980 Qua:
2580 2925 2940 2983 cognoverunt
2972 2915 3273 2973 Dominum.
3308 2918 3388 2972 Ex
3417 2919 3546 2989 ipsis
3573 2920 3721 2974 enim

2137 3002 2415 3059 duodecim
2433 3006 2672 3061 tribubus
2690 3009 2861 3075 malis,
2881 3020 3032 3064 erant
3054 3011 3124 3066 ibi
3150 3011 3271 3066 boni
3297 3012 3363 3067 de
3377 3013 3532 3069 bonis
3554 3015 3724 3070 tribu-

2136 3093 2235 3149 bus
2260 3096 2279 3126 ⁸
2306 3111 2424 3165 qua:
2450 3107 2810 3166 cognoverunt
2840 3098 3208 3155 fabricatorem
3237 3101 3496 3171 civitatis;
3524 3114 3577 3159 et
3604 3107 3720 3176 ipsa

2136 3196 2285 3241 erant
2312 3202 2475 3257 grana
2522 3189 2659 3243 inter
2681 3190 2798 3244 illas
2837 3190 3019 3256 tribus,
3050 3207 3169 3262 quae
3199 3194 3335 3248 inter
3364 3196 3545 3264 paleas
3568 3212 3722 3252 com-

2134 3280 2297 3334 mixta
2328 3289 2470 3335 sunt.
2501 3281 2868 3337 Ascenderunt
2894 3292 3093 3348 autem,
3126 3301 3229 3339 non
3256 3302 3375 3341 cum
3405 3287 3590 3356 paleis,
3620 3290 3718 3345 sed

2136 3371 2305 3426 tribus
2346 3381 2599 3442 purgatae,
2645 3373 2850 3441 electae,
2891 3375 3039 3444 quasi
3091 3376 3257 3432 tribus
3303 3379 3529 3434 Domini.
3579 3380 3719 3436 Illuc

2132 3462 2459 3516 ascenderunt
2485 3464 2662 3529 tribus,
2695 3464 2850 3518 tribus
2877 3463 3103 3518 Domini.
3132 3467 3267 3535 Quid
3297 3478 3395 3533 est,
3424 3471 3581 3524 tribus
3608 3470 3717 3526 Do-

2132 3553 2301 3607 mini?
2345 3551 2704 3607 Testimonium
2731 3553 2915 3609 Israel.
2964 3556 3074 3611 Hoc
3099 3558 3224 3627 quid
3256 3560 3343 3623 sit,
3378 3559 3585 3623 fratres,
3615 3577 3716 3615 au—

2131 3642 2240 3697 dite
2270 3666 2283 3697 :
2314 3642 2673 3699 Testimonium
2699 3646 2884 3713 Israel,
2916 3648 2966 3701 id
2994 3657 3095 3714 est,
3126 3650 3177 3703 in
3208 3651 3396 3718 quibus
3424 3666 3714 3721 cognosca~

2132 3742 2218 3788 tur
2261 3736 2382 3805 quia
2435 3737 2563 3789 est8
2600 3753 2723 3792 vere
2773 3738 2953 3794 Israel.
3005 3739 3140 3806 Quid
3188 3749 3271 3795 est
3316 3743 3456 3797 enim
3506 3744 3719 3801 Israel?

2133 3823 2501 3895 Interpretatio
2528 3829 2756 3882 nominis
2785 3829 2899 3899 ejus
2923 3830 3060 3885 dicta
3104 3841 3185 3885 est
3204 3832 3335 3903 jam,
3362 3844 3418 3888 et
3444 3850 3587 3904 saepe
3626 3837 3713 3895 di-

2130 3923 2280 3970 catur
2308 3932 2319 3968 :
2351 3914 2489 3971 forte
2516 3918 2658 3972 enim
2701 3920 2798 3972 etsi
2828 3935 3012 3974 recens
3040 3920 3179 3975 dicta
3222 3931 3323 3986 est,
3371 3924 3584 3979 excidit.
3617 3927 3711 3980 Di.

2129 4006 2318 4072 eendo,
2359 4022 2457 4061 nos
2499 4006 2755 4063 faciamus
2800 4019 2855 4063 ut
2904 4027 3007 4064 non
3056 4011 3265 4065 excidat
3309 4014 3466 4067 etiam
3512 4016 3590 4069 eis
3619 4016 3715 4085 qui

2129 4097 2305 4167 legere
2336 4114 2439 4151 non
2467 4107 2725 4153 noverunt
2750 4108 2840 4153 aut
2866 4100 3144 4155 uoluerunt
3181 4120 3193 4155 :
3228 4118 3325 4156 nos
3348 4104 3516 4158 simus
3538 4106 3711 4161 codex

2129 4188 2384 4257 ipsorum.
2417 4189 2600 4255 Israel,
2630 4190 2825 4245 Videtis
2856 4192 3020 4246 Deum
3051 4194 3462 4261 interpretatur;
3495 4197 3601 4249 imo
3623 4198 3711 4251 di-

2128 4277 2371 4349 ligentius
2397 4279 2636 4335 discusso
2658 4281 2842 4347 verbo,
2872 4283 2948 4337 sic
2974 4282 3369 4353 interpretatur,
3404 4264 3583 4341 Israel.
3612 4287 3711 4343 Est

2127 4370 2313 4426 videns
2357 4373 2521 4427 Deum
2551 4371 2573 4404 ⁸
2602 4392 2615 4426 :
2644 4382 2941 4443 utrumque,
2984 4385 3064 4429 est
3106 4376 3291 4431 videns
3341 4378 3523 4432 Deum.
3576 4379 3710 4447 Quia

2129 4465 2289 4521 homo
2318 4467 2368 4520 in
2392 4482 2450 4521 se
2479 4482 2582 4520 non
2609 4478 2689 4521 est
2715 4486 2729 4521 :
2757 4476 2989 4522 mutatur
3011 4469 3151 4523 enim
3178 4477 3230 4523 ct
3254 4471 3496 4534 vertitur,
3526 4472 3571 4525 si
3601 4488 3708 4525 non

2128 4558 2408 4627 participet
2452 4558 2567 4627 ejus
2594 4558 2683 4628 qui
2730 4563 2813 4613 est
2857 4558 3105 4628 idipsum.
3156 4560 3303 4616 Tunc
3342 4569 3445 4627 est,
3493 4562 3708 4631 quando

2128 4650 2270 4704 videt
2311 4650 2495 4704 Deum.
2529 4650 2677 4704 Tunc
2702 4649 2843 4703 enim
2893 4659 2994 4717 est,
3042 4651 3253 4719 quando
3294 4651 3434 4708 videt
3465 4668 3584 4707 eum
3616 4653 3709 4723 qui

2127 4749 2243 4804 est;
2278 4748 2331 4794 et
2359 4739 2583 4794 videndo
2611 4755 2731 4794 eum
2760 4740 2847 4809 qui
2874 4747 2977 4804 est,
3010 4740 3068 4794 tit
3094 4751 3146 4795 et
3167 4742 3277 4810 ipse
3304 4758 3399 4810 pro
3431 4742 3592 4797 modo
3609 4758 3712 4798 suo

2128 4842 2185 4886 ut
2214 4832 2301 4886 sit.
2336 4831 2475 4901 Ergo
2512 4831 2625 4900 ipse
2654 4840 2735 4885 est
2765 4830 2944 4895 Israel,
2978 4830 3136 4886 Israel
3174 4842 3255 4886 est
3283 4832 3469 4887 videns
3512 4833 3706 4887 Deum.

2127 4922 2400 4993 Superbus
2424 4937 2550 4991 ergo
2573 4937 2676 4975 non
2702 4934 2782 4976 est
2807 4921 2968 4977 Israel
3003 4941 3014 4974 :
3043 4922 3165 4992 quia
3190 4938 3292 4977 non
3311 4931 3393 4978 est
3420 4924 3705 4993 participa-

2127 5016 2201 5069 tio
2244 5015 2358 5085 ejus
2388 5015 2439 5068 in
2470 5014 2736 5083 idipsum;
2783 5014 2902 5082 qui‘a
2948 5014 3062 5083 ipse
3106 5013 3203 5067 sibi
3236 5014 3346 5067 vult
3386 5030 3506 5069 esse
3536 5016 3585 5068 in
3627 5015 3707 5068 id-

2127 5109 2320 5179 ipsum.
2353 5107 2453 5176 Qui
2490 5108 2589 5162 sibi
2628 5105 2739 5160 vult
2763 5120 2881 5160 essc
2921 5105 3233 5176 principium
3265 5122 3368 5160 non
3400 5116 3481 5162 est
3520 5106 3706 5161 Israel.

2191 5266 2208 5297 ι
2234 5269 2327 5312 Er.:
2352 5260 2401 5312 si
2415 5273 2511 5310 non
2532 5259 2860 5319 descenderet,
2886 5262 2932 5309 et
2969 5271 3063 5308 non
3088 5272 3101 5308 :
3126 5258 3273 5322 Lugd.
3292 5267 3413 5310 Ven.
3436 5267 3488 5310 et
3506 5266 3637 5309 Lov.:
3662 5259 3712 5309 si

2125 5338 2217 5376 non
2240 5323 2566 5380 descenderet,
2588 5334 2701 5379 non,
2727 5328 2822 5371 etc.
2921 5327 2977 5369 at.

2190 5390 2211 5420 ι
2235 5392 2329 5446 Er.:
2350 5382 2565 5446 Exipsis
2594 5382 2721 5446 enim
2758 5380 3013 5432 duodecim
3047 5381 3264 5435 tribubus
3298 5381 3413 5432 mali
3448 5381 3515 5432 ibi
3551 5388 3707 5446 erant,

2128 5446 2237 5499 boni
2254 5445 2314 5496 de
2331 5443 2717 5503 bonis'tribubus,
2730 5456 2838 5503 qua:
2855 5452 3187 5506 cognmernnt.
3212 5447 3284 5495 sic
3302 5446 3446 5494 etiam
3463 5444 3587 5506 apud
3607 5454 3701 5492 Am.

2126 5511 2220 5574 nisi
2240 5508 2369 5571 quod
2407 5507 2624 5574 diversa.
2644 5513 2724 5555 est
2740 5508 3028 5574 verborum.
3056 5507 3396 5574 interpunctio.
3438 5512 3711 5574 stnunuse

2125 5564 2272 5621 Corbf
2289 5578 2413 5619 Mss;
2436 5576 2508 5630 Ea:
2530 5564 2648 5630 ipsis
2672 5564 2799 5630 enim
2823 5566 3080 5630 duodecim
3100 5564 3313 5618 tribubus
3331 5573 3466 5616 erant
3491 5564 3556 5615 ibi
3574 5565 3711 5626 mali,

2126 5630 2352 5695 erant-ibi
2375 5628 2498 5681 boni.
2527 5626 2597 5679 De
2615 5626 2748 5695 bonis
2774 5627 3011 5689 tribubus,
3035 5641 3145 5693 qua:
3162 5636 3495 5695 cognouerunt,
3518 5636 3615 5677 etc.

2192 5696 2213 5727 ³
2236 5691 2423 5755 Aliquot
2441 5699 2567 5755 9155.,
2591 5689 2676 5754 qui
2697 5695 2784 5741 est.

2190 5756 2209 5787 δ
2234 5761 2306 5803 Er.
2325 5752 2479 5816 Lugd.
2501 5752 2669 5803 venet.
2692 5759 2802 5801 Lov.
2829 5752 3087 5813 omittunt,
3113 5760 3281 5802 Deum.
3316 5758 3374 5801 at.
