4074 6478
359 313 384 368 1
395 309 501 365 6Ξ5

356 427 541 483 Omnis
568 440 695 496 ergo
727 423 879 478 ﬁctus
904 436 1007 476 non
1035 428 1117 476 est
1134 419 1315 484 lsrael,
1338 419 1459 490 quia
1483 420 1658 475 omnis
1679 421 1937 490 superbus

357 534 579 578 necesse
605 527 688 575 est
714 524 775 572 ιιι
811 515 965 570 ﬁctus
993 515 1081 568 sit.
1135 513 1244 568 Iloc
1267 513 1408 581 dico,
1459 512 1687 578 fratres;
1719 527 1939 568 necesse

357 623 440 671 est
463 622 521 668 ut
548 611 723 668 omnis
748 606 1011 678 superbus
1038 605 1166 661 velit
1202 605 1369 660 videri
1401 604 1540 675 quod
1567 619 1670 659 non
1697 612 1817 660 est:
1845 605 1943 660 ali—

358 716 458 770 ter,
490 704 684 759 fratres
708 701 833 766 mei,
865 714 970 754 non
998 705 1195 770 potest.
1223 697 1290 752 Et
1315 697 1513 751 utinam
1553 697 1631 752 sic
1655 696 1818 752 vellet
1847 710 1940 751 su-

360 796 560 866 perbus
587 793 755 848 videri
799 789 942 861 quod
987 804 1092 842 non
1123 795 1225 854 est,
1266 794 1324 841 ut
1366 787 1530 842 vellet
1574 787 1761 850 videri,
1792 786 1942 842 verbi

361 901 538 948 causa,
569 883 843 948 choraula,
873 896 992 936 cum
1023 879 1269 935 choraula
1303 895 1405 933 non
1445 887 1607 933 esset.
1651 879 1770 933 Cito
1801 879 1942 932 enim

359 975 712 1048 probaretur;
757 973 1022 1027 diceretur
1045 970 1094 1026 ei
1123 972 1139 1003 ί
1169 987 1182 1022 :
1213 969 1421 1035 Canta;
1454 970 1726 1025 videamus
1768 980 1944 1025 utrum

360 1066 614 1123 choraula
641 1065 737 1124 sis.
778 1064 892 1118 Non
924 1071 1102 1132 posset
1127 1079 1142 1126 ;
1174 1061 1500 1116 inveniretur
1529 1059 1661 1114 falso
1691 1075 1749 1114 se
1779 1060 1947 1115 videri

361 1159 597 1213 voluisse
627 1157 765 1226 quod
795 1171 898 1210 non
931 1163 1064 1209 erat.
1093 1153 1148 1209 Si
1175 1154 1378 1208 diceret
1406 1168 1463 1207 se
1483 1151 1840 1223 eloquentem,
1865 1153 1946 1206 di-

362 1261 575 1305 ceretur
601 1249 650 1303 ei
682 1265 695 1305 :
724 1247 983 1318 Loquere,
1035 1253 1088 1299 et
1117 1245 1300 1314 proba.
1330 1244 1387 1300 Si
1423 1243 1629 1299 locutus
1658 1243 1834 1306 fuerit,
1864 1244 1946 1297 in-

363 1342 573 1394 Venitur
601 1352 706 1393 non
746 1337 846 1391 hoc
875 1350 994 1390 esse
1019 1334 1158 1404 quod
1188 1334 1457 1404 professus
1499 1345 1600 1387 est.
1632 1332 1903 1403 Superbus
1929 1373 1944 1398 ,

363 1429 506 1501 quod
533 1430 682 1500 pejus
705 1437 806 1492 est,
831 1428 1033 1498 justum
1061 1442 1119 1482 se
1139 1427 1249 1481 vult
1276 1426 1461 1490 videri,
1481 1441 1602 1480 cum
1634 1440 1738 1479 non
1767 1425 1867 1491 sit;
1891 1434 1946 1480 et

364 1522 486 1592 quia
528 1520 785 1590 justitiam
832 1519 1126 1588 intelligere
1180 1516 1397 1572 difﬁcile
1444 1525 1558 1578 est,
1601 1515 1820 1571 difﬁcile
1870 1523 1951 1570 est

365 1612 626 1682 superbos
650 1624 956 1681 agnoscere.
988 1609 1184 1663 Volunt
1221 1623 1348 1678 ergo
1377 1607 1590 1677 superbi
1616 1607 1783 1662 videri
1809 1608 1948 1678 quod

367 1718 478 1756 non
497 1711 621 1756 sunt
649 1720 662 1757 :
694 1700 813 1754 ideo
831 1715 934 1753 non
962 1708 1044 1753 est
1063 1697 1394 1768 participatio
1416 1713 1600 1752 eorum
1625 1698 1676 1752 in
1695 1698 1949 1767 idipsum;

368 1806 475 1847 non
506 1792 771 1860 pertinent
807 1790 872 1844 ad
902 1789 1084 1850 Israel,
1117 1789 1205 1858 qui
1236 1796 1318 1843 est
1345 1790 1364 1820 ³
1395 1787 1580 1843 videns
1608 1788 1791 1843 Deum.
1823 1787 1951 1856 Quis

369 1896 498 1950 ergo
523 1882 754 1950 pertinet
777 1880 843 1934 ad
870 1879 1030 1933 Israel
1051 1879 1074 1932 ?
1099 1877 1198 1945 Qui
1228 1887 1310 1933 est
1335 1882 1598 1947 particeps
1619 1877 1671 1932 in
1695 1878 1946 1947 idipsum.

369 1971 500 2039 Quis
523 1981 607 2026 est
631 1971 721 2039 qui
767 1971 1042 2039 participat
1070 1969 1124 2022 in
1154 1968 1416 2037 idipsum?
1457 1968 1558 2036 Qui
1585 1968 1866 2023 conﬁtetur
1892 1983 1954 2024 se

368 2077 476 2116 non
498 2075 619 2116 esse
637 2060 778 2130 quod
809 2061 948 2114 Deus
973 2068 1076 2126 est,
1099 2069 1149 2114 et
1170 2059 1237 2112 ab
1254 2058 1343 2112 illo
1371 2058 1569 2114 habere
1590 2059 1732 2130 quod
1755 2059 1950 2114 bonum

369 2159 546 2220 potest
567 2151 798 2212 habere;
829 2164 858 2202 a
885 2165 945 2205 se
965 2158 1140 2204 autem
1170 2165 1274 2202 non
1300 2163 1421 2204 esse
1437 2150 1536 2203 nisi
1566 2159 1864 2220 peccatum,
1885 2151 1953 2206 ab

369 2240 462 2295 illo
486 2240 588 2296 sibi
613 2239 1021 2308 essejustitiam.
1053 2239 1196 2293 Talis
1217 2247 1300 2294 est
1326 2239 1382 2293 in
1405 2253 1513 2308 quo
1539 2239 1692 2294 dolus
1719 2255 1822 2294 non
1846 2250 1947 2296 est.

371 2329 441 2384 Et
468 2330 724 2385 Dominus
755 2331 937 2385 videns
964 2329 1362 2396 Nathauaelem,
1391 2329 1518 2399 quid
1544 2331 1660 2385 ait?
1686 2329 1819 2386 Ecce
1843 2347 1956 2387 vere

371 2419 632 2484 Israelita,
671 2423 724 2476 in
761 2438 858 2492 quo
888 2423 1034 2475 dolus
1071 2438 1168 2474 non
1193 2431 1264 2475 cst
1290 2419 1467 2493 (Joan.
1514 2438 1552 2488 ι,
1583 2421 1695 2494 47).
1728 2423 1783 2478 Si
1823 2439 1954 2494 ergo

368 2525 529 2567 verus
572 2510 804 2566 lsraelita
830 2553 845 2578 ,
887 2512 938 2565 in
981 2526 1088 2581 quo
1130 2511 1285 2566 dolus
1327 2527 1433 2566 non
1478 2521 1580 2576 est,
1632 2513 1800 2568 tribus
1848 2515 1953 2569 illa:

371 2602 673 2660 ascendunt
697 2603 762 2656 ad
790 2603 1106 2666 Jerusalem,
1135 2605 1185 2657 in
1212 2604 1404 2672 quibus
1433 2603 1586 2658 dolus
1617 2618 1720 2658 non
1752 2615 1854 2659 est.
1885 2605 1954 2660 Et

370 2696 501 2767 ipsa:
541 2705 667 2750 sunt
701 2696 1036 2749 testimonium
1066 2693 1270 2760 Israel;
1317 2694 1370 2749 id
1398 2705 1496 2760 est,
1533 2711 1627 2764 per
1656 2696 1770 2750 illas
1798 2712 1954 2768 agno-

370 2788 538 2842 scitur
565 2788 685 2856 quia
715 2796 868 2842 erant
895 2787 916 2818 ⁸
942 2802 1104 2857 grana
1133 2787 1272 2841 inter
1300 2787 1443 2840 illam
1486 2787 1710 2856 paleam,
1739 2788 1953 2859 quando

370 2892 495 2933 area
524 2893 648 2932 cum
672 2877 962 2941 videretur,
989 2886 1095 2931 tota
1125 2877 1273 2946 palea
1301 2876 1605 2947 putabatur.
1637 2879 1800 2932 Erant
1825 2895 1953 2949 ergo

369 2967 444 3022 ibi
467 2983 633 3038 grana
662 2984 676 3021 :
703 2967 798 3022 sed
823 2981 942 3021 cum
964 2967 1298 3022 ascenderint
1324 2969 1375 3021 in
1403 2968 1780 3025 sublimitatem
1809 2971 1952 3026 illam

369 3061 688 3131 splendoris,
721 3076 840 3117 cum
865 3061 1020 3117 fuerit
1048 3077 1171 3117 area
1200 3061 1689 3137 ventilata-(Matth.
1722 3081 1798 3131 ιιι,
1823 3063 1946 3137 12),

369 3161 496 3206 tunc
518 3155 621 3206 erit
646 3152 983 3206 testimonium
1008 3150 1172 3206 Israel
1193 3171 1212 3218 ;
1245 3162 1367 3208 tunc
1393 3154 1570 3209 dicent
1594 3169 1781 3211 omnes
1802 3158 1948 3222 mali,

368 3240 508 3297 Vere
537 3242 658 3312 quia
697 3252 848 3297 erant
877 3243 946 3298 ibi
986 3242 1116 3311 justi
1148 3244 1284 3298 inter
1321 3245 1507 3308 malos,
1558 3247 1769 3315 quando
1800 3249 1952 3303 nobis

367 3348 554 3390 omnes
583 3335 704 3388 mali
727 3335 1068 3400 videbantur,
1098 3345 1152 3389 et
1193 3336 1378 3404 quales
1409 3352 1504 3391 nos
1532 3353 1766 3402 eramus,
1815 3340 1950 3396 tales

367 3441 556 3483 omnes
603 3428 936 3498 putabamus.
980 3425 1344 3481 Testimonium
1387 3426 1568 3482 Israel.
1614 3429 1729 3496 Quo
1773 3445 1953 3486 ascen-

367 3520 543 3575 dunt?
567 3537 731 3591 quare
758 3519 1095 3575 ascendunt?
1120 3520 1202 3572 Ad
1239 3521 1576 3588 conﬁtendum
1602 3522 1792 3575 nomini
1837 3533 1946 3591 tuo,

367 3611 600 3668 Domine.
623 3611 1042 3681 Magniliccnlius
1059 3611 1159 3666 diei
1183 3626 1288 3665 non
1313 3620 1504 3680 potest.
1533 3611 1680 3667 Sicut
1699 3614 1946 3680 superbia

365 3704 661 3773 pnesumit,
676 3703 754 3756 sic
774 3701 1043 3756 humilitas
1066 3701 1367 3756 conlitetur.
1391 3702 1670 3770 Quomodo
1694 3719 1952 3773 priesum-

366 3801 487 3864 ptor
516 3802 595 3847 est
627 3792 716 3862 qui
745 3792 859 3846 vult
887 3791 1057 3846 videri
1086 3792 1225 3862 quod
1255 3808 1359 3845 non
1405 3801 1516 3855 est;
1548 3793 1626 3847 sic
1668 3793 1950 3848 confessor

364 3895 450 3940 est
475 3886 561 3954 qui
591 3899 697 3937 non
724 3883 838 3937 vult
863 3883 1027 3936 videri
1055 3883 1193 3952 quod
1219 3892 1300 3936 est
1332 3883 1444 3951 ipse
1468 3881 1510 3945 ³,
1539 3891 1594 3938 ει
1636 3896 1774 3937 amat
1805 3885 1948 3954 quod

363 3985 446 4030 est
472 3976 579 4029 ille.
622 3974 704 4029 Ad
753 3974 853 4028 hoc
882 3989 1011 4043 ergo
1039 3972 1329 4028 ascendunt
1359 3974 1632 4041 Israelitae,
1677 3975 1948 4044 inquibus

363 4065 523 4119 dolus
555 4079 658 4118 non
702 4073 800 4130 est,
831 4065 952 4133 quia
979 4071 1101 4118 sunt
1130 4078 1253 4117 vere
1282 4063 1553 4129 Israelitie,
1583 4065 1705 4132 quia
1732 4065 1786 4119 in
1817 4065 1947 4134 ipsis

363 4165 448 4210 est
474 4155 832 4213 testiinonium
876 4155 1072 4217 Israel;
1104 4154 1169 4208 ad
1200 4153 1304 4209 hoc
1329 4154 1644 4222 ascendunt,
1674 4155 1743 4208 ad
1781 4158 1945 4228 conﬁ-

363 4246 569 4298 tendum
596 4247 785 4298 nomini
815 4255 920 4311 tuo,
951 4244 1182 4297 Domine.

433 4337 486 4391 9.
520 4336 667 4410 [νει-δ.
698 4335 776 4408 5.]
809 4336 1058 4403 Quoniam
1086 4336 1153 4388 ibi
1177 4335 1408 4390 sederunt
1436 4336 1577 4390 sedes
1605 4337 1656 4390 in
1667 4337 1942 4409 judicium.

360 4428 550 4485 Mirum
598 4429 851 4498 a'nigma,
899 4428 1028 4480 mira
1059 4427 1312 4496 qumstio,
1357 4427 1401 4480 si
1448 4442 1551 4482 non
1604 4428 1942 4498 intelligatur.

359 4521 533 4576 Sedes
559 4520 720 4586 dicit,
764 4533 896 4589 quos
926 4519 1095 4574 Graeci
1136 4520 1356 4574 thronos
1385 4520 1669 4588 appellant.
1698 4520 1945 4578 Thronos

359 4612 533 4667 ϐπερὶ
577 4612 734 4667 sellas
789 4610 1002 4676 dicunt,
1054 4619 1300 4681 tauquam
1357 4609 1712 4665 honorabiles.
1762 4612 1940 4682 Ergo,

359 4704 550 4759 fratres
600 4708 736 4770 mei,
781 4719 886 4757 non
933 4710 1017 4757 est
1046 4703 1238 4758 mirum
1271 4702 1314 4757 si
1345 4702 1566 4758 sedeant
1608 4704 1850 4760 homines
1891 4707 1944 4762 in

357 4795 594 4860 sedibus,
628 4796 678 4848 in
709 4795 857 4866 sellis
886 4812 899 4846 :
930 4803 985 4848 ut
1008 4803 1183 4847 autem
1213 4793 1339 4862 ipsae
1367 4793 1523 4848 sedes
1549 4794 1787 4860 sedeant,
1807 4812 1943 4866 quo-

356 4885 519 4939 modo
540 4864 824 4954 possumus
848 4883 1177 4953 intelligere?
1202 4883 1472 4952 Tanquam
1495 4885 1539 4939 si
1561 4885 1703 4938 dicat
1721 4864 1940 4957 aliquis:

356 4975 589 5030 Sedeant
618 4975 701 5030 hic
729 4976 1016 5042 cathedrae,
1044 4983 1136 5029 aut
1165 4975 1382 5029 sedeant
1410 4975 1494 5030 hic
1522 4977 1689 5030 sellae.
1722 4977 1777 5031 ln
1807 4979 1942 5034 sella

352 5067 598 5132 sedetur,
644 5069 697 5122 in
747 5069 961 5123 sedibus
1004 5068 1240 5130 sedetur,
1287 5068 1341 5122 in
1382 5068 1648 5123 cathedris
1691 5055 1939 5138 sedetur;

353 5174 461 5213 non
497 5159 626 5228 ipsa:
654 5159 809 5213 sedes
833 5159 1035 5214 sedent.
1073 5158 1205 5226 Quid
1235 5165 1320 5213 est
1346 5173 1476 5228 ergo
1517 5159 1616 5213 hoc
1638 5200 1652 5224 ,
1688 5160 1943 5226 Quoniam

351 5252 419 5305 ibi
461 5251 695 5305 sederunt
724 5251 864 5306 sedes
891 5251 941 5304 in
961 5250 1254 5322 judicium?
1295 5250 1450 5306 Certe
1489 5251 1675 5307 soletis
1721 5251 1934 5318 audire,

355 5342 465 5397 Deo
487 5344 717 5410 dicente,
741 5343 930 5398 Caelum
956 5344 1078 5397 mihi
1106 5335 1316 5398 thronus
1339 5353 1444 5408 est;
1473 5355 1606 5398 terra
1634 5352 1800 5398 autem
1821 5361 1939 5398 sca-

418 5497 434 5560 !
463 5503 538 5546 Er.
562 5497 710 5560 Lugd.
734 5504 906 5547 Venet.
927 5504 1053 5556 l.ov.,
1078 5497 1122 5546 si
1153 5496 1394 5560 diceretur
1410 5497 1481 5560 ei.
1571 5505 1629 5546 Μ.

414 5559 612 5627 fiditio
635 5558 841 5609 tantum
883 5567 1019 5618 Lov.,
1057 5572 1151 5608 non
1183 5558 1387 5622 pertinet
1418 5559 1484 5609 ad
1528 5559 1678 5611 tsrael
1719 5561 1804 5627 qui
1845 5576 1941 5615 non

358 5625 653 5746 mf‘sfticim.
679 5688 752 5730 Er.
780 5690 832 5732 et
853 5689 957 5746 Mss.
988 5689 1040 5730 Αι
1060 5688 1189 5746 min,
1213 5681 1298 5746 qui
1317 5687 1470 5739 erant.

414 5743 438 5774 ⁸
460 5756 551 5794 σει
578 5751 705 5806 Mss,
733 5745 859 5807 quod
877 5757 969 5796 non
988 5750 1056 5794 est
1073 5743 1193 5806 ipse.

1497 304 1888 360 minume
1920 307 1980 362 IN
2021 277 2340 372 psiLimit
2369 317 2580 374 cxxc

2049 427 2230 482 bellum
2258 433 2440 500 pedum
2474 450 2696 488 meorum
2735 436 2887 508 (Isai.
2922 455 3064 505 vat,
3110 441 3185 514 l.)
3227 442 3414 501 Latine
3452 457 3630 505 autem

2050 527 2218 575 totum
2246 523 2323 578 sic
2344 523 2554 593 dicitur,
2585 527 2774 583 Caelum
2801 531 2926 584 mihi
2947 533 3089 589 sedes
3115 545 3206 590 est.
3237 536 3336 606 Qui
3361 549 3484 595 sunt
3509 541 3630 610 isti,

2050 612 2149 667 nisi
2172 613 2336 683 justi?
2371 617 2458 686 qui
2485 610 2609 673 sunt
2636 621 2787 684 cmli,
2821 623 2919 678 nisi
2943 624 3108 693 justi?
3143 627 3240 693 Qui
3268 629 3458 686 caelum
3481 673 3496 697 ,
3527 632 3629 702 ipsi

2049 703 2170 757 εωιί
2204 707 2364 775 :quia
2407 724 2525 778 qua:
2571 709 2842 778 Ecclesia,
2884 713 3012 784 ipsa:
3057 717 3336 784 Ecclesiae;
3381 721 3461 776 sic
3505 733 3632 780 sunt

2054 795 2266 860 multa},
2314 807 2369 851 ut
2401 814 2500 851 una
2531 801 2634 855 sit:
2660 803 2738 857 sic
2780 819 2910 874 ergo
2947 814 3001 860 et
3031 807 3194 876 justi;
3240 811 3308 864 ita
3343 821 3468 869 sunt
3500 814 3634 885 justi

2053 886 2268 952 coelum,
2303 898 2357 942 ut
2385 891 2505 944 caeli
2536 893 2660 946 sint.
2684 894 2742 948 In
2771 895 2898 964 ipsis
2921 906 3096 953 autem
3121 900 3270 956 sedet
3299 902 3455 966 Deus,
3487 914 3542 960 et
3562 906 3632 962 de

2053 976 2180 1044 ipsis
2205 977 2408 1046 judieat
2430 981 2588 1036 Deus.
2613 983 2673 1037 Et
2693 999 2796 1038 non
2829 986 2943 1040 sine
2971 1003 3128 1043 causa
3158 990 3353 1047 dictum
3383 1002 3483 1060 est,
3511 994 3634 1060 Caeli

2054 1079 2289 1122 enarrant
2312 1070 2527 1141 gloriam
2547 1073 2656 1128 Dei.
2677 1076 2918 1145 Apostoli
2939 1080 3080 1134 enim
3109 1081 3230 1136 facti
3259 1094 3382 1139 sunt
3409 1087 3630 1144 omium.

2054 1155 2206 1212 Unde
2247 1157 2367 1212 lacti
2407 1171 2531 1214 sunt
2571 1163 2802 1219 coelum?
2845 1167 2978 1235 Quia
3018 1169 3309 1239 justilicati.
3356 1175 3635 1243 Quomodo

2057 1259 2301 1317 peccator
2328 1249 2496 1305 lactus
2523 1263 2605 1307 est
2635 1264 2796 1319 terra,
2826 1260 2910 1312 cui
2942 1260 3138 1316 dictum
3169 1273 3270 1327 est,
3302 1264 3462 1321 Terra
3488 1285 3560 1336 es,
3587 1279 3637 1326 et

2056 1340 2106 1392 in
2151 1349 2332 1394 terram
2360 1341 2454 1396 ibis
2485 1340 2634 1413 (Gen.
2667 1361 2759 1409 ιιι,
2795 1348 2916 1418 l9);
2960 1351 3038 1406 sic
3059 1352 3330 1421 justiﬁcati
3364 1355 3483 1412 lacti
3512 1369 3638 1416 sunt

2055 1431 2268 1486 coelum.
2304 1431 2656 1489 Portaverunt
2681 1437 2867 1502 Deum,
2896 1448 2951 1495 et
2977 1441 3044 1497 de
3071 1444 3197 1512 ipsis
3218 1445 3358 1501 Deus
3386 1462 3638 1506 corusca-

2055 1523 2146 1579 bat
2165 1525 2444 1602 miracula,
2470 1527 2684 1584 tonabat
2709 1539 2954 1598 terrores,
2981 1535 3198 1604 pluebat
3217 1540 3636 1604 consolationes.

2060 1614 2224 1671 Erant
2250 1632 2410 1685 ergo,
2439 1628 2591 1673 erant
2617 1620 2689 1674 illi
2716 1621 2910 1677 cadum
2935 1665 2949 1686 ,
2991 1635 3045 1680 et
3072 1629 3389 1686 cnarrabant
3411 1631 3634 1702 gloriam

2059 1709 2172 1764 Dei.
2208 1708 2338 1764 Nam
2366 1719 2424 1765 ut
2452 1714 2706 1768 noveritis
2735 1716 2879 1783 ipsos
2903 1715 3073 1772 dictos
3101 1722 3294 1777 ctelum
3314 1765 3330 1790 ,
3370 1725 3440 1787 ibi
3480 1727 3554 1782 ait
3582 1728 3636 1782 in

2059 1800 2174 1870 ipso
2202 1801 2406 1870 psalmo
2431 1821 2445 1856 :
2468 1801 2536 1857 In
2561 1821 2757 1859 omnem
2785 1815 2969 1861 terram
2999 1811 3146 1864 exivit
3174 1829 3327 1867 sonus
3355 1831 3525 1870 eorum
3543 1857 3560 1884 ,
3588 1828 3636 1872 et

2056 1893 2109 1947 in
2146 1895 2272 1962 ﬁnes
2312 1896 2445 1950 orbis
2475 1905 2621 1951 teme
2648 1898 2795 1952 verba
2820 1917 2993 1954 eorum
3041 1900 3213 1973 (Psal.
3254 1921 3418 1972 XVIII,
3459 1907 3514 1974 2,
3556 1909 3636 1980 5).

2058 1985 2281 2050 Quzeris,
2311 2003 2570 2057 quorum;
2601 2002 2658 2045 et
2686 1991 2946 2058 invenies,
2977 1995 3255 2050 caelorum.
3289 1997 3341 2052 Si
3371 2014 3500 2068 ergo
3523 2015 3638 2057 cato

2057 2073 2168 2128 lum
2194 2075 2346 2130 sedes
2389 2077 2514 2142 Dei,
2547 2081 2785 2148 Apostoli
2815 2091 2991 2138 autem
3029 2086 3262 2151 caelum;
3301 2096 3356 2142 et
3385 2089 3482 2160 ipsi
3513 2090 3638 2148 laeti

2059 2173 2182 2219 sunt
2214 2167 2368 2222 sedes
2395 2167 2509 2234 Dei,
2544 2169 2640 2238 ipsi
2665 2179 2792 2226 sunt
2813 2172 3034 2230 thronus
3062 2176 3174 2231 Dei.
3205 2178 3407 2233 Dictum
3430 2190 3512 2235 est
3534 2183 3640 2246 alio

2060 2255 2178 2311 loco
2202 2274 2214 2308 :
2239 2257 2422 2310 Anima
2439 2259 2590 2330 justi,
2625 2261 2835 2316 thronus
2871 2264 3150 2334 sapientiae.
3183 2267 3366 2337 Magna
3391 2285 3498 2336 res,
3528 2287 3640 2328 mae

2058 2363 2157 2418 sua
2188 2363 2276 2402 res
2301 2349 2441 2404 dicta
2470 2359 2583 2406 est:
2608 2350 2840 2410 Tltronus
2868 2357 3130 2424 sapientia:
3166 2360 3336 2414 anima
3367 2362 3538 2432 justi;
3587 2363 3639 2422 id

2058 2447 2170 2505 est,
2200 2437 2251 2492 in
2282 2439 2456 2494 anima
2478 2441 2610 2511 justi
2639 2442 2797 2498 sedet
2836 2445 3095 2514 sapientia
3124 2456 3369 2520 tanquam
3419 2452 3473 2507 in
3508 2454 3638 2514 sella

2058 2544 2173 2593 sua,
2208 2540 2454 2601 tanquam
2483 2534 2533 2587 in
2561 2538 2754 2590 throno
2781 2551 2901 2602 suo,
2933 2548 2987 2592 et
3013 2539 3136 2596 inde
3155 2540 3358 2610 iudicat
3379 2545 3642 2616 quidquid

2053 2620 2274 2687 judicat.
2305 2623 2446 2693 Ergo
2489 2635 2641 2680 erant
2686 2626 2861 2683 throni
2911 2630 3220 2698 sapientiae,
3262 2641 3319 2687 et
3362 2633 3480 2689 ideo
3506 2635 3639 2698 dixit

2060 2711 2162 2766 illis
2190 2712 2444 2769 Dominus
2468 2732 2480 2766 :
2507 2715 2757 2771 Sedebitis
2781 2735 2933 2790 super
2951 2720 3212 2775 duodecim
3242 2723 3468 2792 thronos,
3491 2727 3642 2796 judi~

2059 2810 2227 2854 cantes
2251 2803 2515 2856 duodecim
2544 2805 2704 2860 tribus
2729 2804 2892 2862 Israel
2927 2807 3150 2878 (Matth.
3170 2827 3280 2876 XIX,
3323 2812 3437 2884 28).
3467 2813 3558 2872 Sic
3583 2825 3642 2876 et

2059 2891 2158 2958 ipsi
2204 2891 2466 2948 sedebunt
2508 2910 2668 2966 super
2712 2896 2994 2954 duidecim
3036 2900 3224 2963 sedes,
3273 2911 3330 2958 et
3373 2904 3471 2974 ipsi
3513 2915 3642 2962 sunt

2057 2983 2212 3037 sedes
2244 2983 2336 3038 Dei
2362 3002 2376 3038 :
2399 2985 2466 3040 de
2507 2985 2608 3040 illis
2644 2989 2839 3058 quippe
2867 2989 3065 3046 dictum
3095 3001 3198 3058 est,
3228 2991 3310 3047 lbi
3338 2995 3468 3049 enim
3493 2996 3642 3051 sedo-

2056 3081 2174 3126 runt
2198 3073 2358 3128 sedes.
2386 3074 2636 3142 Quoniam
2662 3077 2730 3131 ibi
2749 3079 2984 3134 sederunt
3003 3082 3018 3112 ¹
3040 3083 3208 3137 sedes.
3225 3084 3322 3152 Qui
3350 3085 3640 3142 sederunt?

2058 3162 2238 3219 Sedes.
2264 3166 2325 3220 Et
2353 3167 2441 3236 qui
2459 3179 2584 3222 sunt
2603 3169 2795 3224 sedes?
2818 3172 2891 3226 De
2908 3173 3099 3241 quibus
3117 3174 3312 3234 dictum
3331 3185 3432 3242 est,
3455 3177 3642 3232 Anima

2046 3255 2198 3324 justi,
2225 3257 2366 3312 sedes
2391 3259 2668 3326 sapientite.
2709 3260 2806 3328 Qui
2836 3272 2961 3316 sunt
2986 3263 3178 3318 sedes?
3205 3265 3356 3322 Coeli.
3387 3266 3487 3332 Qui
3511 3276 3642 3326 sunt

2055 3347 2213 3401 cmli?
2254 3347 2479 3426 C(elum.
2511 3349 2662 3416 Quod
2694 3359 2776 3406 est
2803 3352 3032 3414 coelum?
3059 3355 3136 3408 De
3164 3369 3270 3425 quo
3297 3355 3426 3411 dicit
3454 3357 3638 3414 Domi-

2056 3454 2185 3502 nus,
2228 3439 2419 3494 Catum
2458 3443 2583 3496 milii
2623 3443 2765 3498 sedes
2793 3454 2883 3498 est.
2915 3446 2978 3499 Et
3010 3447 3106 3515 ipsi
3133 3447 3260 3517 justi
3289 3458 3412 3504 sunt
3438 3450 3635 3518 sedes,

2053 3537 2108 3583 et
2137 3529 2335 3586 habent
2358 3531 2547 3597 sedes;
2579 3543 2634 3588 et
2661 3533 2711 3587 in
2741 3535 2825 3587 illa
2851 3534 3146 3592 Jerusalem
3173 3538 3436 3594 sedebunt
3456 3540 3635 3596 sedes.

2055 3619 2135 3673 Ad
2165 3635 2322 3690 quam
2366 3623 2518 3676 rem?
2544 3621 2610 3676 1n
2643 3624 2917 3694 judicium.
2957 3624 3227 3693 Sedebitis,
3259 3629 3461 3699 inquit,
3488 3641 3634 3701 super

2053 3709 2314 3765 duodecim
2349 3714 2519 3778 sedes,
2550 3730 2582 3767 ο
2608 3730 2704 3768 vos
2731 3715 2904 3776 sedes.
2924 3717 3216 3786 judicantes
3243 3718 3511 3774 duodecim
3534 3721 3630 3775 tri-

2052 3801 2143 3856 bus
2173 3801 2355 3856 Israel.
2385 3803 2528 3870 Quos
2552 3805 2886 3872 judicautes?
2931 3805 3068 3861 Infra
3099 3809 3187 3878 qui
3217 3817 3344 3864 sunt
3380 3810 3432 3864 in
3471 3819 3632 3866 terra.

2052 3893 2152 3962 Qui
2180 3894 2486 3964 judicahunt
2510 3895 2533 3950 ?
2558 3898 2656 3964 Qui
2689 3898 2807 3952 facti
2835 3907 2960 3952 sunt
2987 3899 3204 3955 ciuium.
3234 3901 3314 3955 Illi
3339 3912 3518 3957 autem
3541 3902 3632 3972 qui

2048 3985 2442 4055 judicabuntur,
2473 3987 2522 4040 in
2541 3987 2672 4043 duas
2691 3998 2868 4058 partes
2885 3989 3220 4057 dividentur;
3245 4007 3347 4047 una
3363 3992 3430 4046 ad
3452 3992 3631 4048 dexte-

2051 4092 2185 4153 ram,
2217 4077 2382 4131 altera
2409 4078 2474 4133 ad
2498 4079 2766 4134 sinistram
2792 4081 2914 4135 erit.
2938 4081 3256 4138 Judicabunt
3277 4099 3399 4138 cum
3419 4083 3634 4140 Christo

2050 4168 2240 4222 sancti.
2279 4169 2448 4222 Veniet
2469 4171 2608 4224 enim
2639 4171 2690 4225 in
2708 4172 2962 4240 judicium
2991 4190 3104 4227 cum
3129 4175 3406 4250 senioribus
3433 4176 3630 4245 populi,

2049 4261 2123 4312 ait
2153 4259 2312 4314 Isaias
2343 4259 2490 4332 (lsui.
2530 4276 2586 4317 ιιι
2613 4304 2628 4328 ,
2663 4261 2773 4334 it).
2803 4265 2906 4319 Alii
2944 4275 3069 4320 sunt
3111 4281 3238 4336 ergo
3265 4268 3352 4338 qui
3387 4284 3508 4324 cum
3539 4268 3633 4324 illo

2045 4352 2388 4422 judicabuut;
2433 4355 2520 4407 alii
2547 4356 2636 4425 qui
2664 4356 2732 4410 ab
2771 4357 2859 4412 illo
2897 4357 3308 4426 judicabuntur,
3340 4370 3396 4416 et
3431 4362 3499 4415 ab
3527 4361 3634 4416 illis

2050 4445 2139 4513 qui
2181 4461 2301 4500 cum
2332 4461 2398 4501 eo
2434 4447 2768 4516 judicabunt.
2807 4450 3116 4506 Dividentur
3139 4468 3267 4524 ergo
3307 4454 3389 4508 isti
3423 4455 3474 4508 in
3501 4454 3634 4510 duas

2052 4544 2230 4604 partes
2256 4553 2268 4588 :
2296 4552 2396 4589 una
2432 4547 2656 4604 ponetur
2685 4538 2750 4592 ad
2787 4539 3060 4611 dexteram
3082 4583 3098 4604 ,
3127 4542 3211 4598 cui
3235 4544 3634 4599 enumerabim-

2051 4634 2136 4682 tur
2176 4629 2532 4700 eleetnosyna:
2574 4645 2706 4700 quas
2751 4629 3025 4699 fecerunt;
3072 4633 3172 4687 alia
3207 4645 3431 4702 ponetur
3459 4636 3524 4689 ad
3553 4635 3633 4691 si-

2051 4719 2266 4774 nistram
2294 4762 2309 4785 ,
2353 4723 2436 4776 cui
2477 4723 2875 4778 enumerabitur
2915 4724 3234 4787 crudelitas,
3278 4735 3334 4780 et
3374 4727 3634 4781 sterilitas

2052 4812 2450 4866 misericordire.
2471 4815 2535 4868 Et
2559 4815 2660 4868 illis
2681 4815 2746 4869 ad
2777 4815 3051 4872 dexteram
3074 4819 3376 4872 constitutis
3401 4819 3629 4884 dicetur,

2057 4902 2261 4969 Venite,
2311 4903 2553 4960 benedicti
2599 4907 2772 4974 Patris
2813 4910 2944 4974 mei,
2987 4911 3225 4978 percipite
3261 4927 3469 4980 regnum
3496 4909 3632 4980 quod

2048 4994 2184 5048 vobis
2211 5004 2442 5063 paratum
2476 5006 2548 5050 est
2591 4998 2652 5051 ab
2693 4999 2886 5070 origine
2915 5001 3108 5054 mundi.
3148 5001 3359 5068 Quare?
3389 4998 3628 5070 Esuribi,

2049 5084 2238 5153 inquit,
2266 5094 2311 5139 et
2341 5086 2549 5141 dedistis
2580 5088 2703 5142 mihi
2737 5089 3065 5144 manducare.
3102 5090 3167 5145 Et
3199 5090 3270 5144 illi
3300 5108 3313 5145 :
3339 5091 3554 5155 Quando
3581 5101 3630 5146 te

2049 5175 2262 5228 ridimus
2289 5176 2622 5232 esurientem?
2658 5177 2726 5232 Et
2756 5179 2880 5232 ille:
2905 5177 3030 5234 Cum
3055 5180 3144 5233 uni
3171 5196 3233 5233 ea:
3259 5180 3476 5234 minimis
3505 5184 3626 5236 meis

2047 5268 2261 5336 fecistis,
2284 5269 2405 5323 mihi
2443 5270 2630 5340 fecistis
2660 5268 2872 5342 (Matth.
2900 5287 3040 5336 xxv,
3073 5259 3304 5341 31,143).
3337 5272 3474 5342 Ergo
3501 5274 3626 5342 quid

2047 5370 2148 5427 est,
2181 5360 2409 5416 fratres?
2447 5360 2526 5416 Illi
2565 5361 2881 5431 judicabunt
2915 5362 2982 5417 de
3011 5362 3201 5430 quibus
3230 5363 3545 5420 dictutnest
3573 5376 3627 5420 ut

2049 5454 2177 5508 ﬁant
2199 5454 2357 5509 amici
2385 5453 2450 5509 de
2479 5469 2780 5509 mammona
2810 5455 3136 5525 iniquitatis;
3161 5465 3216 5509 ut
3235 5456 3412 5528 etipsi,
3435 5456 3624 5526 inquit,

2045 5545 2289 5614 recipiant
2331 5559 2416 5598 vos
2462 5544 2515 5597 in
2559 5551 2748 5598 (eterna
2795 5546 3118 5600 tabernacula
3165 5545 3316 5615 (Luc.
3367 5562 3492 5613 xw,
3545 5547 3627 5616 9).

2043 5637 2221 5694 Sancti
2252 5635 2513 5692 sedebant
2544 5650 2664 5691 cum
2709 5636 2937 5695 Domino
2969 5638 3244 5696 attendere
3269 5638 3359 5712 qui
3387 5637 3626 5697 iecerunt

2113 5749 2130 5780 ι
2154 5756 2248 5799 Hoc
2267 5747 2370 5799 loco
2393 5754 2519 5808 3155.,
2548 5744 2795 5806 sedebant.
