4074 6478
517 345 647 418 1627

1710 345 1766 403 S.
1810 340 2173 401 AUGUSTINI
2214 344 2513 404 EPISCOPl

3641 375 3770 437 l628

508 438 929 515 misericordiam
949 502 962 527 ,
993 468 1045 514 ct
1072 469 1341 515 assument
1372 460 1490 515 illos
1518 470 1792 529 separatos
1824 460 1875 514 in
1905 458 2090 512 dexte-
2199 460 2421 531 pedibus
2456 466 2592 522 imus
2613 511 2626 532 ,
2668 469 2761 525 sed
2792 471 3084 532 aﬂectibus.
3117 476 3305 539 Videte
3331 484 3374 538 si
3402 486 3576 554 imus;
3606 490 3769 549 inter-

509 564 620 604 ram
654 551 706 605 in
746 567 964 621 regnum
992 550 1246 606 cariorem
1273 568 1285 603 :
1311 561 1361 605 et
1390 552 1500 621 ipsa
1532 562 1613 605 est
1642 567 1740 619 pax
1768 549 2084 604 Jeru~alein.

507 642 635 710 Qua:
662 653 743 697 est
774 658 874 712 pax
914 642 1241 697 Jerusalem?
1272 642 1340 699 Ut
1369 658 1531 713 Opera
1560 642 1939 742 misericordia:
1965 657 2085 742 cur:

507 733 707 800 potatis
744 732 1030 801 junguntur
1076 732 1325 802 operibus
1368 731 1756 801 prtedicationis
1794 731 2083 799 spirituali-

454 808 466 880 ἕ
506 820 605 874 bus
628 863 642 885 ,
686 830 738 875 et
765 822 855 874 liat
882 838 979 891 pax
1009 821 1181 877 dando
1207 832 1259 877 et
1285 822 1611 892 accipiendo.
1653 823 1741 876 Ait
1768 823 1908 878 enim
1938 822 2082 890 Apo-

443 900 458 969 l
505 910 675 964 stolas
700 952 712 975 ,
745 911 833 978 qui
874 913 1132 966 rationem
1160 912 1267 968 dati
1315 921 1367 966 et
1412 912 1613 980 accepti
1645 911 1776 965 dixit
1807 927 1925 966 esse
1956 911 2082 964 istas

502 1000 873 1071 elcemosynas
905 1000 1159 1073 (Philipp.
1194 1000 1423 1073 ιν,“15);
1456 1003 1528 1057 ait
1556 1017 1704 1072 ergo,
1737 1001 1797 1056 Si
1827 1018 1917 1055 nos
1946 1001 2081 1055 vobis

501 1090 786 1155 spiritualia
809 1092 1181 1157 seminavimus,
1213 1109 1449 1162 magnum
1479 1100 1549 1145 est
1586 1092 1630 1145 si
1659 1102 1823 1145 vestra
1851 1091 2079 1144 carnalia

500 1188 745 1232 metamus
775 1179 815 1245 (Ι
850 1179 965 1233 Cor.
994 1197 1070 1248 IX,
1105 1181 1235 1253 il)?
1265 1182 1330 1235 Et
1359 1181 1425 1237 de
1468 1182 1578 1251 ipsa
1608 1197 1668 1235 re
1694 1182 1764 1234 ait
1795 1181 1899 1234 alio
1936 1181 2073 1245 loco,

503 1266 606 1332 Qui
630 1269 841 1321 multum
863 1311 876 1334 ,
909 1286 1008 1323 non
1034 1271 1336 1334 abundavit;
1363 1281 1408 1323 el
1436 1274 1522 1340 qui
1549 1269 1819 1333 modicum,
1854 1287 1953 1323 non
1985 1270 2075 1322 de-

503 1358 599 1426 fuit
647 1358 741 1411 illi.
784 1359 977 1426 Quare.
1024 1359 1123 1425 Qui
1165 1362 1391 1424 multum,
1443 1377 1543 1414 non
1586 1361 1895 1414 abundavit?
1943 1361 2073 1427 Quia

497 1447 635 1516 quod
664 1450 781 1517 plus
809 1450 1027 1504 habebat
1056 1492 1071 1516 ,
1114 1451 1256 1505 dedit
1288 1451 1562 1519 indigenti.
1595 1452 1658 1504 Et
1687 1452 1808 1519 quid
1837 1462 1938 1516 est,
1976 1452 2077 1519 Qui

496 1538 772 1602 modicum,
816 1557 915 1593 non
963 1542 1122 1612 defuit
1170 1541 1294 1594 illi?
1338 1542 1467 1608 Quia
1510 1542 1711 1610 accepit
1755 1542 1820 1596 ab
1867 1543 1954 1595 illo
1984 1543 2073 1612 qui

494 1630 801 1694 abundavit,
835 1641 888 1685 ut
926 1635 1033 1701 ﬁat,
1066 1634 1253 1704 inquit,
1284 1634 1544 1704 (equalitas
1574 1634 1650 1706 (ll
1674 1634 1788 1688 Cor.
1818 1651 1935 1699 \‘lll,
1972 1636 2068 1701 i5,

495 1720 609 1790 14).
639 1721 750 1791 Ipsa
773 1732 851 1776 est
871 1738 967 1792 pax
990 1724 1055 1778 de
1078 1741 1177 1794 qua
1200 1725 1411 1787 dicitur,
1442 1725 1560 1778 Fiat
1577 1742 1678 1795 pax
1697 1726 1747 1778 in
1767 1726 1943 1779 virtute
1963 1736 2066 1779 tua.

567 1812 655 1864 10.
688 1812 833 1884 (vers.
865 1813 943 1886 6.]
983 1815 1217 1885 Namque
1261 1833 1379 1871 cum
1426 1817 1678 1881 dixisset,
1724 1818 1974 1882 Quoniam
2003 1818 2070 1871 ibi

489 1900 726 1956 sederunt
750 1905 890 1958 sedes
918 1908 968 1958 in
985 1906 1267 1975 judicium,
1298 1908 1439 1961 sedes
1464 1925 1613 1977 super
1639 1908 1842 1960 domum
1880 1908 2064 1972 Darid,

489 1990 545 2045 id
571 2002 681 2055 est,
724 2009 884 2064 super
915 1997 1161 2051 familiam
1190 1999 1418 2064 Christi,
1452 2001 1533 2054 cui
1564 2000 1823 2054 dederunt
1851 2002 1901 2054 in
1935 2010 2067 2056 tein-

487 2096 621 2151 pore
647 2085 874 2151 cibaria;
918 2089 1093 2142 statim
1137 2098 1383 2160 tanquam
1426 2092 1553 2161 ipsis
1597 2091 1811 2146 sedibus
1838 2094 1941 2157 ait,
1970 2093 2065 2148 In-

488 2179 736 2243 terrogate
759 2191 871 2245 quin
897 2177 964 2229 ad
992 2195 1163 2248 pacem
1189 2188 1305 2233 sunt
1340 2180 1641 2236 Jerusalem.
1672 2181 1717 2236 Ο
1746 2199 1837 2237 vos
1865 2184 2020 2238 sedes
2045 2226 2059 2249 ,

484 2264 576 2330 qui
599 2264 704 2333 jam
734 2267 928 2322 sedetis
972 2277 1027 2322 ut
1052 2270 1329 2337 judicetis,
1374 2281 1427 2327 et
1454 2274 1575 2328 facti
1607 2275 1737 2329 estis
1767 2275 1920 2330 sedes
1953 2276 2059 2329 Do-

486 2353 615 2407 mini
642 2354 926 2423 judicantis
955 2360 1223 2431 (quoniam
1264 2364 1351 2432 qui
1387 2364 1626 2433 judicant
1650 2408 1663 2431 ,
1695 2367 2057 2436 interrogant;

485 2443 575 2513 qui
610 2445 941 2514 judicantur,
975 2450 1420 2524 interrogantur),
1464 2453 1807 2526 Interrogata,
1854 2459 2056 2527 inquit,

480 2548 595 2603 qua
639 2548 755 2591 sunt
797 2539 865 2592 ad
908 2559 1078 2610 pacem
1143 2542 1430 2597 Jerusalem
1499 2544 1880 2619 lntcrrogando
1934 2549 2056 2617 quid

481 2624 796 2683 invenient?
839 2631 986 2685 Alios
1037 2631 1224 2689 fecisse
1277 2636 1716 2701 misericordiam,
1769 2638 1900 2691 alios
1950 2654 2054 2692 non

479 2715 690 2772 fecisse.
716 2717 861 2785 Quos
898 2722 1167 2777 invenient
1208 2724 1395 2779 fecisse
1434 2727 1876 2790 misericordiam.
1912 2729 2056 2797 ipsos

477 2807 742 2863 vocabunt
778 2810 841 2863 ad
872 2810 1199 2878 Jerusalem;
1234 2816 1352 2884 quia
1384 2815 1491 2885 ipsa
1521 2828 1637 2870 sunt
1667 2818 1733 2870 ad
1764 2836 1935 2887 pacem
1962 2819 2055 2871 Je-

477 2897 719 2950 rusalem.
770 2898 988 2955 Dilectio
1034 2904 1186 2958 fortis
1226 2921 1334 2971 res,
1384 2907 1606 2973 fratres;
1660 2909 1872 2964 dilectio
1904 2911 2053 2965 fortis

476 2999 586 3039 res.
620 2987 791 3043 Vultis
817 2991 998 3047 videre
1037 3010 1193 3063 quam
1237 2997 1306 3050 sit
1352 2996 1501 3051 fortis
1528 2998 1783 3053 dilectio?
1807 3001 2055 3073 Quisquis

475 3092 574 3145 per
600 3079 829 3150 aliquam
859 3087 1226 3141 necessitatem
1260 3106 1362 3142 non
1404 3092 1635 3159 potuerit
1665 3093 1883 3163 implere
1912 3098 2052 3165 quod

470 3168 621 3237 jubet
654 3172 812 3240 Deus,
841 3186 983 3231 amet
1011 3178 1159 3232 illum
1190 3181 1277 3249 qui
1311 3182 1527 3251 implet,
1560 3194 1615 3239 et
1642 3186 1692 3239 in
1725 3188 1816 3240 illo
1848 3188 2049 3257 implet.

472 3257 716 3316 lntendat
742 3264 985 3321 Charitas
1006 3279 1202 3324 vestra.
1230 3272 1383 3327 Verbi
1408 3276 1598 3344 gratia,
1622 3295 1839 3334 uxorem
1869 3281 2048 3349 habet,

472 3364 630 3419 quam
674 3353 941 3412 dimittere
978 3376 1081 3414 non
1122 3359 1326 3432 poiest;
1373 3376 1585 3435 oportet
1627 3379 1681 3423 ut
1720 3370 2051 3441 obtemperet

469 3444 727 3512 Apostolo
754 3448 977 3515 dicenti,
1024 3452 1185 3508 Uxori
1208 3458 1282 3509 vir
1306 3458 1525 3512 debitum
1568 3462 1781 3530 reddat;
1809 3474 1881 3529 et,
1924 3466 2052 3520 Alli-

467 3544 618 3604 gatus
675 3554 726 3592 es
773 3543 962 3596 uxori?
1006 3561 1067 3598 ne
1108 3548 1362 3615 qutesicris
1413 3552 1728 3607 solutionem.
1786 3555 1943 3610 Venit
1997 3559 2048 3611 in

469 3636 702 3682 mentem
745 3631 865 3700 quia
913 3635 1101 3690 melior
1142 3649 1224 3693 est
1266 3639 1351 3693 illa
1393 3641 1496 3694 vita
1527 3643 1592 3697 de
1622 3660 1721 3713 qua
1754 3647 1880 3700 dicit
1909 3648 2047 3705 idem

470 3720 766 3787 apostolus,
799 3721 987 3777 Vellem
1011 3742 1178 3781 omnes
1208 3747 1310 3783 esse
1328 3733 1453 3784 sicut
1475 3734 1717 3802 meipsum
1741 3735 1920 3803 (lCor.
1948 3756 2042 3808 vn,

467 3808 522 3870 3,
550 3808 639 3873 27,
665 3811 737 3881 7).
761 3814 996 3869 Attendit
1026 3832 1118 3872 eos
1143 3821 1229 3889 qui
1263 3821 1361 3875 hoc
1391 3822 1655 3886 fecerunt;
1688 3837 1829 3881 amat
1851 3845 1961 3893 eos,
1995 3841 2049 3885 ct

468 3897 521 3951 in
566 3899 695 3967 ipsis
724 3901 907 3971 implet
934 3906 1071 3974 quod
1106 3909 1155 3961 in
1182 3925 1238 3963 se
1268 3926 1370 3964 non
1402 3924 1590 3980 potest.
1636 3915 1809 3972 Fortis
1855 3935 1939 3974 res
1967 3930 2046 3974 est

465 3986 698 4043 dilectio.
743 3991 856 4061 Ipsa
902 4005 982 4048 est
1017 3997 1182 4051 virtus
1213 4010 1422 4066 nostra;
1464 4004 1583 4072 quia
1632 4006 1674 4059 si
1720 4008 1769 4060 in
1810 4008 1897 4062 illa
1940 4027 2043 4065 non

464 4077 740 4149 fuerimus,
790 4084 921 4138 nihil
966 4088 1181 4155 prodest
1207 4091 1458 4164 quidquid
1497 4095 1634 4148 aliud
1680 4096 2038 4155 habuerimus.

465 4169 526 4222 Si
554 4170 740 4241 linguis
766 4174 1022 4232 hominum
1043 4180 1242 4248 loquar,
1267 4182 1394 4237 dicit
1419 4186 1723 4254 Apostolus,
1756 4201 1802 4244 et
1825 4191 2044 4263 Angelo—

462 4275 596 4325 rnm,
629 4264 919 4318 charitatem
959 4278 1123 4323 autem
1164 4289 1263 4326 non
1293 4274 1533 4340 habeant,
1570 4280 1729 4347 [actus
1760 4299 1868 4335 sum
1898 4287 2045 4355 quasi

462 4364 787 4407 wramentum
816 4373 1021 4424 sonans,
1066 4371 1151 4413 aut
1192 4364 1475 4433 cymbalum
1514 4368 1747 4424 tinniens.
1791 4372 2043 4445 Adjungit

461 4441 603 4495 aliud
627 4458 869 4515 magnum
898 4466 910 4501 :
939 4450 1151 4516 Quodsi
1175 4455 1468 4510 distribuere
1495 4475 1687 4513 onmem
1711 4462 2038 4519 substantiam

463 4547 646 4600 nteant,
677 4548 722 4588 et
747 4537 791 4590 si
814 4541 1066 4595 tradidero
1096 4560 1276 4613 corpus
1302 4564 1461 4602 meum
1490 4560 1541 4602 ut
1568 4553 1791 4618 ardeam,
1819 4558 2039 4610 charita-

461 4628 561 4675 tem
594 4634 758 4679 autem
787 4644 887 4682 non
916 4631 1137 4699 habeam,
1173 4638 1299 4690 nihil
1328 4641 1453 4692 mihi
1474 4643 1676 4708 prodest
1706 4643 1812 4714 (Id.
1841 4663 1951 4715 xm,
1983 4650 2034 4714 i,

459 4712 538 4780 3).
570 4713 621 4768 Si
649 4725 823 4771 autem
849 4721 917 4773 sit
943 4723 1052 4775 sola
1080 4725 1328 4792 charitas,
1363 4744 1478 4798 qua:
1507 4746 1610 4785 non
1638 4734 1869 4790 inveniat
1898 4740 2035 4807 quod

458 4804 737 4863 distribuat
772 4815 1122 4881 pauperibus,
1169 4817 1580 4888 diligat:solum
1623 4827 1841 4882 calicem
1885 4804 2037 4901 aqua:

456 4893 663 4966 frigida:
692 4901 780 4955 det
808 4902 1014 4973 (Matth.
1045 4923 1073 4960 x
1094 4949 1108 4973 ,
1142 4910 1264 4979 42);
1299 4922 1498 4968 tantmn
1548 4917 1620 4969 illi
1652 4893 1997 4988 imputabitur
2017 4968 2031 4993 ,

455 5000 708 5054 quantum
750 4991 1003 5050 Zacchaeo
1044 4999 1130 5067 qui
1176 5000 1449 5056 dimidium
1494 5010 1787 5073 patrimonii
1821 4991 2035 5071 donavit

455 5080 775 5146 pauperibus
801 5083 948 5150 (Luc.
985 5103 1095 5153 xix,
1129 5089 1204 5159 8).
1235 5091 1408 5157 Quare
1438 5093 1577 5150 hoc?
1605 5097 1694 5153 Ille
1724 5110 1827 5155 tam
1860 5107 2031 5159 modi-

453 5178 574 5219 cum
603 5168 765 5235 dedit,
801 5173 886 5228 ille
915 5184 1018 5229 tam
1049 5181 1269 5235 multum
1301 5182 1476 5251 dedit,
1509 5196 1562 5240 et
1590 5196 1791 5245 tantum
1826 5194 1897 5247 illi
1931 5197 2030 5250 im-

456 5259 768 5325 pulabitur?
807 5264 1033 5321 Tantum
1072 5271 1243 5338 plane.
1290 5273 1463 5344 Impar
1486 5279 1624 5332 enim
1655 5281 1873 5338 facultas
1894 5328 1906 5347 ,
1938 5288 2030 5343 sed

453 5362 559 5403 non
588 5350 759 5420 impar
781 5353 1031 5411 charitas.

526 5439 612 5495 Η.
654 5442 732 5498 Illi
757 5460 885 5515 ergo
929 5449 1284 5522 interrogant;
1330 5470 1425 5510 vos
1453 5458 1680 5528 cogitate
1721 5464 1844 5533 quid
1875 5469 2025 5522 estis.

452 5528 568 5583 Jam
599 5546 725 5588 ecce
747 5536 944 5591 dictum
968 5552 1049 5594 est
1071 5544 1243 5607 nobis,
1280 5543 1340 5597 In
1367 5548 1569 5602 domum
1597 5549 1799 5607 Domini
1826 5556 2021 5613 ibimus.

452 5619 730 5679 Jneundati
767 5640 952 5683 sumus
988 5641 1135 5688 certe
1178 5634 1229 5688 in
1264 5637 1343 5690 his
1366 5641 1453 5707 qui
1481 5640 1726 5698 dixerunt
1758 5647 1930 5715 nobis,
1962 5649 2025 5705 In

452 5714 655 5769 doinum
686 5716 889 5775 Domini
916 5723 1109 5778 ibimus.
1142 5726 1321 5782 Videte
1350 5745 1476 5801 ergo
1497 5733 1539 5785 si
1569 5734 1721 5792 itnus.
1750 5737 1862 5793 Non
1881 5742 2019 5797 enim

2152 572 2155 573 ν
2196 565 2345 622 roget
2374 570 2434 611 se
2461 562 2818 632 unusquisque
2848 578 3080 623 vestrum
3102 574 3275 641 qualis
3302 585 3385 632 est
3407 594 3532 650 erga
3568 598 3765 656 paupe-

2192 658 2303 698 rem
2350 658 2615 715 sanctum,
2660 669 2784 725 erga
2833 658 3155 729 indigentem
3202 666 3456 739 fratrem,
3488 675 3658 743 qualis
3689 690 3769 734 est

2190 749 2315 806 erga
2343 737 2663 809 indigentem
2693 748 2994 805 mendicum
3016 770 3031 808 :
3055 746 3287 813 videatsi
3304 760 3511 817 viscera
3527 767 3643 833 ejus
3664 784 3767 824 non

2189 835 2312 881 sunt
2339 842 2578 900 angusta.
2625 836 2756 903 Quia
2786 840 3116 914 interrogare
3142 856 3196 903 te
3224 848 3422 908 habent
3464 856 3621 912 sedes
3649 874 3767 929 qua:

2186 916 2444 975 sedebunt
2470 923 2519 976 in
2542 924 2820 997 judicium,
2844 941 2898 986 et
2922 934 3116 992 debent
3143 938 3381 999 invenire
3400 959 3521 1013 quae
3548 916 3681 1003 sunt.
3698 950 3765 1004 ad

2187 1022 2369 1076 pacem
2392 1012 2707 1074 Jerusalem.
2736 1022 2800 1075 Et
2826 1029 3096 1093 quomodo
3111 1012 3475 1103 interrogant?
3490 1039 3763 1110 Tanquam

2184 1103 2340 1157 sedes
2371 1104 2482 1161 Dei.
2515 1108 2651 1164 Deus
2679 1112 2984 1187 interrogat.
3015 1120 3070 1176 Si
3098 1123 3266 1179 Deum
3298 1127 3428 1184 latet
3460 1103 3675 1202 aliquid,
3708 1145 3763 1191 et

2182 1189 2299 1244 illas
2327 1195 2483 1251 sedes
2509 1198 2705 1269 aliquid
2733 1204 3117 1277 interrogantes
3145 1214 3325 1286 fugere
3356 1189 3561 1288 potest:
3584 1189 3761 1278 Inter;

2181 1294 2353 1353 rogate
2377 1305 2489 1358 quia
2510 1303 2626 1346 sunt
2655 1297 2723 1348 ad
2748 1316 2919 1366 pacem
2936 1302 3242 1363 Jerusalem.
3273 1311 3377 1368 Sed
3407 1332 3525 1382 quae
3546 1327 3671 1373 sunt
3688 1318 3757 1374 2d

2180 1389 2363 1444 pacem
2392 1379 2718 1441 Jerusalem?
2756 1387 2825 1444 Et
2844 1393 3172 1465 abundantia,
3216 1379 3524 1474 inquitphis
3552 1414 3640 1481 qui
3677 1412 3762 1466 di-

2179 1464 2342 1536 ligunt
2392 1480 2459 1525 te.
2509 1474 2590 1528 Ad
2653 1477 2819 1546 ipsam
2877 1464 3172 1544 Jerusalem
3225 1464 3489 1558 convertit
3537 1464 3750 1557 vbcem.

2176 1556 2511 1616 Abundantia
2552 1576 2633 1620 est
2683 1570 2785 1624 illis
2830 1576 2916 1642 qui
2965 1577 3191 1649 diligunt
3228 1599 3365 1639 eam.
3409 1556 3753 1650 Abundantia

2175 1661 2238 1701 ex
2284 1649 2457 1719 inOpia
2480 1672 2492 1707 :
2519 1654 2605 1711 hic
2663 1659 2865 1732 inopes.
2918 1666 2987 1721 ibi
3025 1671 3384 1744 abundantes;
3415 1680 3499 1736 hic
3529 1682 3750 1750 infirmi,

2174 1737 2428 1807 ibifirmi;
2471 1744 2555 1799 hic
2593 1753 2767 1820 egeni,
2810 1754 2877 1809 ibi
2915 1758 3125 1817 divites.
3173 1765 3320 1824 Unde
3363 1737 3482 1826 facti
3523 1737 3755 1832 uulgi

2173 1830 2303 1897 Quia
2346 1832 2602 1894 dederunt
2634 1841 2721 1897 hic
2748 1847 2888 1914 quod
2931 1865 3250 1921 acceperunt
3278 1874 3307 1913 a
3354 1861 3462 1917 Deo
3505 1865 3571 1919 ad
3601 1830 3748 1922 tern-

2171 1938 2291 1993 pus,
2330 1935 2384 1981 et
2415 1945 2737 2002 acceperunt
2791 1939 2861 1994 ibi
2905 1944 3043 2012 quod
3076 1958 3257 2014 postea
3304 1952 3443 2008 Deus
3490 1958 3752 2016 retribuet

2170 2014 2223 2069 in
2268 2025 2546 2076 aeternum.
2599 2025 2727 2094 Hie,
2790 2029 2983 2089 fratres
3033 2039 3171 2105 mei,
3224 2050 3278 2096 et
3314 2043 3505 2103 divites
3544 2063 3750 2121 paupe-

2168 2122 2254 2162 res
2280 2120 2422 2165 sunt.
2460 2114 2665 2171 Bonum
2685 2128 2768 2175 est
2792 2121 2938 2178 diviti
2975 2137 3027 2180 ut
3064 2143 3313 2199 agnoscat
3350 2152 3409 2191 se
3435 2114 3747 2210 pauperem:

2167 2199 2210 2253 si
2240 2202 2381 2255 enim
2412 2205 2621 2272 plenum
2651 2224 2710 2265 se
2737 2222 2904 2282 putat,
2936 2226 3112 2275 tumor
3137 2232 3219 2279 est
3249 2226 3338 2282 ille
3358 2230 3395 2295 ί,
3429 2199 3556 2286 ίιοπι⁸
3577 2235 3749 2304 pleni-

2167 2293 2311 2348 tudo.
2336 2297 2605 2367 Agnoscat
2628 2319 2687 2360 se
2714 2307 2944 2377 inanem,
2965 2321 3019 2367 ut
3040 2320 3208 2385 possit
3234 2293 3458 2392 impleri.
3486 2293 3621 2395 Quid
3644 2332 3750 2387 ha-

2166 2384 2288 2440 bet?
2314 2391 2534 2451 Aurum.
2574 2396 2710 2462 Quid
2745 2403 2978 2459 nondum
3016 2404 3211 2465 habet?
3250 2384 3421 2471 Vitam
3464 2384 3745 2483 aeternam.

2164 2477 2419 2535 Attendat
2440 2486 2564 2553 quid
2589 2488 2797 2556 habeat,
2826 2502 2881 2549 et
2901 2497 3074 2553 videat
3095 2503 3221 2571 quid
3246 2506 3582 2568 nonhabeat.

2164 2574 2292 2633 tres,
2322 2585 2384 2623 ex
2408 2588 2473 2626 eo
2499 2577 2638 2644 quod
2667 2578 2844 2649 habet,
2873 2585 2984 2652 det,
3008 2598 3075 2643 ut
3096 2595 3323 2664 accipiat
3348 2602 3487 2668 quod
3515 2619 3621 2659 non
3646 2606 3747 2661 ha-

2164 2657 2280 2725 bet;
2311 2674 2457 2719 emat
2483 2683 2547 2721 ex
2592 2686 2658 2725 eo
2686 2676 2826 2742 quod
2872 2677 3050 2749 habet,
3085 2657 3381 2759 illud-quod
3411 2709 3515 2750 non

2161 2749 2229 2804 Et
2254 2755 2563 2813 abundantia
2592 2763 2670 2817 his
2690 2768 2778 2836 qui
2797 2768 3016 2840 diligunt
3036 2784 3102 2830 te.

2236 2844 2322 2899 η.
2364 2845 2514 2916 [vers.
2540 2851 2615 2924 7.]
2661 2854 2779 2910 Fiat
2797 2876 2900 2927 pax
2925 2864 2977 2916 in
3006 2866 3188 2924 virtute
3215 2880 3319 2927 tua.
3342 2874 3388 2931 Ο
3406 2876 3697 2937 Jerusalem
3723 2885 3756 2940 ι-

2159 2948 2192 2987 o
2216 2936 2403 2993 civitas
2428 2957 2545 3009 qua:
2586 2945 2866 3005 tedilicaris
2897 2962 2954 3008 ut
2995 2957 3197 3027 civitas,
3231 2968 3381 3034 cujus
3408 2972 3745 3043 participatio

2159 3031 2246 3078 tua
2274 3028 2324 3081 in
2356 3030 2603 3101 idipsum,
2636 3039 2728 3111 fiat
2757 3058 2862 3110 pax
2886 3045 2938 3097 in
2967 3048 3149 3105 virtute
3175 3028 3420 3122 ampliat.
3448 3077 3548 3130 pax
3575 3028 3623 3118 ih
3655 3066 3743 3121 di-

2158 3117 2386 3175 lectione
2409 3132 2523 3190 tua;
2552 3129 2674 3197 quia
2703 3132 2877 3189 virtus
2914 3144 3024 3205 tua,
3050 3117 3273 3200 dilectior
3296 3156 3400 3202 tua.
3435 3117 3567 3208 Audi
3599 3156 3743 3212 Can-

2158 3213 2257 3268 tica
2284 3218 2649 3278 canticorum:
2682 3224 2866 3280 Valida
2884 3241 2957 3284 est
2990 3234 3116 3288 sicut
3153 3254 3287 3293 mors
3325 3244 3522 3301 dilectio
3562 3249 3737 3322 (Cant.

2156 3318 2264 3365 vm,
2298 3304 2379 3376 6).
2408 3308 2650 3380 Magnum
2703 3317 2945 3387 verbum,
2996 3322 3207 3397 fratres,
3266 3329 3448 3389 Valida
3491 3304 3579 3392 est‘
3610 3342 3743 3395 sicut

2154 3410 2290 3448 mors
2315 3397 2535 3455 dilectio.
2560 3403 2976 3474 Magniticentius
2996 3417 3222 3485 exprimi
3247 3436 3351 3477 non
3388 3430 3555 3495 potuit
3580 3430 3740 3486 forti-

2154 3485 2282 3540 tudo
2309 3490 2601 3569 cliaritatis,
2647 3512 2805 3565 quam
2851 3510 2908 3556 ut
2955 3503 3242 3577 diceretur,
3280 3485 3464 3570 Vati-da
3492 3530 3564 3573 est
3604 3523 3741 3577 sicut

2153 3591 2288 3631 mors
2309 3580 2527 3636 dilectio.
2558 3584 2687 3651 Quis
2707 3591 2848 3645 enim
2874 3594 3073 3651 resistit
3098 3603 3279 3669 morti,
3310 3604 3541 3663 fratres?
3566 3610 3739 3667 inten-

2151 3668 2240 3723 dat
2275 3670 2520 3731 Charitas
2547 3688 2742 3734 vestra.
2778 3681 3063 3742 Resistitur
3091 3668 3319 3760 ignibus,
3346 3699 3521 3767 undis,
3553 3701 3732 3770 ferro;

2152 3761 2420 3818 resistitur
2442 3771 2813 3834 potestatibus.
2863 3779 3127 3835 resiStitur
3165 3788 3377 3855 regibus
3412 3808 3425 3843 :
3455 3794 3598 3849 venit
3627 3813 3730 3850 una

2152 3865 2315 3917 mors,
2349 3856 2469 3924 quis
2497 3859 2544 3913 ei
2571 3862 2963 3922 resistit?Nihil
2996 3871 3084 3926 illa
3112 3872 3321 3932 fortius.
3342 3881 3627 3951 Propterea
3649 3891 3733 3942 vi-

2150 3942 2299 3997 ribus
2326 3946 2443 4014 ejus
2466 3948 2700 4007 Charitas
2728 3969 3031 4027 comparata
3059 3974 3159 4031 est,
3190 3977 3243 4020 et
3262 3968 3460 4026 dictum
3488 3984 3590 4041 est,
3626 3975 3734 4031 Va-

2150 4033 2255 4086 lida
2277 4046 2349 4089 est
2371 4038 2499 4093 sicut
2526 4059 2659 4097 mors
2685 4047 2906 4103 dilectio.
2943 4051 3007 4105 Et
3035 4057 3154 4123 quia
3183 4060 3291 4127 ipsa
3319 4062 3548 4122 Charitas
3582 4072 3729 4126 occi-

2150 4123 2223 4179 dit
2249 4128 2389 4194 quod
2418 4128 2633 4201 fuimus,
2665 4146 2721 4190 ut
2746 4139 2911 4195 simus
2937 4145 3076 4212 quod
3104 4123 3215 4202 noni
3248 4166 3485 4221 eramus;
3519 4156 3643 4214 facit
3677 4163 3728 4216 in

2148 4217 2301 4273 nobis
2332 4225 2611 4289 quamdam
2641 4240 2865 4285 mortem
2896 4234 3127 4290 dilectio.
3157 4240 3270 4310 Ipsa
3295 4256 3464 4303 morte
3487 4262 3731 4311 mortuus

2148 4319 2261 4363 erat
2289 4314 2377 4377 qui
2406 4314 2636 4383 dicebat,
2668 4320 2896 4377 Mundus
2925 4328 3049 4381 mihi
3087 4334 3361 4402 cruciﬁxus
3404 4349 3493 4407 est,
3542 4352 3593 4395 et
3636 4362 3730 4416 ego

2146 4403 2333 4456 nmndo
2356 4405 2549 4477 (Galat.
2575 4426 2644 4472 vt,
2660 4412 2760 4483 “14)
2787 4416 2928 4483 :ipsa
2952 4430 3122 4476 morte
3146 4428 3339 4481 mortui
3364 4403 3513 4485 erant
3534 4403 3728 4503 quibus

2146 4492 2372 4559 dicebat,
2406 4498 2601 4554 Μονιυί
2626 4506 2757 4558 enim
2784 4509 2919 4573 estis,
2945 4520 2992 4563 et
3023 4513 3122 4567 vita
3147 4527 3309 4571 vestra
3334 4492 3625 4580 abscondita
3655 4541 3729 4583 est

2145 4600 2257 4639 cum
2281 4587 2481 4642 Christo
2501 4592 2551 4644 in
2579 4592 2682 4647 Dea
2706 4596 2920 4666 (Coloss.
2943 4616 3022 4667 tu,
3047 4603 3122 4674 5).
3157 4604 3340 4661 Valida
3356 4621 3428 4665 est
3445 4610 3574 4669 sicut
3592 4634 3729 4673 mors

2143 4676 2364 4734 dilectio.
2397 4683 2452 4737 Si
2481 4700 2612 4755 ergo
2660 4689 2830 4745 valida
2862 4702 2962 4755 est,
2993 4694 3143 4751 fortis
3173 4709 3256 4754 est
3285 4713 3337 4757 et
3366 4720 3570 4776 magna:
3612 4711 3725 4765 vir—

2147 4773 2291 4839 tutis,
2320 4782 2374 4829 et
2404 4776 2512 4845 ipsa
2533 4786 2616 4832 est
2643 4781 2826 4846 virtus,
2854 4793 2905 4838 et
2933 4801 3026 4855 per
3056 4788 3221 4859 ipsam
3246 4794 3496 4863 regtnttur
3526 4800 3725 4859 intirmi

2142 4878 2171 4917 a
2208 4863 2395 4933 firmis,
2438 4876 2573 4923 terra
2600 4886 2627 4924 a
2656 4873 2808 4939 cmlo,
2846 4878 3023 4945 pepuli
3062 4895 3089 4933 a
3135 4882 3382 4950 sedibus;
3415 4887 3553 4954 ideo,
3601 4890 3723 4951 Fiat

2142 4970 2245 5023 pax
2263 4957 2315 5009 in
2348 4958 2525 5011 virtute
2551 4964 2655 5023 tua,
2691 4963 2779 5017 fiat
2824 4979 2925 5034 pax
2974 4968 3023 5021 in
3078 4970 3362 5031 dilectione
3394 4986 3500 5032 tua.
3533 4980 3599 5035 Et
3623 4994 3723 5048 per

2141 5045 2295 5101 istam
2328 5049 2597 5116 virtutem,
2634 5068 2728 5121 per
2760 5055 2910 5109 istam
2939 5058 3301 5129 dilectionem,
3334 5083 3427 5136 per
3450 5068 3603 5125 istam
3630 5083 3727 5137 pa-

2139 5150 2279 5203 cem,
2306 5137 2395 5193 fiat
2422 5142 2733 5197 abundantia
2756 5147 2808 5199 in
2837 5150 3055 5202 turribus
3082 5155 3181 5205 tuis
3201 5168 3221 5207 :
3251 5155 3299 5210 id
3326 5167 3427 5224 est,
3460 5161 3510 5214 in
3539 5177 3602 5215 ex
3614 5160 3724 5217 cel-

2138 5228 2212 5283 sis
2236 5230 2358 5284 tuis.
2393 5231 2550 5287 Pauci
2572 5235 2992 5293 enimsedebunt
3018 5242 3068 5295 in
3097 5242 3325 5312 judicio;
3356 5248 3449 5303 sed
3476 5252 3631 5307 multi
3658 5255 3725 5309 ad

2138 5318 2411 5375 dexteram
2439 5324 2593 5392 positi
2622 5324 2816 5381 facient
2842 5331 3092 5398 pepulum
3119 5333 3346 5391 civitatis
3377 5339 3536 5394 illius.
3570 5341 3725 5397 Nuiti

2137 5411 2277 5465 enim
2304 5413 2646 5481 pertinebunt
2664 5416 2731 5470 ad
2758 5417 2996 5488 singulos
3015 5437 3255 5494 quosque
3275 5429 3535 5496 excelsos,
3560 5447 3588 5485 a
3615 5434 3725 5504 qui~

2139 5503 2236 5558 bus
2267 5506 2591 5576 recipiantur
2617 5508 2671 5563 in
2704 5510 3042 5568 tabernacula
3070 5525 3299 5582 aeterna;
3328 5530 3381 5575 et
3410 5523 3513 5576 erit
3549 5526 3717 5580 abun-

2133 5597 2310 5652 dantia
2349 5599 2399 5653 in
2429 5601 2661 5656 turribus
2699 5601 2835 5673 ejus.
2885 5605 3167 5667 Plenitudo
3196 5621 3373 5667 autem
3404 5614 3709 5672 deliciarutr

2199 5756 2215 5785 ¹
2241 5758 2314 5805 Sic
2330 5761 2433 5807 Mss.
2456 5756 2567 5805 Ftld.
2596 5770 2742 5821 vero,
2766 5759 2858 5811 illi.
