4074 6536
349 343 496 407 4619

348 474 403 518 et
423 458 740 516 sufﬁcientia
767 455 1068 512 divitiarum
1093 453 1208 526 ipse
1229 452 1393 520 Deus,
1411 452 1525 522 ipse
1551 451 1801 520 idipsum,
1821 447 1936 518 ipse

319 583 330 592 --
351 554 506 624 cujus
529 547 864 622 participatio
901 555 982 602 est
1013 545 1244 600 civitatis
1277 545 1330 598 io
1361 543 1626 614 idipsum:
1659 541 1772 611 ipsa
1792 539 1808 571 ί
1836 537 1938 594 erit

353 653 412 700 et
429 640 752 700 abundantia
773 628 976 694 nostra.
1005 636 1110 692 Sed
1139 635 1314 691 unde?
1340 633 1442 689 Per
1468 633 1804 696 charitatem,
1835 629 1938 684 hoc

325 744 454 800 rest,
489 747 588 804 per
609 733 883 787 virtutem.
915 727 971 783 In
1001 741 1106 798 quo
1128 735 1305 780 autem
1335 733 1416 778 est
1441 723 1695 788 cbaritas,
1721 719 1936 774 fratres?

317 799 452 894 ί
481 799 586 879 non
613 837 708 878 sua
734 820 923 891 quaerit
953 819 1004 874 in
1051 820 1149 872 hac
1191 817 1298 870 vita
1335 813 1593 886 (Philipp.
1636 829 1695 878 ιι,
1735 813 1789 878 4,
1819 809 1935 880 21)-

331 917 492 974 -Andi
544 914 856 984 Apostolum
905 897 1188 966 habentem
1233 905 1697 971 charitatem:ait,
1733 903 1939 957 Placete

351 1009 586 1065 omnibus
619 1023 708 1078 per
734 1007 924 1070 omnia,
950 1003 1080 1058 sicut
1100 1013 1144 1056 et
1170 1017 1260 1072 ego
1283 999 1511 1054 omnibus
1538 1013 1626 1069 per
1647 996 1816 1050 omnia
1839 995 1941 1064 pla-

353 1117 466 1155 ceo.
493 1101 590 1156 Ubi
635 1107 896 1166 estergo
921 1094 1062 1166 quod
1093 1093 1292 1158 dixiSIi,
1343 1091 1404 1146 Si
1444 1089 1609 1143 adhuc
1659 1087 1940 1141 hominibus

355 1193 628 1263 placerem,
660 1178 850 1245 Christi
887 1203 1056 1242 servus
1097 1202 1200 1239 non
1238 1199 1394 1239 essent
1434 1180 1627 1251 (Galat.
1660 1196 1698 1242 t,
1740 1179 1863 1248 10)?
1889 1185 1942 1232 et

357 1282 522 1337 modo
546 1281 680 1336 dicis
707 1287 762 1335 te
789 1279 1022 1349 placere,
1053 1276 1212 1331 modo
1259 1273 1490 1328 hortaris
1533 1281 1590 1326 ut
1620 1279 1674 1326 et
1704 1271 1781 1324 illi
1825 1269 1940 1338 pla-

357 1373 550 1427 ceant?
577 1370 684 1426 Sed
713 1385 818 1424 non
859 1369 930 1422 ibi
957 1369 1132 1439 posuit
1161 1366 1341 1432 linem,
1380 1372 1438 1417 ut
1478 1363 1594 1433 quis
1621 1367 1838 1431 propter
1861 1375 1939 1426 se,

359 1479 468 1518 non
509 1469 728 1532 propter
752 1459 1066 1515 charitalem
1114 1457 1336 1525 placeat.
1383 1453 1484 1520 Qui
1528 1451 1750 1522 gloriam
1792 1465 1941 1504 suam

359 1552 574 1622 quarrit,
603 1565 708 1605 non
727 1549 958 1619 qumrit'
979 1548 1202 1602 salutem
1230 1547 1474 1600 aliorum.
1503 1543 1743 1598 Aitenim
1766 1559 1779 1595 :
1801 1541 1944 1596 Sicut

361 1651 410 1698 et
433 1659 526 1713 ego
573 1641 804 1695 omnibus
845 1654 936 1709 per
977 1636 1146 1691 omnia
1190 1637 1384 1705 placeo,
1431 1651 1530 1687 non
1557 1647 1783 1703 quarens
1811 1631 1944 1702 quod

361 1732 490 1786 mihi
521 1729 742 1800 prodest,
773 1729 862 1784 sed
897 1727 1034 1798 quod
1075 1726 1264 1792 multis,
1307 1735 1362 1780 ut
1402 1725 1530 1780 salui
1568 1725 1697 1793 ﬁant
1745 1721 1800 1795 (Ι
1825 1721 1942 1778 Cor.

361 1835 422 1887 ι,
453 1821 544 1884 52,
577 1820 690 1892 55).

437 1913 526 1968 15.
569 1910 716 1983 [υεη.
745 1910 824 1984 8.]
863 1911 988 1965 Ideo
1005 1919 1058 1963 et
1086 1909 1174 1964 hic
1198 1923 1318 1964 cum
1341 1907 1408 1964 de
1435 1905 1690 1961 charitate
1710 1903 1945 1960 diceret:

365 2001 592 2071 Propter
617 2002 798 2070 fratres
827 2017 982 2068 meos,
1014 1999 1203 2070 inquit,
1245 2009 1292 2054 et
1335 1999 1642 2069 propinquos
1679 2013 1834 2062 meos,
1867 1995 1947 2050 to-

365 2093 556 2162 quebar
578 2102 746 2147 autem
766 2093 788 2124 ³
812 2108 986 2163 pacem
1011 2092 1075 2146 de
1099 2101 1163 2145 te.
1193 2091 1240 2145 0
1262 2091 1566 2156 Jerusalem,
1611 2089 1784 2143 ciuitas
1805 2089 1950 2158 cuius

368 2183 692 2254 partieipatio
717 2183 770 2236 in
791 2183 1036 2249 idipsum,
1068 2195 1168 2251 ego
1197 2182 1250 2236 in
1286 2181 1390 2235 bac
1416 2182 1520 2235 vita
1547 2190 1600 2235 et
1629 2181 1679 2234 in
1711 2180 1810 2234 hac
1839 2188 1948 2234 ter-

367 2289 452 2340 ra,
481 2289 584 2345 ego
612 2289 833 2344 pauper,
866 2275 1178 2344 peregrinus
1203 2281 1258 2328 et
1283 2286 1524 2342 gemens,
1553 2271 1786 2326 nondum
1827 2286 1949 2340 per-

371 2363 556 2419 fruens
585 2379 716 2434 pace
746 2375 862 2430 tua,
885 2373 940 2419 et
967 2363 1264 2435 prtcdicans
1291 2378 1474 2431 pacem
1506 2371 1680 2426 tuam;
1702 2377 1806 2416 non
1823 2376 1950 2431 pro-

371 2462 494 2524 pter
519 2471 606 2510 me
627 2456 771 2508 illam
801 2455 1055 2526 praedico,
1083 2457 1220 2508 sicut
1251 2453 1506 2515 lueretici,
1535 2453 1634 2523 qui
1653 2461 1955 2522 quaerentes

371 2545 598 2614 gloriam
625 2561 776 2601 suam
817 2545 1018 2610 dicunt,
1065 2545 1174 2600 Pax
1219 2545 1491 2598 vobiscum
1517 2561 1528 2597 :
1553 2551 1605 2598 et
1637 2559 1820 2613 pacem
1847 2557 1952 2596 non

373 2636 574 2696 habent
609 2653 768 2709 quam
813 2637 1020 2709 populis
1066 2627 1383 2708 pradicant.
1425 2635 1480 2691 Si
1506 2635 1648 2690 enim
1698 2635 1956 2689 haberent

373 2745 585 2799 pacem,
615 2745 718 2784 non
745 2729 1154 2784 conscinderent
1183 2731 1464 2783 unitatem.
1499 2729 1629 2798 Ego,
1653 2727 1844 2796 inquit,
1876 2727 1954 2779 lo-

374 2823 564 2888 quebar
587 2835 760 2890 pacem
801 2821 865 2875 de
893 2831 957 2875 te.
991 2819 1096 2876 Sed
1125 2820 1326 2890 quare?
1364 2817 1585 2888 Propter
1610 2820 1792 2888 fratres
1821 2832 1958 2870 meos

376 2923 424 2966 et
447 2914 756 2984 propinquos
783 2927 918 2968 meos
942 2927 962 2966 :
988 2927 1092 2965 non
1121 2921 1339 2980 propter
1353 2909 1608 2964 honorem
1632 2925 1829 2970 meum,
1849 2923 1955 2960 non

377 3012 596 3075 propter
621 3003 895 3074 pecuniam
931 3019 1124 3070 meam,
1163 3017 1268 3057 non
1293 3011 1512 3072 propter
1541 3002 1699 3054 vitam
1747 3013 1954 3064 meam;

377 3109 523 3160 nam,
560 3093 688 3147 Mihi
709 3095 872 3148 uiuere
888 3094 1118 3149 Christus
1145 3103 1236 3154 est.
1265 3103 1312 3146 et
1342 3091 1469 3145 mori
1499 3091 1711 3144 lucrum.
1744 3089 1849 3145 Sed
1886 3089 1962 3142 lo—

377 3185 566 3254 quebar
593 3201 767 3253 pacem
789 3185 854 3239 de
871 3195 937 3251 te,
963 3195 1167 3255 prapter
1191 3185 1376 3252 fratres
1416 3199 1550 3237 meos
1578 3192 1624 3236 et
1653 3183 1960 3251 propinquas

377 3293 536 3331 meos.
563 3275 694 3330 Nam
721 3277 964 3346 cupiebat
994 3277 1106 3345 ipse
1129 3273 1356 3338 dissolvi,
1398 3284 1442 3327 et
1467 3290 1572 3327 esse
1593 3289 1706 3326 cmn
1728 3273 1923 3326 Christo
1941 3289 1959 3326 :

381 3375 436 3420 et
463 3368 552 3436 qui
581 3371 677 3422 ista
709 3367 1022 3437 praedicaret
1049 3367 1357 3436 pt-Opinquis
1395 3375 1448 3420 et
1476 3365 1744 3426 fratribus,
1777 3363 1958 3417 Mane-

379 3476 456 3525 re,
486 3460 673 3528 inqait,
705 3460 756 3514 in
785 3475 954 3522 carne,
983 3459 1318 3512 necessarium
1361 3467 1564 3527 propter
1589 3473 1674 3510 vos
1703 3455 1958 3528 (Philipp.

379 3564 420 3612 ι,
441 3550 503 3603 2|
519 3591 534 3614 ,
561 3550 652 3614 23,
673 3549 784 3620 24).
815 3549 1030 3620 Propter
1051 3553 1232 3620 fratres
1255 3565 1390 3604 meos
1411 3558 1456 3602 et
1475 3549 1783 3619 propinquos
1805 3565 1957 3613 meos,

383 3639 622 3706 loquebar
645 3651 810 3693 autem
834 3655 1004 3708 pacem
1029 3640 1092 3692 de
1119 3647 1184 3692 te.

457 3731 545 3785 14.
578 3729 718 3802 [vers
745 3729 836 3802 9.]
867 3729 1082 3800 Propter
1108 3729 1310 3783 domum
1333 3728 1540 3782 Domini
1563 3727 1654 3781 Dei
1683 3727 1798 3794 mei,
1821 3741 1962 3797 qua:-

381 3823 478 3876 sitn'
504 3821 634 3875 bona
653 3821 762 3875 tibi.
783 3821 898 3874 Non
929 3831 1144 3890 propter
1167 3835 1254 3874 me
1277 3820 1494 3889 quaesivi
1517 3819 1652 3873 bona
1675 3837 1688 3870 :
1713 3833 1834 3871 nam
1857 3833 1964 3872 non

383 3916 480 3969 tibi
513 3929 832 3984 quaererem,
859 3913 954 3968 sed
983 3913 1110 3967 mihi
1132 3930 1146 3978 ;
1169 3912 1291 3966 ideo
1315 3925 1412 3964 nec
1431 3925 1529 3979 ego
1551 3911 1823 3974 haberem,
1843 3909 1964 3977 quia

386 4021 500 4059 non
529 4005 620 4058 tibi
647 4017 975 4074 quarerem:
1008 4001 1123 4069 sed,
1155 4003 1375 4071 Propter
1405 4001 1608 4054 domum
1636 3999 1844 4052 Domini
1869 3997 1967 4050 Dei

385 4097 508 4158 mei,
541 4107 758 4166 propter
785 4094 1098 4158 Ecclesiam,
1119 4101 1334 4162 prepter
1360 4101 1593 4154 sanctos,
1617 4099 1831 4160 propter
1849 4105 1968 4159 per-

387 4188 627 4258 egrinos,
653 4193 870 4256 propter
893 4187 1100 4254 inopes,
1141 4193 1200 4238 ut
1227 4183 1545 4243 ascendant;
1591 4179 1712 4252 quia
1742 4181 1968 4244 dicimus

387 4279 492 4346 eis,
527 4277 592 4330 In
631 4277 838 4330 domum
863 4276 1056 4329 domini
1094 4275 1308 4327 ibimus:
1338 4283 1540 4342 propter
1565 4271 1732 4340 ipsam
1763 4271 1968 4322 domum

389 4370 600 4423 Domini
631 4369 722 4422 Dei
753 4367 868 4430 mei,
897 4367 1100 4434 quesivi
1123 4367 1256 4420 bona
1280 4363 1386 4416 tibi.
1427 4363 1570 4426 l-l:uc,
1605 4360 1817 4424 fratres,
1841 4373 1968 4428 pro-

389 4460 580 4515 lixiora
595 4467 650 4513 et
663 4457 960 4513 necessaria
979 4456 1201 4524 carpite,
1220 4453 1552 4518 manducata,
1575 4451 1738 4506 bibite
1755 4467 1768 4516 ;
1787 4463 1973 4504 conva-

391 4550 599 4614 lescite,
613 4549 844 4616 'currite,
867 4545 1270 4617 apprehendite.

389 4693 1964 4722 q———-—~——————.-—————"—_'——_—"‘

741 4843 744 4848 ,
793 4778 876 4848 ΙΝ
919 4773 1298 4838 PSALMUM
1339 4771 1578 4836 CXXII

989 4891 1410 4952 ENARRATIO.

937 5003 1110 5046 SERIO
1138 5004 1206 5043 AD
1233 4999 1435 5040 PLEBEI
1443 5023 1456 5037 .

473 5117 527 5169 1.
569 5107 918 5166 Ascendentis
938 5105 1139 5162 cantica
1158 5118 1224 5158 ex
1243 5099 1428 5155 ordine
1447 5113 1568 5152 cum
1588 5096 1876 5152 Sanctitate
1901 5109 1982 5148 ve-

398 5215 512 5262 stra
543 5197 928 5258 consideranda
953 5193 1194 5264 suscepi;
1226 5189 1562 5245 ascendentis
1581 5196 1635 5242 et
1658 5185 1902 5250 amantis,
1931 5191 1985 5240 et

401 5299 526 5355 ideo
545 5291 879 5351 ascendentis
899 5289 1018 5360 quia
1036 5285 1282 5342 amantis.
1300 5283 1483 5339 Omnis
1517 5295 1668 5334 amor
1682 5288 1771 5334 aut
1795 5293 1984 5333 ascen-

403 5389 504 5457 dit,
529 5395 622 5442 aut
659 5381 954 5456 descendit.
996 5378 1274 5435 Desiderio
1310 5375 1451 5434 enim
1482 5372 1622 5428 bono
1657 5372 1894 5426 levamur
1921 5365 1988 5421 ad

471 5524 490 5555 ι
519 5520 708 5584 Aliquot
728 5523 861 5584 um,
874 5514 994 5578 ipse.

473 5585 498 5616 ³
519 5591 648 5640 Mss,
673 5591 766 5640 non
787 5583 934 5640 potest
952 5583 1186 5640 (litterate.

477 5645 498 5676 ³
521 5625 767 5696 Einhart,
788 5625 1100 5698 autem,'qu_:e
1121 5633 1280 5682 fuerat
1303 5642 1400 5698 per
1423 5635 1530 5678 Lov.
1557 5636 1817 5698 esgmacta,
1841 5625 1988 5698 rcstt:

413 5689 669 5756 tunde—ens—
681 5689 821 5754 editis
835 5698 941 5749 aliis
953 5689 1022 5748 ἐἰ
1185 5689 1452 5757 ιιι-ερέριιιιιι
1479 5689 1602 5758 quia
1623 5689 1675 5738 in
1695 5693 1856 5735 Grzcco
1878 5691 1986 5732 LXX

417 5773 592 5820 οιειθι.

1409 333 1810 395 ιιιιΑιιιιΑι-ιο
1849 332 1913 390 ιιι
1949 288 2276 390 essanun
2307 329 2518 388 cxxn.

3479 327 3618 388 1650

2044 445 2293 512 Deum,et
2306 443 2572 500 desiderio
2591 444 2730 500 malo
2741 444 2808 500 ad
2827 445 2928 500 ima
2945 448 3356 518 prtucipitamur.
3375 451 3480 510 Sed
3497 459 3616 528 quia

2039 535 2149 608 fam
2173 538 2316 594 malo
2330 535 2596 593 desiderio
2615 537 2745 608 lapsi
2765 538 3084 606 cecidimus;
3109 553 3356 612 superest
3381 547 3554 615 nobis,
3577 551 3619 604 si

2042 629 2380 698 agnoscimus
2407 629 2523 700 quis
2550 629 2614 683 ad
2645 645 2742 685 nos
2771 647 2876 685 non
2903 632 3178 698 ceciderit,
3201 635 3294 690 sed
3323 636 3622 694 descende.

2041 721 2132 784 rit,
2163 719 2418 775 harrendo
2450 721 2524 775 illi
2555 721 2879 794 ascendere;
2905 723 3024 792 quia
3055 725 3254 780 viribus
3289 727 3486 784 nostris
3517 745 3622 783 non

2043 825 2347 880 possumus.
2373 809 2490 879 ipse
2518 811 2650 866 dixit
2691 813 2944 866 Dominus
2971 824 3152 869 noster
3173 815 3331 872 Jesus
3355 817 3621 886 Christus,

2047 896 2210 952 Nemo
2237 900 2460 953 ascendit
2480 901 2532 953 in
2559 902 2760 965 caelum,
2788 901 2885 956 nisi
2904 903 2989 973 qui
3009 904 3071 958 de
3090 907 3213 960 coelo
3233 907 3506 974 descendit,
3531 909 3627 964 Fi-

2045 987 2142 1042 lius
2180 987 2396 1043 hominis
2425 991 2508 1058 qui
2531 1003 2600 1044 est
2630 992 2682 1044 in
2711 995 2834 1046 caelo
2877 993 3054 1060 (Joan.
3095 1012 3175 1062 ιιι,
3207 997 3320 1068 15).
3349 998 3622 1070 Tanquam

2045 1079 2110 1134 de
2137 1095 2194 1134 se
2223 1081 2337 1134 solo
2362 1081 2572 1136 videtur
2595 1084 2814 1140 dixisse.
2844 1087 2986 1158 Ergo
3025 1090 3202 1144 casteri
3231 1103 3624 1161 remanserunt,

2043 1173 2166 1242 quia
2193 1172 2335 1226 solus
2356 1175 2616 1240 ascendit,
2639 1177 2727 1246 qui
2756 1178 2902 1232 solus
2930 1178 3240 1236 descendit?
3265 1181 3400 1248 Quid
3431 1184 3629 1240 dcbcut

2048 1261 2224 1319 facere
2247 1267 2462 1320 cmteri?
2501 1267 2648 1324 Uuiri
2675 1273 2886 1338 corpori
2914 1273 3098 1342 ipsius,
3128 1285 3182 1328 ut
3205 1276 3274 1330 sit
3300 1293 3436 1330 unus
3475 1276 3628 1334 Chri-

2046 1363 2180 1420 stus,
2199 1356 2286 1426 qui
2305 1355 2647 1413 descenditet
2667 1361 2922 1415 ascendit.
2947 1363 3228 1420 Descendit
3243 1375 3421 1435 caput,
3439 1383 3628 1422 ascen-

2047 1449 2124 1502 dit
2147 1464 2266 1504 cum
2293 1465 2546 1520 corpore;
2571 1455 2796 1508 vestitus
2825 1454 3117 1510 Ecclesiam
3142 1472 3316 1525 suam,
3343 1475 3500 1528 quam
3527 1461 3626 1514 sibi

2049 1543 2291 1598 exhibuit
2318 1543 2433 1600 sine
2463 1545 2665 1600 macula
2694 1554 2750 1604 et
2795 1563 2921 1616 ruga
2969 1549 3182 1618 (lt'phes.
3227 1567 3279 1614 v,
3324 1552 3438 1620 27).
3471 1551 3630 1608 Solus

2049 1648 2176 1706 ergo
2199 1635 2458 1690 ascendit.
2489 1635 2592 1690 Sed
2618 1645 2670 1692 et
2697 1653 2794 1692 nos
2821 1639 3031 1706 quando
3057 1655 3174 1694 cum
3207 1639 3297 1696 illo
3319 1643 3395 1696 sic
3421 1657 3626 1705 sumus,

2050 1736 2109 1782 ut
2138 1729 2188 1781 in
2217 1728 2308 1785 illo
2333 1729 2568 1783 membra
2597 1729 2710 1798 ejus
2732 1731 2930 1795 simus;
2959 1739 3010 1784 et
3033 1731 3310 1788 uobiscum
3349 1733 3494 1794 solus
3519 1744 3622 1799 est,

2050 1827 2105 1873 et
2134 1818 2251 1874 ideo
2280 1835 2433 1882 unus,
2459 1828 2512 1874 et
2536 1834 2751 1888 semper
2777 1835 2933 1874 unus.
2957 1821 3144 1876 Unitas
3171 1837 3267 1876 nos
3297 1823 3630 1891 compaginat

2051 1909 2146 1966 uni
2169 1927 2182 1964 :
2205 1919 2256 1963 et
2283 1909 2358 1962 illi
2388 1910 2484 1963 soli
2515 1925 2634 1964 cum
2668 1911 2766 1966 illo.
2797 1927 2902 1966 non
2933 1911 3249 1976 ascendunt,
3282 1912 3515 1980 quicum
3543 1912 3630 1964 illo

2054 2017 2188 2055 unus
2216 2016 2334 2055 esse
2375 2002 2696 2056 noluerint‘.
2725 2002 2840 2056 Jam
2884 2019 3012 2058 vero
3037 2005 3285 2072 quoniam
3313 2004 3424 2073 ipse
3459 2003 3550 2072 qui
3580 2005 3630 2058 in

2052 2093 2192 2148 cmlo
2223 2093 2428 2162 positus
2459 2103 2562 2160 est,
2589 2105 2640 2146 et
2665 2109 2825 2150 carne
2851 2095 3102 2148 suscitata
3121 2098 3140 2126 ²
3165 2095 3498 2157 immortalis,
3536 2109 3633 2163 per

2053 2201 2208 2256 quam
2243 2185 2337 2239 fuit
2364 2185 2428 2240 ad
2461 2195 2667 2254 tempus
2694 2187 2950 2246 mortalis.
2981 2196 3036 2242 et
3061 2188 3190 2244 nihil
3213 2189 3262 2242 in
3285 2188 3422 2244 cmlo
3455 2203 3636 2256 perse-

2055 2279 2325 2331 cutionum
2356 2277 2584 2345 patiens,
2609 2277 2738 2332 nihil
2769 2279 3088 2332 malitiarum
3117 2287 3169 2332 et
3193 2279 3626 2346 opprobriorum,

2055 2369 2190 2421 sicut
2218 2368 2274 2420 in
2293 2365 2394 2422 hac
2424 2377 2560 2421 terra
2587 2369 2800 2436 quamlo
2828 2383 2921 2437 pro
2951 2368 3106 2422 nobis
3149 2369 3326 2422 omnia
3371 2367 3636 2422 sustinere

2055 2457 2301 2526 dignatus
2324 2467 2436 2520 est;
2471 2473 2784 2528 eompassus
2831 2469 3005 2512 tamen
3045 2459 3256 2526 corpori
3287 2473 3384 2514 suo
3411 2459 3462 2512 in
3497 2466 3634 2512 terra

2057 2549 2338 2616 laboranti,
2365 2549 2514 2612 dixit,
2540 2549 2716 2610 Saule.
2743 2550 2919 2616 Saule,
2938 2551 3062 2620 quid
3081 2568 3158 2605 me
3174 2552 3478 2620 persequeris
3495 2550 3636 2623 (Act.

2057 2657 2130 2705 ix,
2159 2639 2249 2711 4)?
2274 2641 2382 2710 jam
2409 2643 2580 2709 ipsum
2611 2655 2768 2694 nemo
2799 2642 3066 2712 tangebat,
3091 2651 3145 2694 ct
3175 2657 3230 2696 se
3259 2643 3366 2712 pati
3391 2656 3638 2710 persecu-

2059 2731 2254 2786 tionem
2285 2732 2351 2784 de
2381 2732 2518 2786 cado
2547 2733 2838 2786 clamabat:
2866 2748 2968 2786 non
2995 2745 3190 2802 praeter
3217 2749 3366 2802 spem
3403 2747 3522 2788 esse
3541 2733 3638 2788 de-

2061 2821 2270 2888 bemus,
2303 2823 2409 2876 imo
2437 2837 2554 2875 cum
2583 2838 2769 2892 magna
2801 2823 3002 2878 .iitlucia
3035 2839 3384 2892 prarsumere,
3429 2825 3548 2892 quia
3593 2825 3640 2878 si

2062 2929 2154 2980 per
2175 2911 2485 2966 charitatem
2510 2913 2624 2982 ipse
2650 2914 2924 2968 nobiscum
2963 2914 3014 2968 in
3055 2924 3192 2967 terra
3221 2923 3318 2977 cst,
3351 2929 3445 2982 per
3491 2928 3639 2968 eam-

2061 3006 2184 3060 dem
2215 3006 2530 3061 charitatem
2561 3015 2614 3060 et
2641 3021 2740 3060 nos
2779 3020 2900 3059 cum
2941 3019 3006 3060 co
3036 3006 3087 3058 in
3119 3006 3258 3060 ctelo
3301 3019 3503 3058 sumus.
3536 3003 3640 3060 Sed

2061 3096 2296 3152 diximus
2322 3097 2769 3166 quemadmodum
2803 3095 3078 3150 nobiscum
3107 3097 3219 3164 ipse
3267 3097 3318 3148 in
3352 3105 3490 3150 terra
3539 3097 3640 3160 sit;

2061 3202 2246 3242 vocem
2276 3186 2392 3256 eius
2418 3187 2649 3240 diximus
2675 3187 2742 3242 de
2765 3187 2903 3242 ctelo
2937 3187 3200 3250 Sonantis,
3245 3185 3420 3244 Saule.
3461 3185 3642 3252 Saule,
3669 3195 3675 3200 ‘

2060 3277 2183 3347 quid
2221 3294 2300 3330 me
2337 3278 2679 3348 persequeris?
2705 3293 2826 3331 cum
2875 3293 2994 3332 eum
3034 3277 3226 3332 Saulus
3276 3279 3496 3334 omnino
3535 3292 3644 3332 non

2063 3374 2322 3434 tangeret,
2355 3366 2448 3421 sed
2475 3381 2572 3421 nec
2605 3367 2834 3420 videret:
2860 3366 3124 3434 quomodo
3145 3375 3318 3419 autem
3347 3365 3644 3420 ostenditur

2011 3527 2017 3532 Ι
2063 3459 2181 3528 quia
2210 3469 2265 3514 et
2287 3473 2381 3512 nos
2401 3473 2519 3512 cum
2547 3457 2638 3512 illo
2666 3459 2716 3512 in
2740 3459 2876 3512 cmlo
2893 3457 3108 3512 sumus?
3131 3457 3326 3510 Eodem
3345 3457 3459 3520 ipso
3481 3457 3646 3512 Paulo

2065 3550 2305 3620 apostolo
2332 3549 2541 3604 dicente
2575 3568 2588 3604 :
2621 3550 2682 3604 Si
2705 3549 3091 3602 consurrexistis
3131 3564 3244 3602 cum
3284 3546 3502 3608 Christo,
3533 3561 3648 3614 qua

2064 3661 2262 3698 sursum
2287 3655 2402 3698 sunt
2424 3645 2649 3714 quaerite,
2681 3643 2764 3696 ubi
2787 3642 3016 3697 Christus
3043 3649 3114 3695 est
3140 3642 3191 3708 in
3222 3640 3426 3692 dextera
3447 3638 3542 3692 Dei
3567 3655 3648 3692 se-

2066 3735 2219 3799 dens;
2249 3750 2364 3803 quae
2391 3751 2592 3788 sursum
2631 3744 2748 3788 sunt
2787 3733 2966 3802 sapite,
2997 3749 3098 3786 non
3126 3747 3240 3800 qua:
3261 3747 3414 3800 super
3437 3737 3644 3783 terram.

2068 3823 2263 3878 Mortui
2287 3825 2418 3878 enim
2443 3825 2580 3891 estis,
2598 3835 2644 3878 et
2669 3826 2770 3878 vita
2791 3834 2950 3878 vestra
2969 3823 3264 3876 abscondita
3285 3831 3358 3874 est
3379 3837 3491 3873 cum
3511 3821 3650 3874 Chri-

2067 3925 2143 3970 sto
2169 3917 2222 3969 in
2249 3916 2355 3970 Deo
2385 3915 2598 3986 (Coloss.
2642 3932 2715 3978 ιιι,
2747 3916 2888 3980 1-5).
2917 3916 3058 3984 Ergo
3081 3921 3136 3968 et
3165 3915 3251 3968 ille
3276 3913 3448 3968 adhuc
3485 3913 3648 3967 dcor-

2068 4022 2184 4061 sam
2215 4015 2313 4072 est,
2343 4017 2397 4062 et
2425 4023 2520 4064 nos
2543 4007 2651 4076 jam
2683 4023 2893 4062 sursum
2933 4023 3148 4061 sumus:
3174 4007 3262 4060 ille
3293 4007 3539 4061 deorsum
3567 4013 3652 4058 est

2069 4103 2438 4167 compassione
2479 4099 2772 4165 charitatis,
2801 4115 2899 4154 nos
2923 4081 3132 4153 sursum
3159 4111 3341 4152 sumus
3365 4111 3458 4164 spe
3477 4095 3674 4150 citari...

2071 4191 2212 4244 tatis.
2245 4190 2351 4258 Spe
2374 4191 2506 4245 enim
2530 4192 2655 4244 salvi
2693 4189 2814 4260 facti
2851 4206 3023 4243 sumus
3067 4187 3240 4256 (Rom.
3269 4201 3378 4250 vui,
3401 4185 3516 4256 21).
3546 4184 3652 4248 Sed

2071 4281 2192 4351 quia
2231 4294 2354 4348 spes
2385 4289 2567 4334 nostra
2595 4287 2737 4334 certa
2767 4287 2877 4341 est;
2909 4277 3148 4346 quamvis
3175 4276 3407 4330 futurum
3444 4275 3534 4340 sit,
3575 4274 3654 4328 sic
3727 4261 3730 4264 ⁴

2073 4376 2139 4430 de
2167 4375 2320 4430 nobis
2341 4375 2551 4438 dicitur,
2579 4372 2727 4441 quasi
2752 4373 2861 4438 jam
2889 4369 3082 4424 factum
3103 4369 3194 4422 sit.
3477 4423 3484 4430 ι

2142 4465 2197 4520 2.
2229 4465 2377 4538 [νει-ε.
2409 4461 2488 4536 1.]
2532 4461 2799 4516 Ascendat
2825 4475 2952 4528 ergo
2999 4459 3098 4512 iste
3131 4463 3406 4520 cantator;
3449 4454 3544 4510 sed
3589 4453 3662 4510 de

2077 4570 2394 4624 unoquoque
2419 4553 2580 4607 corde
2602 4561 2837 4607 vestrum
2857 4549 2879 4582 ⁸
2907 4557 3084 4604 cantet
3113 4547 3196 4601 hic
3217 4545 3398 4608 homo,
3421 4553 3475 4600 ct
3499 4557 3664 4598 unus-

2077 4643 2300 4719 quisque
2326 4647 2516 4710 sit_istc
2542 4643 2726 4697 homo.
2760 4642 2894 4696 Cmn
2920 4639 3062 4694 enim
3089 4637 3263 4692 dicitis
3293 4635 3423 4690 illud
3449 4633 3660 4702 singuli,

2077 4739 2198 4806 quia
2234 4749 2420 4792 omnes
2450 4749 2612 4788 unum
2641 4732 2772 4786 estis
2807 4731 2859 4784 in
2887 4729 3102 4783 Christo
3125 4768 3140 4790 ,
3184 4739 3320 4779 unus
3347 4724 3508 4778 homo
3537 4721 3662 4776 illud

2079 4827 2243 4882 dicit:
2277 4835 2332 4880 et
2359 4841 2464 4878 non
2485 4865 2500 4888 ,
2529 4822 2608 4876 Ad
2636 4831 2712 4886 te,
2741 4820 2964 4874 Domine
2984 4859 2998 4881 ,
3028 4817 3324 4871 levavimus
3351 4811 3536 4866 oculos
3565 4825 3664 4864 no-

2082 4927 2256 4979 stros;
2289 4913 2403 4978 sed,
2435 4913 2514 4968 Ad
2540 4923 2610 4977 te,
2629 4911 2863 4974 Domine,
2894 4910 3050 4964 levavi
3078 4907 3249 4960 oculos
3271 4919 3422 4957 uicos.
3453 4900 3666 4954 Debetis

2084 5007 2298 5076 quidem
2352 5012 2539 5074 putare
2587 5011 3018 5067 unumquemque
3062 5005 3297 5050 vestrum
3345 4991 3523 5060 loqui;
3571 4988 3666 5042 sed

2086 5114 2223 5154 unus
2251 5097 2337 5152 ille
2361 5095 2592 5150 maxime
2621 5092 2875 5162 loquitur,
2903 5090 2990 5158 qui
3013 5088 3170 5141 etiam
3197 5083 3417 5138 diffusus
3445 5087 3530 5136 est
3556 5087 3672 5133 toto
3699 5129 3702 5132 ι

2087 5191 2216 5246 orbe
2244 5197 2532 5243 terrarum.
2573 5181 2724 5240 Unus
2749 5182 2839 5236 ille
2873 5179 3125 5248 loquitur,
3153 5176 3241 5244 qui
3277 5172 3400 5226 alibi
3429 5169 3588 5230 dicit,
3625 5168 3670 5226 Α

2090 5281 2274 5352 ﬁnibus
2314 5288 2460 5332 teme
2495 5275 2563 5330 ad
2591 5285 2638 5328 te
2676 5273 2886 5327 clamaui
2907 5311 2920 5334 ,
2953 5285 3068 5322 cum
3097 5274 3363 5336 angeretur
3393 5277 3478 5314 cor
3507 5275 3672 5312 metm:

2092 5349 2264 5446 (Psal.
2295 5386 2360 5426 ιχ
2385 5409 2400 5432 ,
2432 5367 2510 5438 5).
2539 5366 2669 5434 Quis
2709 5373 2792 5418 est
2820 5362 2912 5431 qui
2949 5359 3144 5414 clamat
3175 5372 3204 5410 a
3245 5353 3440 5407 ﬁnibus
3482 5349 3674 5446 terrae:ll

2069 5439 2208 5535 quis
2249 5473 2388 5516 unus
2419 5458 2580 5513 homo
2625 5452 2850 5510 diffusus
2877 5459 2960 5506 est
2998 5463 3166 5518 usque
3207 5444 3274 5499 ad
3315 5443 3447 5496 lines
3477 5439 3672 5496 terrae?

2158 5616 2174 5646 ί
2203 5611 2336 5671 Edd.,
2366 5609 2634 5659 noluerunt.
2659 5611 2864 5671 At_ltlss.,
2887 5598 3144 5671 noluerint.
3353 5658 3372 5671 ι

2159 5678 2179 5706 ¹
2203 5658 2496 5723 ξίὸήιὶιήιζνιίι.
2519 5675 2570 5716 et
2587 5668 2737 5715 nostri
2757 5658 2862 5714 Mss.
2893 5671 2947 5711 Αι
2969 5670 3100 5712 ιον..
3121 5672 3269 5710 carne
3290 5658 3530 5723 subsistit.
3758 5717 3766 5720 _

2145 5737 2185 5770 ’³
2204 5722 2276 5788 sic
2295 5743 2396 5788 uss.
2426 5741 2474 5781 At
2501 5727 2632 5788 tot,
2669 5727 2754 5778 sed
2777 5725 2826 5776 in
2851 5737 3124 5787 unoquoque
3145 5729 3359 5772 nostrum
3380 5722 3558 5778 ctuttet,
3578 5723 3655 5766 ets
3741 5735 3744 5738 ·
