4078 6508
408 392 411 397 ·
444 370 578 431 1651

442 485 819 557 Unusquisque
863 483 1023 538 homo
1067 481 1118 535 in
1150 479 1365 549 regione
1406 492 1499 534 sua
1544 485 1721 548 potest
1759 475 2022 539 clamare;

441 576 699 648 numquid
728 591 757 631 a
799 575 991 630 ﬁnibus
1020 573 1214 628 terrae?
1239 571 1342 627 Sed
1371 568 1651 626 haereditas
1692 567 1926 631 Christi,
1958 566 2026 621 de

439 685 544 739 qua
576 671 772 724 dictum
800 678 901 731 est,
936 664 1077 718 Dabo
1105 664 1192 718 tibi
1218 674 1389 735 gentes
1420 662 1759 717 luereditatem
1789 668 1947 725 tuam,
1978 665 2026 710 et

442 759 803 827 possessionem
852 767 989 810 tuam
1019 754 1253 810 terminos
1301 765 1446 809 terra:
1474 752 1646 822 (Psal.
1686 768 1753 817 ll,
1800 750 1877 819 8),
1912 749 2025 818 ipsa

438 851 635 906 clamat
658 859 712 903 et
733 848 884 916 dicit,
914 847 955 901 Α
982 847 1163 916 finibus
1192 858 1337 901 terra:
1362 846 1429 899 ad
1454 855 1500 899 te
1528 846 1761 909 clamavi,
1792 860 1907 896 cum
1932 859 2027 895 an-

438 950 638 1011 geretur
656 956 743 994 eor
765 955 949 993 meum.
982 940 1219 1009 Angatur
1237 954 1329 992 cor
1351 946 1611 1004 nostrum,
1637 945 1691 992 et
1710 937 2020 991 clamemus.

442 1030 593 1086 Unde
621 1040 846 1102 angatur
873 1046 967 1085 cor
997 1030 1275 1085 nostrum?
1302 1029 1415 1084 Non
1452 1028 1519 1083 de
1560 1028 1643 1083 his
1672 1044 1790 1098 quae
1822 1027 1907 1082 hic
1931 1042 2025 1097 pa-

441 1122 645 1177 tiuntur
664 1132 715 1177 et
738 1121 884 1184 mali,
914 1121 1059 1176 verbi
1082 1122 1269 1192 gratia,
1294 1122 1413 1191 quia
1443 1119 1692 1174 damnum
1716 1118 2019 1188 patiuntur:

442 1226 565 1265 nam
593 1211 639 1266 si
666 1210 791 1265 inde
824 1211 1035 1281 angitur
1063 1227 1175 1273 cor.
1204 1212 1339 1265 cinis
1366 1219 1465 1265 est.
1495 1210 1627 1277 Quia
1660 1208 1839 1263 nescio
1865 1223 2022 1276 quem

440 1307 653 1355 tuorum
681 1315 745 1355 ex
775 1299 1048 1355 voluntate
1075 1301 1167 1355 Dei
1196 1300 1438 1363 amisisti,
1463 1301 1504 1353 si
1530 1298 1651 1353 inde
1671 1299 1883 1368 angitur
1907 1313 2020 1366 cor,

438 1391 568 1460 quid
608 1392 896 1462 magnum?
941 1393 1072 1446 llinc
1119 1402 1380 1463 anguntur
1408 1398 1464 1446 et
1490 1390 1649 1445 corda
1695 1389 2020 1456 inﬁdelium;

440 1482 541 1537 ista
572 1483 844 1552 patiuntur
883 1491 937 1536 et
980 1482 1067 1552 qui
1110 1481 1342 1536 nondum
1375 1480 1425 1534 in
1469 1479 1735 1534 Christum
1776 1479 2021 1535 credide-

440 1581 583 1627 runt.
609 1573 760 1628 Unde
780 1574 989 1642 angitur
1015 1589 1111 1628 cor
1138 1571 1450 1627 christiani?
1475 1571 1604 1640 Quia
1638 1572 1871 1626 nondum
1900 1587 2021 1627 cum

439 1663 655 1719 Christo
684 1666 829 1719 vivit.
858 1666 1007 1721 Unde
1036 1666 1245 1737 angitur
1264 1682 1356 1721 cor
1376 1664 1687 1721 christiani?
1716 1666 1846 1733 Quia
1873 1680 2024 1736 pere-

439 1755 681 1824 grinatur
720 1763 774 1811 et
815 1756 1081 1811 desiderat
1128 1758 1372 1827 patriam.
1415 1756 1472 1812 Si
1517 1756 1639 1812 inde
1682 1757 1892 1827 angitur
1930 1771 2024 1811 cor

439 1854 613 1911 tuum,
636 1848 844 1901 etiamsi
873 1847 995 1901 felix
1018 1848 1310 1902 secundum
1332 1848 1583 1903 sarculum
1610 1846 1795 1913 fueris,
1819 1848 2018 1918 gemis;

439 1945 497 1992 ct
522 1937 565 1991 si
602 1936 785 1993 omnia
811 1954 1062 2009 prospera
1103 1939 1401 2002 conﬂuant,
1447 1948 1500 1994 et
1527 1939 1756 2009 undique
1800 1939 1894 1994 tibi
1922 1940 2023 1995 iste

440 2029 671 2083 mundus
698 2030 949 2096 arrident,
983 2039 1038 2086 tu
1066 2041 1243 2087 tamen
1268 2032 1458 2101 gemis,
1485 2032 1608 2101 quia
1638 2032 1687 2085 in
1718 2032 2024 2101 peregrina-

441 2119 587 2173 tione
619 2130 668 2174 te
696 2122 1039 2177 constitutum
1078 2123 1260 2189 vides;
1305 2132 1358 2178 et
1386 2123 1553 2178 sentis
1577 2122 1689 2192 jam
1727 2123 1940 2194 quidem
1971 2133 2021 2179 te

441 2208 642 2266 habere
688 2212 991 2269 felicitatem
1024 2214 1314 2269 secundum
1358 2215 1540 2269 oculos
1582 2214 1895 2281 stultorum,
1927 2214 2021 2270 sed

441 2303 676 2358 nondum
705 2306 996 2360 secundum
1021 2307 1425 2376 promissionem
1443 2306 1640 2361 Christi
1665 2326 1678 2361 :
1709 2307 1850 2362 illam
1874 2322 2021 2377 qua:-

440 2408 566 2449 rcns
591 2395 780 2463 gemis,
809 2396 950 2450 illam
980 2411 1224 2465 qumrens
1254 2396 1555 2462 desideras,
1587 2406 1641 2452 et
1668 2398 2022 2453 desiderando

436 2485 685 2540 ascendis
712 2493 767 2540 et
790 2486 1125 2541 ascendendo
1148 2496 1332 2542 cantas
1357 2487 1621 2542 Canticum
1647 2488 1897 2558 graduum
1913 2530 1928 2555 ,
1968 2498 2023 2545 et

439 2574 989 2631 cantandoCtmtieum
1012 2577 1284 2648 graduum,
1315 2576 1470 2645 dicis,
1499 2577 1579 2630 Ad
1606 2587 1650 2631 te
1672 2576 1830 2633 levavi
1853 2578 2023 2633 oculos

440 2681 597 2728 meos,
628 2668 713 2734 qui
739 2667 933 2722 habitas
964 2668 1014 2721 in
1038 2668 1182 2722 calo.

512 2756 564 2809 3.
600 2757 926 2822 Ascendens,
961 2774 1067 2829 quo
1096 2760 1363 2814 levaturus
1391 2769 1508 2815 erat
1533 2760 1737 2827 oculos,
1766 2760 1867 2815 nisi
1898 2760 2024 2816 illuc

442 2862 552 2917 quo
592 2848 871 2914 tendebat,
921 2859 975 2904 et
1011 2850 1302 2907 ascendere
1345 2852 1717 2907 desiderabat?
1763 2852 1839 2907 De
1884 2861 2024 2907 terra

443 2940 587 2993 enim
619 2940 683 2994 ad
714 2941 906 2996 cmlum
935 2943 1194 2996 ascendit.
1224 2944 1362 2998 Ecce
1390 2953 1528 2998 terra
1556 2942 1828 3009 deorsum,
1864 2959 2022 3012 quam

442 3032 711 3084 calcamus
738 3031 955 3099 pedibus
981 3033 1210 3099 nostris;
1243 3048 1369 3087 ecce
1388 3033 1545 3088 etiam
1568 3035 1760 3088 malum
1786 3049 2019 3102 sursum,

445 3121 587 3190 quod
614 3122 855 3178 videmus
893 3124 1059 3179 oculis
1100 3124 1326 3189 nostris;
1375 3134 1429 3179 et
1463 3125 1801 3180 ascendendo
1838 3136 2022 3181 canta-

445 3227 584 3279 mus,
617 3214 696 3266 Ad
725 3223 772 3267 te
795 3214 952 3268 levavi
976 3216 1145 3270 oculos
1166 3233 1320 3282 meos,
1352 3218 1437 3286 qui
1464 3216 1660 3272 habitas
1680 3218 1732 3271 in
1753 3218 1895 3271 caelo.
1920 3217 2023 3274 Ubi

443 3311 570 3357 sunt
594 3319 719 3374 ergo
746 3305 947 3359 scalae?
977 3306 1145 3361 Tanta
1172 3307 1315 3362 enim
1348 3307 1623 3361 intervalla
1665 3308 2024 3377 con3picimus

444 3395 583 3450 inter
606 3395 799 3451 caelum
832 3406 886 3451 et
913 3404 1109 3451 terram
1132 3438 1145 3459 ,
1178 3406 1320 3451 tanta
1350 3399 1615 3467 separatio
1651 3406 1765 3461 est,
1794 3407 1849 3451 et
1880 3407 2024 3453 tanta

444 3487 615 3552 spatia
647 3486 882 3540 lucorum
907 3504 920 3537 -.
954 3487 1078 3542 illuc
1106 3487 1350 3541 volumus
1376 3488 1688 3555 ascendere,
1719 3490 1890 3545 scalas
1918 3506 2022 3544 non

446 3575 690 3629 videmus
715 3592 727 3627 :
760 3577 1011 3645 numquid
1039 3577 1175 3632 forte
1207 3577 1437 3632 fallimus
1462 3593 1578 3641 nos,
1611 3579 1732 3649 quia
1757 3578 2023 3634 Canticunt

447 3666 725 3737 graduum,
776 3668 826 3721 id
871 3676 981 3731 est,
1027 3670 1288 3723 canticum
1337 3670 1664 3723 ascensionis
1709 3672 2025 3726 cantamus?

448 3756 797 3812 Ascendimus
819 3757 883 3812 ad
905 3759 1119 3823 (mlum,
1142 3759 1185 3813 si
1207 3759 1498 3830 Cogitamus
1520 3760 1706 3827 Deum,
1729 3777 1815 3831 qui
1839 3776 2025 3817 ascen-

449 3863 541 3902 sus
571 3850 622 3903 in
647 3850 806 3906 corde
828 3851 974 3906 fecit.
1006 3852 1140 3919 Quid
1168 3862 1247 3908 est
1273 3854 1560 3908 ascendere
1588 3854 1638 3907 in
1670 3854 1868 3909 corde?
1893 3854 2025 3909 Pro-

448 3940 613 3996 ﬁcere
658 3943 708 3996 in
757 3943 943 3997 Deum.
989 3943 1269 4010 Quomodo
1310 3945 1485 3999 omnis
1532 3946 1619 4014 qui
1666 3945 1873 4010 deficit,
1920 3961 2027 4000 non

448 4032 740 4098 descendit,
770 4035 862 4089 sed
886 4034 1065 4089 cadit:
1098 4036 1173 4089 sic
1195 4037 1370 4089 omnis
1389 4035 1477 4105 qui
1503 4035 1727 4105 proﬁcit,
1750 4036 1987 4090 ascendit
2011 4052 2024 4089 :

449 4124 543 4181 Sed
571 4125 615 4179 si
641 4127 719 4180 sic
747 4126 1009 4196 proﬁciat,
1038 4136 1095 4182 ut
1120 4144 1224 4181 non
1252 4127 1551 4197 superbiat;
1586 4128 1628 4182 si
1655 4128 1733 4183 sic
1753 4128 2025 4195 ascendat,

450 4224 509 4269 ut
537 4233 639 4270 non
666 4218 856 4271 cadat:
886 4218 931 4272 si
959 4226 1133 4273 autem
1160 4217 1485 4286 proﬁciendo
1511 4218 1809 4283 superbiat,
1838 4233 2028 4272 ascen-

451 4305 628 4361 dendo
653 4308 842 4362 iterum
869 4308 1028 4363 cadit.
1056 4308 1161 4364 Sed
1186 4318 1241 4362 ut
1265 4323 1369 4361 non
1398 4308 1691 4376 superbiat,
1720 4309 1844 4377 quid
1872 4308 2031 4363 debet

452 4396 667 4452 facere?
696 4398 861 4454 chet
889 4399 1071 4454 oculos
1119 4414 1244 4454 suos
1285 4397 1350 4453 ad
1398 4400 1548 4453 illum
1592 4399 1679 4469 qui
1724 4398 1929 4453 habitat
1977 4400 2031 4454 in

452 4490 609 4551 ccelo,
657 4506 763 4544 non
790 4506 849 4545 se
873 4490 1130 4545 attendat.
1162 4489 1347 4545 Omnis
1390 4490 1530 4544 enim
1572 4490 1833 4559 Superbus
1859 4503 1918 4543 se
1947 4497 2032 4543 at-

454 4582 651 4646 tendit,
697 4592 751 4637 et
790 4597 1014 4651 magnus
1056 4581 1155 4636 sibi
1192 4582 1400 4635 videtur
1442 4581 1530 4651 qui
1576 4582 1674 4634 sibi
1707 4581 1896 4650 placet.
1929 4580 2032 4635 Sed

454 4673 544 4743 qui
575 4673 671 4726 sibi
701 4673 905 4741 placet,
943 4672 1102 4727 stulto
1144 4671 1345 4725 homini
1393 4672 1595 4739 placet;
1625 4674 1743 4740 quia
1791 4672 1877 4727 ille
1922 4672 2034 4740 ipse

455 4764 651 4819 stultus
677 4772 777 4827 cst,
808 4778 928 4818 cum
959 4763 1057 4817 sibi
1084 4763 1276 4835 placet.
1306 4762 1464 4818 Solus
1494 4778 1712 4817 securus
1742 4765 1915 4833 placet
1942 4764 2033 4835 qui

456 4856 567 4912 Deo
595 4858 783 4926 placet.
814 4857 879 4911 Et
908 4856 1026 4926 quis
1055 4866 1137 4911 est
1162 4856 1249 4926 qui
1281 4855 1453 4927 placet
1480 4855 1629 4910 Deo?
1653 4855 1748 4911 Cui
1781 4857 2037 4925 placuerit

457 4950 617 5004 Deus.
651 4949 941 5019 Displicere
961 4948 1063 5003 sibi
1089 4949 1223 5003 Deus
1251 4965 1356 5004 non
1384 4956 1584 5017 potest;
1617 4948 1822 5018 placeat
1842 4961 1895 5005 et
1917 4950 2032 5017 tibi,

456 5050 515 5096 ut
540 5042 753 5112 placeas
783 5041 879 5095 illi.
908 5040 1014 5096 Sed
1044 5040 1135 5094 tibi
1173 5040 1261 5095 ille
1293 5040 1499 5108 placere
1534 5055 1639 5095 non
1667 5042 1891 5112 poterit,
1934 5042 2035 5096 nisi

457 5140 513 5186 tu
555 5132 646 5186 tibi
673 5131 1028 5199 diSplicueris.
1059 5132 1112 5185 Si
1143 5141 1320 5185 autem
1348 5131 1595 5199 displices
1622 5131 1745 5198 tibi,
1779 5132 1908 5186 tolle
1931 5148 1960 5186 a
1987 5141 2037 5187 te

456 5221 690 5277 oculum.
720 5221 915 5291 Ulquid
944 5230 993 5275 te
1021 5221 1162 5274 enim
1190 5220 1460 5273 attendis?
1488 5219 1545 5275 Si
1572 5221 1711 5274 enim
1734 5236 1857 5275 vere
1885 5230 1934 5274 te
1958 5230 2037 5274 at-

458 5312 669 5376 tendis,
714 5313 921 5367 invenis
958 5314 1010 5366 in
1056 5323 1107 5367 te
1152 5312 1290 5381 quod
1322 5311 1411 5365 tibi
1455 5311 1767 5380 displiceat;
1808 5319 1862 5364 et
1904 5310 2036 5365 dicis

459 5400 593 5467 Deo,
622 5399 892 5455 Peccatum
916 5417 1079 5455 meum
1101 5412 1217 5454 ante
1241 5417 1319 5453 me
1346 5410 1416 5454 est
1442 5416 1637 5469 semper
1662 5397 1831 5469 (Psal.
1864 5415 1924 5463 ι..
1954 5400 2033 5469 5).

458 5491 743 5550 Peccatum
772 5504 916 5548 tuum
943 5493 1011 5548 sit
1040 5501 1163 5548 ante
1188 5502 1257 5556 te,
1287 5501 1346 5547 ut
1372 5508 1477 5546 non
1508 5492 1576 5546 sit
1605 5499 1726 5546 ante
1755 5491 1953 5557 Deum;
1984 5509 2037 5564 θα

459 5592 519 5639 ιιι
564 5584 670 5639 noli
701 5599 820 5640 esse
861 5593 984 5640 ante
1023 5595 1110 5649 te,
1147 5592 1209 5638 ut
1249 5584 1324 5640 sis
1363 5591 1485 5637 ante
1529 5583 1716 5638 Deum.
1759 5582 2036 5649 Quomodo

459 5673 603 5730 enim
634 5674 884 5729 volumus
922 5683 979 5729 ut
1017 5690 1122 5732 non
1165 5689 1193 5727 a
1240 5674 1393 5729 nobis
1421 5681 1623 5728 avertat
1649 5672 1835 5728 faciem
1866 5672 2034 5739 Deus,

462 5766 540 5823 sic
561 5766 803 5823 volumus
826 5775 883 5825 ut
904 5776 1102 5821 avertat
1133 5765 1316 5821 faciem
1339 5782 1367 5821 a
1391 5764 1619 5836 peccatis
1647 5763 1843 5819 nostris
1867 5780 1878 5817 :
1914 5776 2032 5819 nam

1678 359 1738 417 S.
1780 353 2145 416 AUCUSTINI
2184 357 2481 416 El'lSCOPI

3576 367 3718 429 1631

2137 482 2418 547 utrumque
2447 475 2520 530 illi
2549 484 2792 532 cantatur
2830 475 2881 531 in
2909 476 3154 535 Psalmis.
3198 479 3280 535 Ne
3305 492 3504 540 avertas
3531 488 3711 557 faciem

2132 577 2271 622 tuam
2306 585 2338 623 a
2365 587 2444 625 me
2468 567 2640 641 (Psal.
2671 586 2823 637 sxvr,
2852 569 2939 639 9);
2967 587 3069 626 vox
3115 582 3197 628 est
3232 575 3456 644 psalmi,
3499 590 3605 634 vox
3629 592 3712 637 est

2131 672 2261 731 ergo
2287 669 2463 715 nostra
2488 677 2503 713 :
2530 669 2585 715 et
2612 661 2700 716 ille
2728 662 2817 730 qui
2843 660 3005 727 dicit,
3033 661 3119 718 Ne
3144 676 3337 720 avertas
3365 671 3546 739 {aciem
3572 680 3711 726 tuam

2129 763 2163 801 a
2192 765 2305 814 me;
2335 749 2455 804 vide
2479 751 2603 820 quid
2631 750 2773 806 dicat
2794 752 2899 806 alio
2923 752 3040 806 loco
3065 771 3078 807 :
3112 756 3288 811 Averte
3305 758 3485 825 faciem
3515 770 3653 814 tuam
3677 777 3710 816 a

2129 840 2345 908 peccatis
2384 841 2504 894 meis
2531 840 2703 911 (Psal.
2745 858 2798 907 ι..
2840 843 2951 913 Η).
2980 843 3038 899 Si
3070 846 3147 899 vis
3185 855 3242 900 ut
3276 859 3483 904 avertat
3523 850 3710 908 faciem

2129 944 2277 984 suam
2304 947 2335 984 a
2362 933 2591 1001 peccatis
2619 935 2742 997 tuis,
2769 943 2821 989 tu
2849 935 2964 1005 ipse
2986 951 3015 989 a
3044 946 3094 992 te
3119 948 3303 994 averte
3330 942 3516 997 faciem
3541 952 3707 1011 tuam,

2129 1031 2183 1074 et
2211 1038 2241 1076 a
2273 1024 2503 1092 peccatis
2532 1024 2634 1078 tuis
2664 1026 2771 1079 noli
2810 1036 3075 1083 avertere.
3108 1028 3163 1084 Si
3193 1031 3334 1084 cnim
3379 1048 3482 1086 non
3524 1033 3591 1087 ab
3630 1034 3710 1089 eis

2128 1114 2384 1169 averteris
2410 1114 2595 1169 faciem
2628 1123 2795 1180 tuam,
2826 1125 2880 1170 tu
2909 1118 3020 1186 ipse
3045 1117 3293 1174 irasceris
3316 1123 3544 1188 peccatis
3566 1124 3707 1178 tuis:

2127 1207 2171 1261 si
2201 1222 2381 1262 autem
2408 1218 2462 1263 tu
2491 1224 2596 1263 non
2627 1210 2824 1264 avertis
2851 1210 3038 1266 faciem
3078 1219 3221 1266 tuam
3247 1228 3278 1265 a
3314 1215 3548 1283 peccatis
3572 1217 3706 1280 tuis,

2130 1307 2184 1354 tu
2210 1301 2475 1370 agnoscis,
2501 1310 2556 1357 et
2580 1302 2669 1357 ille
2699 1303 2945 1373 ignoscit.

2199 1393 2253 1445 4.
2284 1394 2353 1446 At
2379 1407 2507 1447 vero
2530 1408 2561 1447 a
2589 1402 2639 1447 te
2663 1393 2777 1448 leva
2805 1395 2993 1450 oculos
3015 1395 3081 1449 ad
3111 1395 3257 1450 illum
3279 1439 3294 1459 ,
3324 1406 3380 1453 et
3403 1397 3521 1463 die,
3556 1400 3636 1453 Ad
3661 1409 3710 1454 te

2129 1480 2286 1536 levari
2305 1484 2477 1539 oculos
2502 1500 2657 1548 meos,
2687 1486 2773 1555 qui
2797 1486 2993 1541 habitas
3017 1486 3070 1540 in
3091 1488 3237 1543 calo.
3262 1488 3493 1554 Coslum,
3518 1488 3709 1545 fratres

2128 1572 2255 1640 mei,
2282 1573 2326 1627 si
2347 1576 2697 1645 corporaliter
2724 1576 3143 1632 intellexerimus
3170 1577 3273 1633 hoc
3298 1579 3438 1648 quod
3469 1579 3709 1635 videmus

2128 1663 2299 1717 oculis
2323 1666 2614 1735 corporeis,
2641 1682 2768 1722 vere
2793 1672 2871 1722 sic
2895 1668 3215 1729 errabimus.
3250 1680 3305 1723 ut
3330 1686 3433 1723 non
3460 1680 3707 1738 putemus

2126 1769 2227 1808 nos
2256 1755 2381 1809 illuc
2406 1756 2732 1823 ascendere,
2766 1758 2864 1812 nisi
2892 1758 3053 1813 scalis
3087 1759 3299 1826 positis,
3328 1769 3417 1813 aut
3444 1760 3709 1829 aliquibus

2128 1847 2608 1903 machinamentis:
2640 1849 2686 1903 si
2723 1858 2901 1905 autem
2946 1851 3292 1920 spiritualiter
3332 1851 3704 1916 ascendimus,

2126 1942 2472 2011 spiritualitcr
2489 1942 2683 1997 cmlum
2710 1941 3009 2013 intelligere
3026 1944 3312 2009 debemus;
3338 1943 3384 1998 si
3409 1958 3664 1997 ascensus
3686 1944 3705 1974 ³

2127 2030 2181 2085 ἱιι
2211 2030 2402 2087 aﬁ‘ectu
2424 2072 2439 2095 ,
2471 2033 2677 2089 cmlum‘
2705 2034 2758 2088 in
2791 2034 3016 2102 justitia.
3042 2034 3195 2102 Quod
3224 2045 3307 2088 est
3345 2049 3475 2103 ergo
3510 2034 3708 2089 caelum

2127 2120 2257 2176 Dei?
2282 2122 2480 2178 Omnes
2501 2133 2700 2179 sanctae
2723 2125 2935 2191 animae,
2959 2141 3146 2181 omnes
3161 2125 3317 2194 justte
3336 2126 3543 2181 animae.
3572 2126 3708 2181 Nam

2126 2220 2182 2267 et
2208 2214 2449 2283 Apostoli
2493 2216 2734 2285 quamvis
2773 2215 2827 2270 in
2877 2226 3015 2271 terra
3046 2225 3227 2271 essent
3267 2232 3461 2279 carne,
3509 2218 3707 2273 caelum

2127 2312 2314 2368 erant;
2345 2304 2469 2374 quia
2498 2305 2550 2359 in
2582 2305 2684 2360 illis
2709 2306 2966 2360 Dominus
2995 2306 3207 2372 sedens,
3234 2321 3328 2375 per
3357 2316 3522 2361 totum
3554 2323 3712 2360 nutu.

2126 2393 2251 2455 dum
2294 2394 2619 2450 ambulabat.
2668 2395 2809 2466 Ergo
2856 2395 3057 2451 habitat
3099 2397 3153 2451 in
3188 2398 3347 2451 celo.
3391 2397 3713 2464 Quomodo?

2127 2483 2405 2551 Quomodo
2428 2485 2559 2539 dicit
2582 2488 2636 2540 in
2657 2486 2764 2540 alio
2790 2488 3013 2556 psalmo,
3040 2486 3116 2540 Tu
3143 2496 3308 2540 autem
3332 2487 3385 2540 in
3410 2497 3584 2542 sancto
3608 2488 3710 2541 ka-

2127 2578 2278 2638 bitas.
2312 2578 2425 2632 laus
2449 2577 2616 2633 Israel
2644 2576 2815 2648 (Psal.
2845 2593 2955 2642 ιιι,
2985 2577 3065 2648 4).
3089 2577 3189 2645 Qui
3217 2578 3418 2634 habitat
3451 2580 3503 2633 in
3533 2578 3707 2644 caelo,

2127 2666 2332 2723 habitat
2354 2668 2405 2722 in
2432 2677 2617 2723 sancto
2642 2686 2655 2723 :
2685 2678 2859 2722 sancto
2883 2667 3031 2737 quid,
3057 2668 3157 2722 nisi
3180 2669 3376 2736 templo
3401 2669 3533 2722 suo?
3557 2667 3713 2721 Tem-

2130 2761 2274 2831 plum
2299 2761 2432 2814 enim
2459 2758 2558 2814 Dei
2584 2770 2811 2814 sanctum
2853 2769 2925 2814 est
2943 2800 2959 2823 ,
2989 2760 3124 2831 quod
3146 2761 3263 2815 estis
3285 2776 3373 2815 vos
3400 2760 3443 2831 (Ι
3466 2758 3585 2815 Cor.
3614 2776 3671 2815 ιιι
3690 2800 3707 2827 ,

2130 2851 2239 2920 17).
2273 2852 2377 2907 Sed
2420 2867 2606 2906 omnes
2650 2852 2826 2908 adhuc
2872 2850 3066 2907 inﬁrmi
3113 2860 3168 2907 et
3208 2851 3499 2907 secundum
3545 2849 3708 2904 ﬁdem

2129 2943 2463 2999 ambulantes
2493 2944 2557 3014 (ll
2586 2942 2704 2998 Cor.
2732 2959 2789 3006 v,
2819 2944 2895 3009 7),
2922 2944 3211 2998 secundum
3241 2943 3395 2996 fidem
3421 2950 3545 2995 sunt
3571 2950 3710 2996 tem-

2130 3034 2277 3104 plum
2306 3034 2419 3097 Dei,
2450 3043 2604 3088 erunt
2624 3034 2908 3103 aliquando
2927 3044 2981 3088 et
3003 3033 3294 3089 secundum
3313 3032 3543 3102 speciem
3574 3041 3711 3086 tem-

2131 3124 2273 3194 plum
2310 3124 2423 3179 Dei.
2456 3122 2717 3190 Quamdiu
2742 3133 2868 3179 sunt
2897 3123 3149 3193 templum
3191 3122 3479 3178 secundum
3512 3120 3711 3176 tidem?

2129 3214 2391 3283 Quamdiu
2423 3215 2477 3270 in
2510 3214 2637 3284 ipsis
2678 3214 2920 3269 Christus
2966 3228 3062 3282 per
3086 3213 3244 3268 ﬁdem
3290 3212 3524 3275 habitat;
3568 3211 3712 3265 sicut

2130 3307 2260 3363 dicit
2294 3305 2585 3375 Apostolus
2613 3322 2628 3359 :
2664 3304 2908 3359 Habitare
2931 3303 3183 3359 Christum
3212 3319 3301 3373 per
3324 3303 3476 3371 ﬁdem
3513 3304 3566 3355 in
3592 3317 3710 3354 cor-

2131 3400 2275 3453 dibus
2300 3399 2474 3453 uestris
2501 3397 2719 3469 (Ephes.
2745 3414 2830 3463 Ill,
2865 3398 2977 3465 l7).
3004 3398 3140 3451 Sunt
3166 3403 3341 3450 autem
3364 3394 3473 3463 jam
3502 3393 3625 3449 cmli
3655 3392 3710 3446 in

2132 3492 2324 3563 quibus
2349 3506 2444 3561 per
2472 3492 2703 3562 speciem
2727 3489 2838 3559 jam
2870 3488 3074 3543 habitat
3101 3488 3241 3542 Deus
3260 3526 3275 3548 ,
3318 3486 3558 3540 videntes
3583 3500 3708 3539 eum

2132 3584 2265 3639 facie
2292 3583 2359 3638 ad
2391 3583 2614 3647 faciem;
2646 3597 2835 3637 omnes
2863 3582 3030 3636 sancti
3058 3579 3265 3650 Angeli,
3295 3593 3480 3633 omnes
3509 3585 3713 3630 sancte

2132 3676 2398 3740 Virtutes,
2429 3676 2763 3737 Potestates,
2793 3672 2959 3729 Sedes
2978 3712 2994 3738 ,
3026 3671 3452 3731 Dominationes,
3487 3668 3677 3724 Jerusa
3696 3696 3712 3708 -

2132 3766 2235 3823 lem
2266 3766 2350 3821 illa
2375 3766 2609 3821 coalestis
2633 3764 2774 3819 unde
2802 3762 3188 3834 peregrinando
3210 3761 3625 3831 ingemiscimus,
3656 3766 3715 3812 et

2132 3876 2291 3931 quam
2334 3858 2689 3915 desiderando
2731 3872 2983 3912 oramus:
3012 3855 3081 3911 ibi
3130 3855 3329 3910 habitat
3376 3854 3534 3908 Deus.
3582 3850 3715 3905 Illuc

2134 3952 2333 4006 levavit
2354 3951 2451 4004 iste
2474 3949 2655 4010 ﬁdem.
2679 3947 2803 4001 illuc
2820 3945 3064 4002 ascendit
3081 3944 3295 4007 aﬁ'ectu,
3316 3941 3671 3997 desiderando
3695 3957 3710 3991 :

2134 4050 2188 4096 et
2215 4042 2385 4111 ipsum
2410 4038 2733 4095 desiderium
2762 4039 2784 4070 ³
2816 4037 2940 4092 facit
2965 4036 3195 4090 animam
3238 4033 3498 4088 desudare
3526 4031 3719 4085 sordes

2134 4141 2497 4200 peccatorum,
2526 4137 2581 4182 et
2610 4126 2854 4182 mundari
2883 4125 2953 4179 ab
2976 4126 3122 4179 omni
3154 4124 3292 4188 labe,
3322 4131 3380 4177 ut
3405 4122 3495 4175 fiat
3524 4130 3577 4175 et
3598 4122 3711 4190 ipsa

2134 4221 2362 4285 coelum;
2384 4219 2503 4289 quia
2520 4218 2714 4274 levavit
2730 4216 2911 4271 oculos
2926 4214 2993 4270 ad
3014 4229 3135 4270 eum
3153 4214 3240 4284 qui
3262 4214 3462 4268 habitat
3478 4211 3530 4266 in
3551 4212 3712 4267 coelo.

2134 4312 2266 4367 Nam
2298 4312 2341 4366 si
2371 4311 2563 4366 caelum
2589 4309 2729 4364 istud
2756 4322 3071 4378 corporeum
3090 4306 3235 4375 quod
3256 4306 3424 4361 oculis
3446 4304 3712 4367 videmus,

2137 4401 2562 4457 intellexerimus
2588 4413 2708 4456 esse
2733 4398 3118 4453 habitationem
3148 4396 3236 4451 Dei
3260 4413 3275 4458 ;
3322 4396 3601 4449 transitura
3631 4403 3719 4448 est

2137 4492 2395 4546 habitatio
2426 4490 2552 4554 Dei,
2582 4489 2704 4556 quia
2731 4488 2924 4543 caelum
2951 4496 3010 4545 et
3033 4496 3173 4540 terra
3217 4485 3472 4540 transient
3497 4483 3715 4553 (Matth.

2138 4600 2284 4649 xxtv,
2314 4584 2427 4652 55).
2461 4581 2660 4636 Deinde
2684 4588 2966 4649 antequam
3011 4579 3208 4633 faceret
3249 4578 3386 4632 Deus
3424 4576 3615 4631 caelum
3665 4584 3718 4629 et

2140 4682 2357 4738 terram,
2384 4673 2470 4727 ubi
2492 4670 2796 4725 habitabat?
2823 4669 2925 4725 Sed
2950 4669 3075 4723 dicit
3094 4669 3317 4738 aliquis:
3352 4667 3718 4734 Etantequam

2138 4764 2340 4820 faceret
2366 4764 2505 4819 Dens
2533 4770 2776 4825 sanctos,
2809 4760 2896 4815 ubi
2935 4758 3241 4813 habitabat?
3273 4758 3328 4811 ln
3366 4772 3424 4811 se
3451 4756 3723 4809 habitabat

2141 4855 2312 4920 Deus,
2357 4852 2497 4923 apud
2540 4868 2598 4907 se
2628 4851 2927 4916 habitabat,
2970 4857 3026 4904 et
3060 4848 3198 4917 apud
3229 4864 3289 4904 se
3331 4856 3412 4902 est
3459 4847 3619 4899 Deus.
3653 4844 3723 4899 Et

2140 4948 2352 5019 quando
2380 4946 2625 5017 dignatur
2666 4943 2905 4999 habitare
2936 4942 3005 4997 'in
3049 4941 3280 5005 sanctis,
3328 4955 3430 4993 non
3477 4939 3554 4992 sic
3597 4947 3725 4991 sunt

2141 5041 2310 5095 sancti
2349 5038 2539 5093 domus
2565 5037 2690 5100 Dei,
2724 5043 2780 5089 ut
2806 5035 2918 5104 ipsa
2946 5034 3209 5087 subtracta
3236 5030 3391 5085 cadat
3418 5030 3575 5083 Deus.
3608 5027 3723 5081 Ali-

2143 5141 2224 5186 ter
2249 5131 2389 5185 enim
2418 5144 2514 5183 nos
2548 5126 2843 5181 habitamus
2871 5125 2924 5178 in
2954 5123 3135 5187 domu,
3163 5123 3320 5176 aliter
3348 5121 3485 5174 Deus
3513 5120 3562 5173 in
3594 5134 3726 5171 san-

2142 5223 2240 5277 ctis
2268 5240 2281 5276 :
2324 5231 2378 5275 tu
2408 5221 2613 5275 habitas
2642 5220 2692 5273 iu
2731 5217 2925 5280 domo;
2955 5216 2998 5270 si
3028 5216 3296 5269 subtracta
3329 5212 3506 5274 fuerit,
3542 5208 3725 5275 cadis;

2144 5315 2284 5369 Dens
2305 5323 2478 5368 autem
2504 5312 2583 5366 sic
2613 5310 2811 5363 habitat
2840 5310 2893 5362 in
2915 5306 3134 5370 sanctis,
3163 5313 3218 5357 ut
3245 5304 3289 5357 si
3320 5302 3433 5370 ipse
3461 5299 3727 5354 discesseo

2145 5409 2236 5473 rit,
2264 5408 2475 5461 cadant.
2509 5404 2838 5470 Quicumque
2865 5415 2993 5469 ergo
3030 5398 3108 5451 sic
3138 5404 3311 5465 portat
3343 5395 3507 5448 Deum
3529 5434 3544 5455 ,
3574 5401 3631 5446 ut
3657 5392 3727 5445 sit

2144 5498 2396 5566 templum
2444 5496 2568 5559 Dei;
2600 5509 2705 5548 non
2738 5498 2886 5561 putet
2912 5490 2989 5543 sic
3029 5503 3060 5542 a
3085 5501 3144 5543 se
3185 5484 3383 5557 portari
3429 5484 3595 5539 Deum
3619 5522 3638 5549 ,
3670 5490 3728 5536 ut

2206 5647 2223 5680 ι
2251 5654 2317 5695 tta
2331 5654 2431 5694 Am.
2458 5651 2511 5694 et
2531 5649 2637 5707 uss.
2665 5647 2718 5691 At
2740 5645 2812 5707 Er.
2828 5644 2894 5707 _e_t
2913 5642 3051 5707 ιρι..
3155 5643 3450 5707 ascensus.”
3509 5686 3543 5707 Δ

2205 5689 2437 5818 ’ἀλἙῷὶᾶ
2461 5689 2716 5767 saepe
2735 5697 2978 5751 desiderio
3005 5689 3098 5747 :‘et
3125 5692 3245 5745 intra
3261 5692 3475 5756 quidam,
3500 5689 3729 5742 deserere

2143 5782 2222 5820 εον
2261 5782 2325 5817 es.
