4078 6514
302 308 443 367 ωδε
508 274 513 281 ’

300 433 497 485 terreat
527 423 710 491 Deum,
742 422 788 480 si
814 437 872 479 se
896 419 1173 479 subducat.
1191 418 1283 476 Va:
1309 419 1380 475 illi
1408 421 1452 474 si
1474 434 1532 475 se
1556 417 1881 475 subtraxerit

286 518 476 583 Deus;
507 517 630 587 quia
661 515 774 585 ipse
801 512 977 569 cadit:
1007 526 1130 567 nam
1173 511 1314 566 Dens
1338 511 1392 565 in
1422 524 1481 565 se
1522 524 1735 578 semper
1763 523 1877 562 ma-

299 618 411 666 nct.
445 608 501 662 ln
527 608 717 677 quibus
745 621 842 660 nos
870 605 1165 660 habitamus
1184 645 1200 669 ,
1229 602 1342 673 ipsa
1367 617 1463 657 nos
1489 601 1795 662 continent;
1825 601 1877 656 in

298 700 492 770 quibus
519 698 660 752 Deus
698 694 930 758 habitat,
977 695 1089 763 ipse
1130 693 1248 748 illos
1275 692 1530 746 continet.
1561 690 1677 746 Jam
1708 690 1880 746 videte

290 800 554 860 quantum
581 788 797 841 interest
819 787 957 840 inter
979 793 1211 840 nostram
1241 783 1641 849 habitationem,
1666 790 1720 837 et
1747 781 1838 837 Dei
1861 800 1876 836 :

292 888 351 933 et
379 881 456 933 sic
484 878 622 932 dicat
647 877 821 931 anima
844 918 858 937 ,
882 876 962 929 Ad
982 885 1028 930 te
1055 875 1210 929 levavi
1234 873 1405 928 oculos
1435 889 1590 937 meos,
1617 874 1702 942 qui
1732 871 1878 927 habi-

300 980 375 1023 tas
406 971 456 1023 in
479 971 602 1024 ctels
620 985 638 1031 ;
670 959 727 1022 ut
755 968 1008 1038 intelligat
1033 966 1151 1037 quia
1184 966 1323 1021 Deus
1358 980 1455 1019 nec
1478 964 1617 1020 cmlo
1646 962 1877 1034 indiget,

298 1060 386 1113 ubi
415 1060 648 1124 habitet;
678 1058 771 1115 sed
798 1059 995 1114 ctnlum
1022 1059 1136 1128 ipso
1165 1057 1384 1128 indiget,
1415 1064 1473 1111 ut
1493 1058 1560 1113 ab
1584 1056 1700 1127 ipso
1724 1055 1877 1110 inha-

291 1153 512 1209 bitetur.

368 1244 422 1299 5.
454 1242 605 1315 [rem
634 1240 774 1314 2-4.]
799 1240 935 1309 Quid
964 1256 1094 1311 ergo
1117 1240 1375 1311 sequitur,
1402 1240 1521 1308 quia
1545 1238 1697 1303 dixit,
1727 1238 1807 1293 Ad
1831 1247 1878 1293 te

280 1322 457 1388 λιεωυὶ
484 1333 658 1386 oculos
688 1349 844 1397 meos,
874 1333 959 1400 qui
983 1330 1178 1385 habitas
1216 1333 1271 1385 in
1306 1329 1472 1384 caelo?
1494 1328 1772 1398 Quomodo
1801 1328 1878 1382 le-

299 1427 431 1480 vasti
457 1427 643 1481 oculos
673 1425 827 1480 tuos?
859 1424 988 1480 Ecce
1009 1426 1139 1480 sicut
1174 1424 1307 1478 oculi
1334 1438 1588 1476 servorum
1623 1423 1677 1476 in
1702 1437 1880 1475 manus

294 1518 619 1573 dominorum
646 1536 870 1580 suorum.
901 1529 947 1573 et
974 1519 1102 1572 sicut
1127 1518 1259 1572 oculi
1282 1517 1482 1571 ancillte
1511 1517 1563 1571 in
1583 1532 1761 1570 manus
1788 1515 1881 1569 do-

300 1611 451 1665 minia
474 1626 617 1674 sum;
639 1612 711 1663 sic
731 1610 861 1664 oculi
884 1611 1038 1663 nostri
1058 1610 1125 1663 ad
1147 1607 1424 1662 Dominum
1442 1606 1607 1662 Deum
1631 1617 1874 1672 nostrum,

293 1704 625 1774 quoadusque
652 1705 945 1758 misereatur
969 1704 1143 1756 nostri.
1176 1703 1239 1757 Et
1262 1702 1400 1757 servi
1442 1714 1657 1766 sumus,
1699 1709 1752 1754 et
1779 1715 1878 1753 an-

292 1794 421 1848 cilla
449 1809 633 1848 sumus
657 1812 669 1847 :
705 1794 790 1849 ille
817 1803 872 1847 et
900 1794 1147 1848 dominus
1166 1800 1267 1855 est.
1292 1800 1346 1846 et
1370 1790 1583 1844 domina
1607 1798 1708 1845 est.
1734 1793 1836 1843 Aut
1858 1790 1877 1821 ί

298 1880 427 1951 quid
465 1883 563 1936 sibi
591 1885 773 1936 volunt
810 1883 907 1937 ista
948 1882 1148 1936 verba?
1183 1891 1236 1935 et
1275 1880 1399 1950 quid
1427 1879 1527 1935 sibi
1557 1879 1730 1933 volunt
1764 1879 1880 1934 istae

295 1971 669 2026 similitudines
714 1972 933 2027 rerum?
980 1972 1233 2026 Attendat
1269 1971 1593 2040 aliquantum
1639 1968 1880 2025 Charitas

301 2074 503 2117 vestra.
535 2063 648 2118 Non
678 2065 868 2119 mirum
898 2064 941 2118 si
981 2064 1120 2118 servi
1161 2079 1379 2130 sumus,
1409 2071 1465 2118 et
1506 2063 1594 2118 ille
1636 2061 1882 2116 dominus

299 2163 416 2219 est;
451 2155 544 2209 sed
574 2156 764 2210 mirum
791 2157 833 2210 si
864 2156 1054 2211 ancilla
1093 2170 1275 2210 sumus
1295 2194 1311 2220 ,
1344 2163 1399 2210 et
1428 2156 1514 2210 ille
1537 2153 1751 2209 domina
1776 2160 1877 2208 est.

296 2242 405 2300 Sed
433 2262 604 2316 neque
634 2246 733 2301 hoc
761 2248 952 2303 mirum
995 2250 1114 2318 quia
1151 2249 1338 2303 ancilla
1378 2262 1597 2312 sumus;
1641 2246 1879 2302 Ecclesia

298 2335 445 2389 enim
474 2350 660 2390 suillos
685 2354 698 2391 :
730 2352 829 2392 nec
866 2338 992 2393 illud
1023 2338 1212 2392 mirtun
1232 2377 1250 2405 ,
1294 2338 1415 2408 quia
1439 2347 1493 2393 et
1529 2338 1643 2408 ipse
1666 2337 1881 2393 domina

295 2435 416 2489 est;
443 2426 610 2481 virtus
635 2427 775 2481 enim
808 2437 890 2481 est
911 2437 966 2483 et
988 2428 1245 2495 sapientia
1274 2428 1388 2483 Dei.
1415 2427 1549 2482 Audi
1578 2442 1707 2497 ergo
1734 2430 1879 2495 Apo-

298 2517 497 2571 stolum
527 2516 789 2571 dicentem
814 2535 828 2570 :
865 2535 884 2569 ι
912 2517 1018 2572 N0s
1039 2528 1215 2572 autem
1240 2518 1589 2588 praedicamus
1612 2516 1881 2572 Christum

297 2604 610 2659 cruciﬁxum
634 2622 648 2670 ;
678 2605 875 2661 Judaeis
903 2606 1115 2674 quidem
1142 2606 1447 2662 scandalum
1465 2647 1479 2671 ,
1506 2606 1765 2662 Gentibus
1789 2622 1883 2660 au-

301 2708 409 2752 tem
452 2698 762 2764 stultitiam;
791 2698 919 2766 ipsis
947 2715 1072 2752 vero
1098 2700 1295 2752 vocatis
1326 2698 1524 2753 Judmis
1567 2707 1619 2752 et
1644 2698 1878 2761 Gra'cis,

299 2787 572 2843 Christum
602 2788 694 2842 Dei
720 2790 964 2843 virtutem
984 2830 1000 2852 ,
1030 2799 1082 2843 et
1112 2789 1201 2843 Dei
1227 2789 1536 2858 sapientiam
1562 2807 1581 2841 θ
1619 2789 1661 2859 (1
1691 2788 1803 2842 Cor.
1841 2804 1876 2851 ι.

301 2877 370 2931 25
399 2889 446 2930 ει
478 2878 593 2945 ‘24).
634 2878 703 2932 L‘t
728 2879 834 2944 jam
874 2882 940 2932 sit
978 2896 1163 2934 servus
1206 2882 1463 2950 populus,
1505 2889 1559 2933 et
1581 2882 1650 2934 sit
1692 2881 1881 2935 ancilla

303 2968 538 3022 Ecclesia
565 2984 580 3033 ;
613 2968 867 3022 Christum
895 2968 990 3023 Dei
1032 2972 1261 3024 virtutem
1286 3012 1300 3035 ,
1340 2982 1384 3024 et
1410 2969 1506 3024 Dei
1542 2971 1841 3038 sapientiam
1863 2987 1881 3024 :

302 3066 587 3128 utrumque
611 3060 835 3125 audisti,
866 3058 1123 3113 Christum
1152 3059 1250 3114 Dei
1287 3062 1518 3115 virtutem
1537 3102 1552 3126 ,
1580 3071 1625 3116 et
1662 3060 1760 3115 Dei
1794 3078 1880 3116 sa-

305 3151 565 3219 pientiam.
593 3149 727 3205 Cum
757 3167 883 3221 ergo
902 3152 1054 3207 audis
1077 3152 1374 3215 Christum,
1403 3154 1516 3207 leva
1542 3155 1727 3209 oculos
1764 3164 1883 3209 luos

305 3240 357 3293 in
388 3255 577 3294 manus
607 3241 811 3296 Domini
841 3243 951 3309 tui;
987 3259 1107 3299 cum
1134 3244 1285 3299 audis
1318 3245 1405 3298 Dci
1436 3246 1684 3301 virtutem
1711 3258 1763 3300 et
1793 3246 1883 3300 Dei

306 3331 648 3400 sapientiam,
675 3333 789 3387 leva
816 3334 998 3388 oculos
1023 3344 1140 3389 tuos
1182 3336 1233 3388 iu
1277 3350 1463 3390 manus
1487 3336 1715 3390 domina:
1741 3345 1879 3391 tute:

309 3426 427 3492 quia
460 3435 514 3479 et
541 3440 727 3479 servus
751 3435 806 3481 ct
829 3428 1023 3481 ancilla
1044 3442 1133 3495 es;
1164 3443 1370 3493 servus,
1394 3430 1514 3498 quia
1544 3430 1764 3498 populus
1789 3445 1880 3495 es;

306 3517 532 3579 ancilla,
579 3519 699 3587 quia
738 3519 975 3574 Ecclesia
1019 3534 1098 3575 es.
1146 3520 1259 3589 Ipsa
1304 3529 1483 3576 autem
1533 3522 1720 3575 ancilla
1775 3537 1885 3575 ma-

306 3623 461 3675 gnam
491 3607 796 3677 d'gnitatem
829 3609 1028 3663 invenit
1064 3611 1201 3678 apud
1232 3611 1430 3665 Deum:
1460 3626 1593 3665 uxor
1621 3609 1757 3664 facta
1781 3620 1882 3665 est.

308 3695 409 3752 Sed
440 3695 614 3751 donec
648 3700 837 3767 veniat.
862 3698 927 3753 ad
968 3699 1243 3768 amplexus
1269 3701 1388 3753 illos
1430 3701 1763 3769 Spirituales,
1798 3701 1884 3754 ubi

308 3804 495 3845 secure
533 3788 837 3858 perfruatur
864 3805 930 3845 eo
958 3805 1116 3861 quem
1146 3792 1364 3854 dilexit,
1400 3802 1453 3846 et
1480 3793 1562 3846 cui
1605 3792 1888 3861 suspiravit

309 3880 361 3935 in
391 3882 489 3934 ista
518 3880 762 3934 diuturna
792 3882 1233 3950 peregrinatione,
1252 3898 1444 3952 sponsa
1466 3893 1549 3937 εει
1574 3900 1587 3936 :
1612 3894 1663 3937 et
1684 3885 1889 3952 accepit

310 3971 522 4024 arrham
558 3986 822 4041 magnam,
854 3971 1163 4043 sanguinem
1192 3973 1408 4043 sponsi,
1447 3973 1531 4027 cui
1568 3988 1753 4029 secura
1799 3989 1888 4028 su-

310 4062 495 4130 spirat.
522 4060 631 4115 Nec
662 4062 735 4117 illi
763 4061 989 4129 dicitur,
1028 4062 1143 4117 Noli
1171 4079 1381 4120 nutare:
1410 4064 1678 4133 quomodo
1698 4065 1890 4120 diiitur

311 4151 596 4221 aliquando
621 4153 805 4222 virgini
823 4155 931 4221 jam
959 4154 1314 4225 desponsatrc,
1337 4165 1392 4209 et
1416 4156 1647 4211 nondum
1675 4166 1849 4226 nuptae
1874 4174 1887 4211 :

312 4251 364 4297 et
397 4242 545 4311 juste
570 4241 783 4308 dicitur,
813 4243 928 4298 Noli
954 4260 1162 4311 amare;
1204 4261 1325 4300 eum
1361 4245 1494 4302 facta
1541 4248 1701 4302 fueris
1735 4262 1888 4314 uxor,

311 4340 435 4387 tunc
454 4349 574 4388 ama
602 4350 616 4387 :
640 4344 782 4389 recte
802 4335 1013 4399 dicitur,
1037 4334 1158 4406 quia
1189 4351 1579 4408 pra-properum
1609 4347 1663 4394 ct
1688 4354 1893 4409 praepo-

312 4432 515 4479 sterum
557 4424 878 4480 desiderium
920 4436 1023 4492 est,
1048 4436 1102 4481 et
1144 4444 1247 4482 non
1288 4437 1512 4491 castum,
1553 4444 1734 4485 amare
1768 4445 1889 4485 eum

314 4514 393 4569 cui
417 4516 589 4569 nescit
613 4531 679 4569 an
709 4516 887 4571 nubat.
916 4516 1099 4571 Potest
1116 4518 1256 4573 enim
1281 4519 1392 4573 fieri
1416 4529 1473 4574 ut
1496 4521 1631 4575 alius
1650 4532 1888 4593 sponsct,

315 4614 367 4660 et
387 4606 529 4659 alius
555 4604 713 4659 ducat
737 4622 975 4663 uxorem.
1016 4608 1147 4675 Quia
1175 4624 1301 4664 vero
1331 4611 1510 4666 nullus
1534 4612 1671 4666 alius
1697 4620 1780 4667 εει
1801 4613 1891 4682 qui

316 4690 527 4748 Christo
565 4705 924 4764 prteponatur,
957 4712 1140 4752 secura
1180 4708 1323 4754 amet
1361 4700 1497 4755 ista:
1530 4710 1585 4756 et
1612 4710 1892 4773 antequam

314 4782 382 4838 illi
412 4784 703 4855 jungatur,
746 4798 907 4853 amet,
949 4795 1003 4843 et
1035 4788 1102 4843 de
1140 4789 1426 4860 longinquo
1459 4792 1691 4863 suspiret
1732 4802 1786 4848 et
1827 4794 1894 4849 de

312 4871 602 4945 longinqua
630 4877 1074 4946 peregrinatione.
1112 4878 1269 4934 Solus
1297 4879 1476 4948 ducet,
1503 4884 1625 4951 quia
1646 4883 1791 4937 solus
1818 4894 1895 4937 ta-

308 4962 417 5019 lem
453 4965 668 5019 arrham
709 4966 875 5022 dedit.
922 4964 1052 5037 Quis
1085 4969 1227 5024 enim
1270 4979 1443 5039 potest
1479 4971 1557 5025 sic
1592 4972 1807 5036 ducere,
1838 4983 1897 5029 ut

307 5056 577 5110 moriatur
603 5071 700 5125 pro
719 5072 780 5112 ca
810 5074 967 5129 quam
997 5059 1111 5114 vult
1131 5058 1359 5115 domare?
1381 5060 1436 5116 Si
1464 5061 1606 5115 enim
1633 5064 1767 5117 mori
1801 5078 1897 5132 pro

303 5159 375 5199 ea
394 5145 643 5211 voluerit,
667 5161 771 5201 non
799 5150 901 5204 erit
928 5149 1015 5219 qui
1032 5149 1207 5205 ducat.
1230 5149 1461 5207 Securus
1480 5158 1658 5208 autem
1686 5152 1774 5209 ille
1801 5169 1897 5223 pro

301 5251 511 5303 sponsa
542 5247 783 5298 mortuus
816 5250 894 5296 est
915 5281 929 5303 ,
960 5256 1118 5312 quam
1149 5256 1431 5314 resurgens
1465 5253 1581 5300 erat
1618 5244 1894 5302 ducturus.

302 5324 696 5384 Verumtamen
715 5371 731 5397 ,
768 5328 984 5398 fratres,
1026 5332 1235 5388 interim
1265 5336 1433 5390 simus
1464 5334 1731 5405 quomodo
1757 5338 1907 5392 servi

304 5426 372 5472 et
399 5420 609 5473 ancilla.
643 5420 852 5477 Dictum
884 5423 1203 5493 estquidem
1244 5424 1366 5479 Non
1394 5440 1479 5481 uos
1507 5427 1671 5481 dicam
1709 5443 1892 5495 servos,

299 5507 409 5562 sed
431 5510 651 5577 amicos,
680 5510 874 5581 (lacn.
901 5528 991 5579 xv,
1020 5514 1121 5591 l5)
1152 5532 1167 5568 :
1194 5513 1287 5570 sed
1316 5514 1452 5571 forte
1476 5517 1605 5573 solis
1628 5518 1899 5588 discipulis

299 5597 453 5654 dixit
484 5599 774 5656 Dominus?
798 5603 994 5661 Audite
1014 5605 1310 5674 apostolum
1338 5606 1557 5662 Paulum
1585 5608 1849 5665 dicentem
1883 5626 1896 5664 :

385 5714 404 5742 ·
432 5716 564 5778 t.ov.,
583 5720 652 5765 at.
749 5721 807 5765 ιι.

1382 301 1779 361 ΕΝᾹΒΒΑἸΊΟ
1807 299 1871 361 lN
1920 298 2237 359 PSALMUM
2268 300 2477 359 CXXII.

3436 303 3571 361 ιδδι

1990 413 2173 486 Itaque
2198 417 2324 484 iam,
2352 415 2537 487 inquit,
2571 431 2672 469 nou
2702 424 2773 469 est
2798 430 2991 483 servus,
3024 416 3115 471 sed
3136 416 3272 486 ﬁlius
3288 432 3309 483 ,°
3332 419 3375 472 si
3400 430 3570 474 autem

1986 506 2144 575 ﬁlius,
2171 515 2223 561 et
2251 508 2410 563 [iteres
2435 523 2524 576 per
2553 506 2711 561 Deum
2741 506 2947 577 (Colat.
2981 523 3052 571 tv,
3086 507 3163 580 7).
3198 509 3399 579 Populo
3424 511 3569 567 dicc-

1978 596 2096 664 bat,
2129 597 2370 653 lidelibus
2398 598 2627 654 diccbat.
2651 598 2766 653 Jatn
2788 613 2915 668 ergo
2940 599 2990 652 iu
3014 600 3227 656 nomine
3247 600 3455 657 Domini
3482 617 3568 678 re-

1985 687 2183 758 dempti
2205 690 2463 759 sanguine
2486 690 2669 759 ipsius,
2694 689 2787 743 loti
2805 690 3014 745 lavacro
3036 691 3222 760 ipsius,
3241 690 3333 745 lilii
3358 708 3569 759 sumus,

1986 778 2125 835 lilius
2168 796 2381 847 sumus;
2431 784 2551 851 quia
2589 783 2666 837 sic
2702 782 2849 837 multi
2881 797 3098 848 sumus,
3134 792 3190 837 ut
3223 785 3275 838 in
3311 784 3400 839 illo
3429 801 3571 842 unus

1985 874 2170 929 simus.
2196 875 2331 942 Quid
2357 891 2483 946 ergo
2498 876 2600 930 sibi
2622 877 2751 941 vult,
2773 876 2913 947 quod
2944 876 3115 933 adhuc
3148 886 3396 946 tanquam
3423 879 3570 933 servi

1986 962 2284 1034 loquimur?
2313 965 2574 1036 Numquid
2617 976 2816 1021 tantum
2862 967 3109 1022 meritum
3152 966 3352 1023 habere
3379 983 3569 1038 possu-

1984 1070 2103 1109 mus
2141 1054 2195 1109 in
2241 1056 2501 1123 Ecclesia,
2547 1058 2790 1127 quamvis
2821 1058 2930 1127 jam
2976 1059 3067 1113 lilii
3108 1059 3228 1115 facti
3264 1075 3330 1115 ex
3374 1061 3564 1126 servis,

1983 1157 2237 1218 quantum
2266 1148 2446 1204 habuit
2467 1151 2579 1219 ipse
2599 1152 2871 1220 apostolus
2892 1151 3125 1207 Paulus?
3156 1154 3220 1207 Et
3242 1163 3417 1209 tamen
3439 1153 3568 1225 quid

1983 1236 2109 1292 dicit
2134 1238 2186 1292 in
2212 1239 2478 1307 Epistola?
2511 1239 2707 1293 Paulus
2731 1256 2900 1295 servus
2923 1242 3112 1296 Christi
3134 1241 3258 1297 Iesu
3289 1244 3305 1313 (
3329 1243 3476 1298 Rom.
3510 1261 3563 1309 I,

1985 1330 2059 1398 1).
2104 1328 2159 1383 Si
2192 1330 2278 1383 ille
2314 1345 2372 1383 se
2419 1330 2594 1384 adhuc
2635 1330 2762 1385 dicit
2805 1347 3036 1399 servum,
3068 1347 3174 1402 «per
3210 1349 3366 1403 quem
3414 1334 3568 1390 nobis

1983 1420 2324 1491 Evangelium
2353 1421 2694 1491 praedicatum
2721 1431 2831 1489 est;
2858 1434 3056 1493 quanto
3084 1426 3252 1496 magis
3277 1441 3375 1480 nos
3403 1426 3566 1481 debe-

1980 1528 2103 1593 mus
2122 1528 2413 1583 agnoscere
2440 1514 2800 1569 conditionem
2842 1526 3105 1581 nostram,
3137 1528 3194 1571 ut
3223 1518 3394 1586 major
3411 1520 3481 1574 sit
3512 1518 3565 1573 in

1984 1596 2137 1657 nobis
2161 1606 2330 1675 gratia
2354 1605 2559 1675 ipsius?
2588 1606 2766 1661 Primo
2787 1607 2927 1662 enim
2950 1621 3135 1663 servos
3158 1609 3302 1673 fecit,
3328 1626 3462 1681 quos
3489 1627 3566 1666 re-

1982 1695 2167 1751 demit.
2199 1696 2423 1767 Sanguis
2448 1699 2590 1752 enim
2624 1698 2715 1752 ille
2748 1714 2844 1768 pro
2872 1702 3041 1754 servis
3071 1703 3293 1769 pretium
3319 1712 3435 1768 est,
3469 1717 3568 1772 pro

1983 1801 2177 1855 sponsa
2218 1787 2406 1857 pignus
2438 1797 2540 1842 est.
2582 1790 2943 1859 Agnoscentes
2984 1791 3163 1859 itaque
3204 1790 3566 1846 conditionem

1985 1886 2242 1942 nostram,
2269 1878 2371 1934 etsi
2392 1880 2502 1947 jam
2526 1878 2615 1933 filii
2641 1894 2735 1948 per
2762 1880 2984 1949 gratiam
3006 1921 3021 1946 ,
3056 1881 3196 1935 servi
3232 1890 3407 1937 tamen
3446 1896 3570 1952 pro-

1984 1976 2103 2036 pter
2140 1977 2458 2030 creaturam,
2503 1971 2626 2039 quia
2668 1972 2915 2027 universa
2960 1981 3205 2027 creatura
3251 1972 3359 2028 Deo
3381 1974 3570 2039 servit,

1983 2060 2249 2116 dicamus:
2272 2079 2291 2114 ‹
2316 2061 2464 2116 Sicut
2484 2063 2625 2118 oculi
2649 2078 2924 2119 setvorum
2948 2066 2999 2119 in
3021 2081 3208 2119 manus
3230 2065 3567 2120 dominorum

1983 2165 2222 2218 suorum,
2249 2161 2304 2207 et
2327 2153 2463 2207 sicut
2490 2154 2629 2208 oculi
2655 2155 2859 2209 ancilla:
2882 2159 2935 2209 in
2958 2171 3147 2211 manus
3165 2155 3394 2210 dominae
3418 2172 3530 2210 sum
3552 2174 3571 2210 :

1985 2240 2062 2295 sic
2087 2242 2225 2296 oculi
2256 2243 2423 2301 nostri
2461 2242 2529 2297 ad
2567 2244 2845 2299 Dominum
2869 2245 3034 2300 Deum
3064 2254 3327 2311 nostrum,
3365 2246 3572 2316 quoad-

1984 2349 2153 2405 usque
2174 2336 2494 2392 misereatur
2519 2336 2707 2390 nostri.
2735 2355 2755 2388 ι

2059 2430 2112 2479 6.
2143 2426 2349 2482 Dixitet
2370 2443 2555 2497 quare,
2576 2428 2709 2482 sicut
2729 2428 2866 2483 servi
2886 2428 3070 2483 oculos
3087 2427 3278 2484 habent
3299 2428 3351 2482 in
3380 2443 3574 2484 manus

1984 2514 2184 2570 domini
2202 2518 2304 2583 sui,
2329 2526 2384 2571 et
2399 2519 2532 2571 sicut
2553 2518 2758 2571 ancillae
2777 2518 2958 2572 oculos
2977 2518 3169 2571 habent
3186 2518 3238 2571 in
3260 2534 3445 2573 manus
3465 2519 3566 2573 do-

1986 2607 2142 2661 minae
2162 2622 2272 2663 sure
2298 2624 2312 2670 ;
2342 2609 2434 2668 sic.
2455 2608 2643 2678 inquit,
2671 2610 2803 2663 oculi
2828 2610 2984 2663 nostri
3012 2609 3079 2662 ad
3099 2608 3373 2664 Dominum
3403 2608 3570 2665 Deum

1985 2707 2229 2753 nostrum.
2268 2699 2332 2753 Et
2349 2702 2810 2769 quasiquzereres,
2842 2700 3073 2770 thuid?
3102 2701 3458 2771 Quoadusque,
3492 2703 3572 2756 in-

1985 2789 2118 2859 quit,
2137 2790 2426 2842 misereatur
2440 2791 2616 2844 nostri.
2632 2790 2824 2858 Quales
2842 2807 2969 2861 ergo
2986 2792 3152 2851 voluit
3168 2808 3353 2847 servos
3371 2793 3568 2848 intelli-

1985 2878 2058 2948 gi,
2077 2877 2289 2940 fratrcs,
2306 2881 2393 2949 qui
2413 2882 2595 2935 oeulos
2614 2882 2806 2936 habent
2824 2882 2877 2935 in
2896 2898 3082 2936 manus
3094 2883 3427 2938 dominorum
3442 2899 3570 2938 suo-

1986 2984 2140 3036 rum;
2172 2980 2225 3025 et
2250 2972 2437 3041 quales
2458 2973 2696 3036 ancillas,
2733 2988 2852 3042 quae
2871 2974 3054 3028 oculos
3079 2972 3275 3029 habent
3302 2974 3354 3028 in
3385 2989 3577 3027 manus

1986 3062 2216 3117 domina:
2241 3077 2372 3128 sum,
2395 3067 2742 3134 quoadusque
2769 3066 3084 3120 misereatur
3108 3065 3321 3120 domina
3349 3065 3593 3120 earum?

1986 3152 2087 3221 Qui
2118 3164 2243 3209 sunt
2270 3156 2353 3209 isti
2386 3156 2521 3209 servi
2546 3164 2599 3209 et
2620 3156 2847 3219 ancillae,
2878 3156 2967 3225 qui
2995 3156 3072 3211 sic
3096 3156 3288 3212 habent
3313 3156 3496 3212 oculus
3521 3158 3575 3212 in

1988 3259 2177 3299 manus
2213 3246 2550 3300 dominorum
2589 3261 2834 3311 suorum,
2880 3247 2980 3302 nisi
3006 3248 3094 3316 qui
3125 3248 3376 3317 iubentur
3401 3247 3573 3302 cmdi?

1991 3334 2141 3389 Oculi
2171 3337 2327 3389 nostri
2368 3337 2435 3388 ad
2461 3335 2734 3392 Dominum
2761 3336 2922 3389 Deum
2968 3348 3214 3401 nostrum,
3252 3338 3576 3407 quoadusque

1988 3426 2279 3479 misereatur
2326 3428 2504 3480 nostri.
2542 3426 2854 3493 Quomodo?
2906 3427 3049 3481 Sicut
3085 3426 3218 3481 oculi
3241 3443 3492 3481 seruorum
3521 3429 3574 3481 in

1989 3533 2169 3570 manus
2191 3518 2506 3569 dominorum
2523 3535 2750 3583 suorum,
2783 3530 2829 3571 et
2855 3519 2980 3572 sicut
3010 3521 3145 3573 oculi
3167 3520 3367 3574 aucillte
3389 3522 3441 3574 iu
3464 3537 3576 3575 ma-

1990 3622 2086 3659 nus
2113 3606 2329 3659 domina:
2353 3622 2476 3659 siue.
2527 3608 2663 3677 Ergo
2695 3617 2749 3661 et
2778 3607 2850 3661 illi
2880 3616 2935 3662 et
2956 3608 3079 3673 illae,
3102 3609 3443 3679 quoadusque
3471 3612 3575 3664 mi-

1991 3705 2231 3749 sereatur
2266 3699 2345 3749 vel
2377 3696 2625 3750 dominus
2668 3698 2751 3751 vel
2779 3697 3014 3753 domina.
3046 3698 3151 3753 Fac
3185 3715 3313 3770 ergo
3344 3701 3577 3770 aliquem

1992 3785 2261 3840 dominum
2282 3786 2505 3856 juSsisse
2529 3803 2741 3842 servum
2768 3789 2902 3843 caedi
2929 3806 2943 3842 :
2974 3790 3186 3858 vapulat
3210 3804 3417 3854 servus,
3446 3806 3574 3846 seu»-

1993 3878 2056 3931 tit
2090 3878 2365 3947 plagarum
2399 3878 2646 3940 dolores;
2677 3878 2902 3934 attendit
2925 3879 2991 3933 ad
3023 3894 3211 3933 manus
3238 3879 3439 3934 domini
3467 3881 3575 3943 sui,

1992 3968 2333 4038 quoadusque
2361 3968 2520 4032 dicat,
2552 3969 2732 4023 Parce.
2763 3968 2971 4025 Manum
3008 3969 3173 4035 enim,
3204 3970 3370 4039 ipSam
3419 3980 3573 4040 pote-

1992 4066 2183 4112 atatem
2226 4056 2370 4110 dicit.
2404 4058 2542 4127 Ergo
2567 4056 2692 4127 quid
2731 4056 2977 4122 dicimus,
3014 4056 3244 4112 fratres?
3285 4058 3449 4115 Jussit
3474 4074 3578 4115 nos

1994 4148 2126 4204 εωάί
2159 4148 2412 4203 Dominus
2435 4157 2634 4213 noster,
2667 4158 2721 4203 et
2748 4148 2957 4204 domina
2987 4158 3167 4203 nostra
3197 4150 3452 4219 sapientia
3482 4150 3577 4206 Dei

1990 4239 2148 4310 jussit
2173 4254 2269 4294 nos
2297 4240 2461 4305 caedi;
2492 4250 2546 4295 et
2566 4241 2615 4293 iu
2641 4240 2740 4294 hac
2769 4239 2872 4294 vita
2902 4241 3232 4310 vapulamus,
3261 4252 3318 4297 et
3341 4249 3448 4296 tota
3476 4243 3578 4297 ista

1996 4331 2101 4383 vita
2133 4329 2372 4383 mortalis
2417 4330 2567 4400 plaga
2616 4339 2793 4384 nostra
2826 4337 2927 4383 εει.
2974 4329 3109 4384 Audi
3138 4346 3320 4385 vocem
3347 4332 3530 4401 psalmi
3562 4350 3574 4385 :

2000 4421 2106 4475 Pro
2150 4423 2411 4492 iniquitate
2456 4422 2667 4477 erudiin
2715 4421 3004 4486 hominem;
3043 4432 3091 4477 et
3136 4422 3381 4478 tabescere
3417 4426 3579 4494 fecisti

1997 4513 2124 4566 sicut
2141 4529 2375 4566 araucam
2395 4514 2615 4565 animam
2633 4529 2791 4567 meum
2811 4511 2980 4585 (Psal.
3000 4529 3227 4580 xxxvut,
3250 4515 3358 4585 l2).
3388 4514 3581 4571 Alicu-

1998 4605 2124 4669 dite,
2146 4606 2354 4672 fratres,
2384 4621 2539 4675 quain
2563 4604 2737 4659 tabida
2756 4616 2837 4659 est
2857 4621 3073 4671 aranea,
3097 4616 3152 4660 ut
3174 4608 3273 4662 levi
3294 4618 3433 4662 tactu
3459 4624 3584 4664 con-

1999 4707 2277 4768 quassetur
2305 4705 2359 4752 et
2385 4699 2659 4752 mOriatur.
2694 4696 2759 4752 Et
2791 4703 2856 4753 ne
2885 4700 3035 4769 quasi
3059 4713 3272 4754 carnem
3302 4700 3470 4754 solam
3496 4698 3581 4755 iu-

2004 4789 2250 4843 firmitate
2287 4788 2621 4841 mortalitatis
2649 4799 2955 4856 putaremus
2982 4805 3078 4844 nos
3108 4788 3305 4844 habere
3326 4789 3580 4849 tabidum.

2002 4894 2106 4933 non
2128 4878 2279 4942 dixit,
2299 4877 2597 4933 Tabescere
2625 4893 2709 4932 me
2736 4876 2933 4944 fecisti;
2968 4895 3033 4934 ne
3053 4879 3341 4933 secundum
3364 4894 3579 4934 carnem

2002 4969 2413 5039 itttelligeremus
2437 4986 2449 5021 :
2479 4970 2570 5023 sed
2596 4970 2689 5034 ait,
2713 4968 2985 5025 Tabescere
3002 4972 3165 5042 fecisti
3186 4971 3315 5024 sicut
3340 4986 3580 5025 araueam

2002 5062 2223 5115 animum
2240 5078 2417 5114 meam.
2436 5060 2571 5115 Nihil
2587 5062 2729 5115 enim
2749 5061 3004 5115 inﬁrmius
3021 5062 3196 5115 anima
3214 5071 3390 5115 nostra
3410 5062 3581 5129 posita

2005 5152 2056 5207 in
2084 5152 2270 5206 mediis
2293 5154 2671 5207 teutationibus
2699 5154 2898 5218 smculi,
2927 5154 2977 5207 in
3005 5152 3195 5207 mediis
3219 5150 3499 5221 gemitibus
3525 5160 3581 5207 et

2005 5245 2440 5316 parturitionibus
2472 5246 2864 5309 molestiarum;
2892 5244 3018 5298 nihil
3037 5260 3096 5298 ea
3121 5244 3378 5299 infirmius
3407 5244 3579 5300 donec

2007 5337 2206 5392 lunreat
2245 5337 2497 5391 soliditati
2523 5338 2746 5405 t-telesti,
2778 5347 2832 5393 et
2862 5337 2929 5391 sit
2954 5337 3004 5390 in
3035 5336 3229 5404 templo
3251 5336 3399 5403 Dci',
3424 5338 3583 5407 unde

2001 5426 2110 5496 jam
2139 5442 2244 5480 non
2275 5427 2429 5482 cadat
2455 5445 2469 5479 :
2502 5429 2621 5497 quia
2654 5426 2825 5496 primo
2853 5436 2908 5481 ut
2945 5428 3151 5481 veniret
3184 5427 3249 5481 ad
3278 5426 3413 5482 hanc
3439 5427 3584 5483 i:.fir-

2007 5518 2243 5572 mitatcm
2271 5527 2325 5573 et
2355 5515 2782 5581 tabiﬁcationem,
2814 5518 2951 5572 sicut
2987 5533 3177 5571 aranea
3208 5518 3412 5572 infirma
3447 5519 3582 5575 facta

2007 5616 2108 5675 est,
2138 5618 2191 5662 et
2223 5608 2291 5662 de
2317 5607 2561 5677 paradiso
2596 5608 2813 5675 expulsa
2855 5619 2956 5662 est.
2995 5607 3337 5677 Tuncjussus
3358 5617 3441 5665 est
3468 5624 3583 5664 sere

2073 5720 2090 5751 ι
2115 5718 2341 5781 Plerique
2364 5725 2491 5780 Mss,
2512 5718 2560 5768 in
2578 5716 2806 5780 templum
2829 5717 2935 5768 Dei.
