4074 6474
511 292 648 348 £635

507 423 604 460 vus
630 404 783 461 czedi.
818 404 1034 460 Fratres
1072 402 1199 470 mei,
1230 400 1405 458 videte
1427 415 1495 457 ex
1524 414 1630 472 quo
1658 399 1988 471 vapulamus.
2033 397 2093 454 in

506 498 754 554 omnibus
791 497 881 568 qui
938 497 1006 550 ab
1054 495 1202 550 initio
1233 494 1443 564 generis
1477 493 1691 549 humani
1723 493 1831 547 nati
1857 500 2000 557 sunt,
2038 491 2092 546 in

509 589 757 644 omnibus
783 587 873 658 qui
917 601 1055 640 nunc
1084 593 1228 652 sunt,
1276 585 1331 639 in
1364 584 1612 639 omnibus
1641 585 1728 654 qui
1765 593 1949 653 postea
1993 597 2090 638 na-

505 689 742 745 scentur,
779 677 945 732 Adam
975 677 1208 745 vapulat.
1238 675 1463 746 Vapulat
1490 675 1681 742 Adam,
1715 674 1766 730 id
1791 683 1893 741 est,
1923 688 2094 744 genus

507 773 795 827 humanum
820 787 834 836 ;
873 779 925 824 et
955 769 1104 823 multi
1133 769 1211 823 sic
1239 767 1659 833 obduruerunt‘,
1703 775 1759 822 ut
1789 782 1886 822 nec
1911 767 2094 839 plagas

503 879 630 918 suas
651 863 895 918 sentiant.
944 861 1044 929 Qui
1070 875 1196 916 vero
1224 876 1291 916 ex
1314 861 1428 932 ipso
1451 875 1648 931 genere
1674 860 1766 914 lilii
1795 859 1914 914 facti
1944 868 2086 925 sunt,

503 960 819 1022 receperunt
849 966 1062 1018 sensum
1093 952 1291 1007 doloris
1325 969 1340 1005 :
1384 952 1622 1006 sentiunt
1654 965 1713 1006 se
1743 951 2012 1020 vapulare,
2037 960 2093 1007 et.

503 1053 765 1098 noverunt
783 1044 903 1114 quis
919 1045 1075 1115 jussit
1099 1053 1157 1098 tit
1178 1043 1464 1114 vapulem;
1493 1053 1547 1098 et
1572 1043 1880 1098 levaverunt
1907 1044 2090 1101 oculos

502 1149 628 1189 suos
661 1134 728 1190 ad
753 1151 873 1190 eum
911 1136 1000 1206 qui
1040 1134 1242 1188 habitat
1285 1138 1336 1187 in
1368 1134 1538 1199 caelo;
1580 1141 1635 1188 ct
1674 1134 1752 1188 sic
1790 1141 1912 1187 sunt
1951 1131 2089 1190 Oculi

503 1239 687 1280 eorum
719 1225 770 1279 in
798 1239 985 1279 manus
1009 1225 1219 1280 Domini
1247 1225 1348 1289 sui,
1387 1224 1731 1295 quoadusque
1755 1225 2082 1290 misereatur,

502 1315 636 1370 sicut
667 1317 807 1371 oculi
849 1331 1123 1372 servorum
1153 1317 1203 1370 in
1239 1331 1429 1370 manus
1472 1315 1807 1370 dominorum
1847 1323 2084 1381 suorum,

503 1415 558 1458 et
578 1405 715 1460 sicut
741 1406 881 1461 oculi
903 1407 1109 1461 ancilla:
1132 1407 1182 1459 in
1213 1420 1402 1460 manus
1427 1405 1657 1459 dominae
1677 1421 1808 1459 suae.
1835 1403 1993 1458 Vides
2015 1405 2090 1458 le-

507 1496 637 1551 lices
663 1498 866 1568 aliquos
887 1499 939 1552 in
968 1499 1069 1554 isto
1089 1498 1286 1553 surculo
1305 1498 1558 1562 ridentes,
1577 1497 1838 1566 jactantes
1859 1513 1952 1560 se;
1981 1512 2084 1552 non

507 1590 756 1658 vapulant
788 1609 800 1644 :
841 1591 947 1645 imo
970 1590 1120 1659 pejus
1151 1590 1438 1659 vapulant;
1474 1589 1574 1644 hoc
1603 1589 1718 1658 ipso
1743 1589 1954 1658 gravius
1978 1602 2085 1642 cac-

505 1677 722 1746 duntur,
759 1695 865 1749 quo
908 1693 1121 1733 sensum
1156 1679 1265 1748 jam
1302 1678 1669 1749 perdiderunt.
1716 1679 1993 1747 livigilenl,
2035 1687 2088 1732 ct

505 1768 784 1838 vapuleut;
817 1770 1047 1824 sentiant
1062 1769 1183 1839 quia
1202 1769 1471 1838 vapulant,
1491 1769 1658 1823 sciant
1678 1767 1797 1837 quia
1815 1768 2084 1837 vapulant,

507 1871 563 1916 et
586 1863 804 1917 doleant
827 1864 947 1934 quia
979 1864 1246 1933 vapulant.
1279 1863 1536 1930 Quoniam
1565 1863 1648 1927 qui
1688 1861 1897 1930 apponit
1921 1863 2086 1914 scien-

421 1979 431 1985 ~
506 1955 649 2022 tiam,
681 1956 891 2024 apponit
921 1955 1144 2009 dolorem
1178 1970 1194 2006 :
1240 1952 1340 2007 hoc
1365 1951 1635 2022 Scriptura
1661 1951 1793 2004 dixit
1821 1950 2014 2021 (Eccle.
2046 1965 2083 2015 ι,

509 2043 622 2114 18).
655 2046 776 2100 ldeo
806 2047 1056 2100 Dominus
1087 2045 1138 2098 in
1164 2044 1451 2114 Evangelio
1472 2059 1490 2096 :
1516 2041 1659 2095 Beati
1691 2043 1936 2113 lugentes,
1963 2056 2086 2112 quo-

507 2137 641 2189 niam
667 2137 763 2205 ipsi
788 2134 1422 2205 consolabuntur'(Matth.
1453 2149 1506 2200 ν,
1535 2134 1612 2204 5).

579 2248 630 2301 7.
654 2247 942 2301 Audiamus
983 2261 1169 2301 vocem
1213 2245 1444 2298 hominis
1484 2243 1572 2314 qui
1611 2242 1846 2314 vapulat,
1888 2251 1941 2297 et
1980 2241 2087 2296 sint

505 2337 618 2392 ista-
656 2337 1066 2406 uniuscujusque
1113 2346 1354 2392 nostrum
1399 2349 1555 2390 voces
1591 2343 1646 2390 et
1681 2333 1892 2404 quando
1933 2333 2086 2386 nobis

501 2429 638 2484 bene
661 2441 762 2483 est.
790 2429 918 2483 Nam
946 2428 1064 2497 quis
1094 2443 1196 2481 nou
1221 2426 1482 2496 intelligat
1512 2425 1760 2494 vapulare
1787 2441 1844 2479 se
1869 2423 2085 2494 quando

501 2529 741 2591 a-grotat,
781 2520 992 2590 quando
1017 2519 1070 2572 in
1110 2533 1326 2573 carcere
1351 2525 1455 2583 est,
1496 2516 1708 2586 quando
1739 2515 1874 2570 l'orte
1913 2517 1963 2568 iu
1995 2529 2084 2570 ca-

501 2622 642 2678 tena,
668 2611 880 2682 quando
904 2611 1037 2666 forte
1067 2611 1302 2664 latrones
1340 2608 1574 2679 patitur?
1615 2607 1838 2676 Quando
1874 2607 1941 2661 ab
1985 2607 2082 2660 ali-

498 2703 688 2773 quibus
717 2703 972 2771 improbis
996 2701 1044 2756 ei
1064 2702 1254 2770 aliqua:
1281 2700 1540 2755 molesna:
1572 2699 1891 2768 irrogantur,
1920 2698 2081 2752 sentit

496 2796 745 2862 vapulare
773 2810 832 2849 se
850 2796 892 2846 '.
924 2793 1142 2863 Magnus
1167 2807 1354 2847 sensus
1383 2801 1484 2859 est,
1515 2789 1698 2846 videre
1725 2791 1845 2860 quia
1867 2790 2080 2859 vapulat

494 2897 548 2940 et
573 2885 784 2956 quando
807 2885 877 2938 illi
895 2885 1030 2938 bene
1051 2892 1154 2938 est.
1183 2883 1296 2936 Non
1319 2882 1460 2937 enim
1483 2882 1557 2936 ait
1577 2881 1852 2951 Scriptura
1881 2881 1934 2934 in
1954 2880 2074 2948 Job,

496 2975 897 3030 'l‘entationibus
918 2973 1147 3028 abundat
1166 2973 1270 3027 vita
1291 2973 1552 3036 humana;
1582 2970 1676 3028 sed
1696 2972 1789 3037 ait,
1811 2970 2076 3043 Numquid

492 3082 595 3118 non
623 3066 826 3119 tentatio
853 3072 923 3118 est
952 3066 1051 3118 vita
1075 3063 1297 3117 humana
1315 3079 1465 3133 super
1491 3071 1674 3116 terram
1717 3060 1835 3133 (Job
1854 3079 1945 3130 vn,
1981 3063 2073 3132 ηερ

492 3158 677 3212 Totani
724 3159 889 3227 ipsam
934 3158 1092 3211 vitam
1139 3155 1482 3210 tentatiouem
1521 3155 1673 3210 dixit.
1721 3155 1908 3210 Omnis
1933 3171 2073 3226 ergo

490 3249 595 3303 vita
627 3258 712 3302 tua
737 3264 898 3317 super
920 3259 1137 3312 terram,
1164 3246 1329 3316 plaga:
1359 3255 1460 3300 tua:
1488 3253 1631 3300 sunt.
1662 3245 1856 3316 Plange
1880 3262 2072 3316 quam-

487 3338 577 3393 diu
604 3339 736 3394 vivis
763 3341 814 3392 in
859 3348 998 3394 terra
1025 3353 1039 3390 :
1085 3339 1197 3392 sive
1232 3337 1453 3392 feliciter
1481 3338 1644 3402 vivas,
1676 3336 1788 3392 sive
1817 3338 1869 3392 itt
1895 3338 2070 3408 aliqua

489 3431 826 3485 tribulatione
849 3431 1165 3484 constitutus
1199 3429 1293 3494 sis,
1324 3429 1518 3494 clama,
1546 3427 1627 3481 Ad
1649 3438 1696 3482 te
1722 3427 1877 3482 levavi
1898 3429 2072 3483 oculos

487 3540 643 3588 meos,
682 3524 766 3592 qui
797 3523 991 3576 habitas
1033 3522 1087 3574 in
1115 3521 1259 3574 coelo.
1299 3519 1379 3574 Ad
1409 3534 1599 3574 manus
1627 3520 1857 3584 Domini,
1900 3519 1988 3588 qui
2021 3529 2072 3574 te

485 3615 642 3685 jussit
665 3612 818 3678 caedi,
843 3612 930 3666 cui
959 3612 1092 3666 dicis
1119 3613 1170 3665 in
1191 3610 1297 3665 alio
1321 3610 1547 3679 psalmo,
1576 3608 1794 3678 Propter
1827 3610 2068 3680 iniquita-

486 3713 584 3757 tem
612 3704 818 3758 erudisti
840 3703 1124 3765 hominem;
1162 3710 1207 3753 et
1229 3699 1475 3754 tabescere
1497 3699 1659 3773 fecisti
1684 3701 1810 3754 sicut
1831 3717 2070 3754 araneam

485 3797 709 3849 animum
763 3787 963 3859 meum;
1017 3795 1187 3849 clama
1224 3792 1290 3847 ad
1331 3807 1517 3846 manus
1556 3791 1830 3857 caedentis,
1871 3801 1924 3846 et
1961 3793 2066 3859 dic,

486 3886 726 3940 Miserere
765 3885 942 3950 nostri,
972 3882 1206 3948 Domine,
1247 3883 1478 3935 miserere
1516 3882 1693 3936 nostri.
1733 3880 1920 3937 Nonne
1947 3892 2071 3937 sunt

485 3979 598 4034 ista:
628 3994 784 4033 voces
821 3977 1119 4048 vapulantis
1149 3992 1171 4027 -ε
1221 3973 1460 4028 Miserere
1485 3973 1661 4040 nostri,
1693 3970 1926 4038 Domine,
1971 3975 2069 4026 mi-

483 4087 644 4124 serere
670 4069 826 4123 nostri
850 4069 874 4122 ?

553 4184 605 4239 8.
639 4181 889 4250 Quoniam
923 4179 1138 4233 multum
1185 4179 1362 4248 repleti
1405 4194 1580 4232 sumus
1619 4177 1948 4249 despectione.
2002 4174 2070 4232 In

483 4274 755 4343 plurimum
783 4272 972 4342 repleta
1004 4279 1072 4326 est
1101 4269 1272 4323 anima
1296 4277 1510 4333 nostra;
1537 4269 1862 4339 opprobrium
1884 4269 1956 4323 eis
1983 4269 2072 4337 qui

482 4363 758 4430 abundant,
799 4373 845 4416 et
872 4359 1119 4430 despectio
1157 4359 1400 4428 superbis.
1452 4359 1552 4425 Qui
1599 4358 1908 4429 despicitur,
1941 4375 2070 4414 con-

483 4457 760 4511 temnitur.
811 4453 1008 4508 Omnes
1037 4452 1127 4524 qui
1163 4450 1452 4507 secundum
1479 4450 1746 4506 Christum
1775 4451 1860 4520 pie
1886 4451 2070 4506 volunt

486 4549 685 4610 vivere,
725 4558 943 4600 necesse
969 4553 1050 4598 cst
1095 4543 1360 4611 patiantur
1385 4540 1688 4612 opprobria,
1741 4556 1959 4596 necesse
1989 4551 2070 4596 est

484 4645 896 4693 contemnantur
935 4633 1009 4704 (ll
1045 4633 1177 4686 Tim.
1210 4650 1283 4698 nt,
1317 4633 1406 4703 12)
1443 4631 1510 4686 ab
1547 4631 1629 4686 his
1655 4632 1742 4702 qui
1773 4633 1956 4686 nolunt
1985 4634 2067 4702 pie

484 4731 686 4795 vivere,
707 4743 929 4798 quorum
949 4726 1171 4782 felicitas
1195 4735 1299 4779 tota
1321 4733 1530 4779 terrena
1549 4732 1649 4778 est.
1677 4723 1966 4779 lrridentnr
1993 4725 2066 4778 illi

481 4821 571 4892 qui
594 4819 894 4874 felicitatem
917 4825 1278 4886 vocantquam
1306 4814 1473 4869 oculis
1490 4813 1669 4869 videre
1692 4830 1796 4868 non
1825 4825 2063 4884 possunt,

480 4925 534 4971 et
565 4915 758 4968 dicitur
786 4914 861 4968 eis
888 4931 900 4966 :
933 4910 1070 4980 Quid
1100 4910 1292 4972 credis,
1338 4908 1556 4962 insane?
1593 4908 1749 4962 Vidcs
1779 4907 1916 4977 quod
1951 4923 2068 4963 cre-

479 5009 600 5064 dis?
626 5008 892 5063 Reversus
911 5019 991 5060 est
1013 5003 1205 5073 aliquis
1233 5003 1300 5054 ab
1321 5000 1523 5065 inferis,
1549 5011 1600 5054 et
1622 5000 1804 5054 retulit
1829 4999 1917 5055 tibi
1940 4999 2066 5070 quid

545 5165 560 5197 ί
590 5172 692 5212 Am.
717 5169 792 5212 Er.
820 5167 873 5210 et
890 5174 904 5222 ι
920 5158 1057 5222 iures
1078 5164 1207 5216 ttss.,
1229 5154 1598 5222 obduratterunt.

539 5227 558 5258 ²
584 5231 631 5273 ιιι
653 5214 946 5274 coitionibus
961 5221 1144 5283 aliquot
1163 5214 1531 5283 Parisiensibus,
1547 5222 1670 5283 post,
1683 5214 1824 5266 sentit
1841 5215 2067 5283 vapulare

474 5298 542 5344 se,
570 5286 758 5335 additur
785 5299 797 5334 :
827 5302 849 5329 α
876 5278 1069 5343 magnus
1108 5281 1404 5344 inimicorum
1427 5278 1607 5344 Christi
1627 5285 1803 5344 metus,
1826 5278 1912 5326 sed
1931 5281 2066 5340 quasi

479 5366 502 5394 ι
527 5339 688 5396 fumus
711 5359 881 5396 eorum
904 5339 1066 5393 terror
1091 5341 1357 5403 evanescit.
1383 5347 1495 5388 Nam
1529 5341 1639 5403 quis
1661 5339 1852 5403 dubitet
1884 5339 2064 5403 nuper-

479 5427 501 5454 α
527 5411 667 5464 rime.
695 5410 821 5458 sicut
843 5406 1112 5455 audivimus
1145 5417 1183 5462 a.
1208 5401 1453 5464 fratribus,
1493 5399 1575 5462 qui
1615 5399 1964 5464 interfuerunt,
1983 5414 2065 5448 co-

477 5487 501 5517 ι
530 5461 770 5531 episcopis
793 5469 990 5524 nostris,
1021 5461 1298 5531 damnatum
1337 5461 1472 5531 illum
1511 5461 1753 5531 Boeticum
1799 5461 2058 5531 inimicum:

478 5549 502 5576 ι
527 5520 709 5580 contra'
739 5520 988 5578 Dominum
1027 5528 1302 5585 latrantem,
1347 5525 1496 5586 digne
1544 5521 1839 5586 ﬂagellatum
1875 5520 2067 5572 fuisse?

478 5610 501 5637 α
523 5590 784 5652 Flagellum
807 5599 973 5639 autem
1003 5583 1305 5652 Doniini_non
1325 5583 1566 5652 cognovit,
1591 5583 1782 5646 quando
1802 5583 2068 5652 damuatir.»

478 5671 501 5699 ι
527 5645 639 5700 nem
664 5653 817 5713 magis
835 5664 980 5713 quam
1004 5648 1307 5698 concordiam
1339 5645 1510 5710 elegit.
1529 5664 1550 5692 ι
1579 5645 1692 5705 Qum
1717 5645 1866 5698 verba
1890 5646 2066 5696 absnnt

477 5715 538 5764 ab
565 5714 707 5762 cdi.is
733 5723 829 5760 Am.
851 5719 924 5761 Er.
949 5719 1058 5761 ων.
1091 5720 1137 5760 et
1163 5723 1191 5759 a
1215 5717 1320 5760 Mss.

1742 287 1794 342 S.
1842 281 2207 344 AUGUSTINI
2247 284 2552 345 EPISCOPI

2199 397 2271 454 ibi
2315 400 2528 472 agitur?
2580 403 2719 460 Ecce
2750 421 2848 478 ego
2893 410 3033 479 quod
3081 427 3202 468 amo
3242 415 3416 484 video,
3469 427 3524 476 et
3566 419 3713 479 fruor
3735 399 3774 484 ’⁸.

2192 486 2514 583 Despiceris,
2545 493 2669 562 quia
2689 510 2874 566 speras
2899 499 3038 570 quod
3065 518 3169 558 non
3201 506 3380 573 vides;
3405 518 3460 564 et
3482 510 3706 583 despicit
3723 525 3777 575 te

2193 578 2303 673 ille,
2327 583 2415 652 qui
2436 584 2587 653 quasi
2619 593 2762 642 tenet
2783 590 2925 659 quod
2953 592 3112 649 videt.
3138 597 3369 655 Attende
3391 601 3436 655 si
3464 578 3770 673 ipse—tenet:

2191 672 2303 726 noli
2332 675 2562 742 turbari;
2594 678 2716 735 vide
2739 681 2782 734 si
2814 681 2928 752 ipse
2961 695 3125 756 tenet,
3170 698 3224 744 et
3253 707 3360 748 non
3405 672 3498 750 tibi
3525 697 3772 768 insultet;

2191 775 2262 814 ne
2289 776 2411 817 cum
2441 775 2594 834 putas
2621 783 2740 823 eum
2764 771 2966 827 felicem
2985 775 3035 828 iu
3066 782 3335 848 praesenti,
3364 778 3576 841 amittas
3596 803 3772 846 verant

2187 849 2500 909 felicitatem
2538 856 2801 915 futuram:
2845 864 2950 918 noli
2999 869 3235 935 turbari;
3284 875 3498 930 attende
3535 877 3580 931 si
3611 885 3772 936 tenet.

2187 939 2412 999 Labitur
2440 945 2542 1000 hoc
2570 947 2638 1004 ab
2663 949 2755 1004 illo
2790 953 2931 1022 quod
2973 963 3135 1026 tenet,
3185 962 3268 1016 vel
3299 963 3411 1033 ipse
3440 966 3507 1020 ab
3542 983 3606 1022 co
3635 971 3774 1039 quod

2193 1038 2372 1099 tenet;
2405 1048 2623 1092 necesse
2649 1048 2731 1095 est
2761 1050 2994 1100 transeat
3019 1057 3107 1101 aut
3136 1049 3247 1120 ipse
3285 1069 3380 1122 per
3401 1071 3486 1110 res
3511 1038 3662 1124 suas,
3687 1070 3776 1114 aut

2190 1137 2277 1183 res
2305 1125 2471 1194 ipsius
2509 1143 2602 1198 per
2639 1131 2807 1187 illum.
2856 1136 2956 1190 Per
2990 1153 3148 1208 quem
3187 1159 3274 1198 res
3305 1153 3583 1203 transeunt
3625 1153 3775 1204 suae?

2190 1214 2291 1307 Qui
2318 1221 2466 1275 vivus
2495 1220 2783 1280 labefactus
2821 1228 2978 1284 erit”.
3011 1228 3141 1297 Quis
3177 1237 3366 1291 transit
3392 1255 3485 1307 per
3507 1257 3592 1295 res
3613 1244 3776 1296 suas?

2190 1305 2288 1373 Qui
2332 1308 2384 1362 in
2427 1309 2624 1367 divitiis
2653 1316 2913 1383 moritur;
2955 1321 3075 1389 quia
3115 1334 3235 1378 cum
3273 1305 3518 1393 moritur,
3550 1347 3653 1385 non
3684 1347 3777 1388 eas

2186 1412 2372 1492 secum
2397 1400 2569 1492 aufert
2594 1402 2660 1458 ad
2680 1405 2898 1462 inferos.
2924 1409 3151 1466 Domum
3181 1429 3352 1470 meam
3387 1419 3578 1486 habeo,
3601 1419 3776 1492 jacta-

2188 1488 2265 1544 vit
2291 1503 2368 1544 se.
2411 1490 2636 1560 Quaeris,
2681 1495 2850 1562 Quam
2879 1499 3095 1557 domum
3128 1508 3311 1561 tuam?
3338 1509 3507 1577 Quam
3535 1488 3662 1568 mihi
3689 1515 3778 1569 di-

2191 1580 2334 1634 misit
2372 1591 2520 1650 pater
2545 1601 2718 1642 meus.
2753 1587 2822 1643 Et
2850 1590 2940 1646 ille
2969 1593 3111 1649 unde
3143 1596 3326 1652 habuit
3353 1600 3490 1657 hanc
3515 1603 3779 1662 domum?

2191 1670 2334 1762 avus
2360 1678 2542 1762 noster
2562 1673 2638 1728 illi
2659 1690 2776 1731 eam
2802 1679 3023 1736 dimisit.
3066 1684 3300 1742 Recurre
3330 1698 3382 1742 et
3401 1690 3469 1746 ad
3496 1706 3775 1762 proavum,

2191 1758 2314 1815 inde
2351 1761 2416 1815 ad
2449 1774 2682 1831 atavum,
2715 1776 2769 1823 et
2797 1769 2908 1840 jam
2939 1775 3154 1829 nomina
3188 1794 3290 1833 non
3319 1758 3532 1850 potest"
3570 1758 3774 1843 dicere;

2189 1851 2302 1907 Non
2328 1854 2450 1910 inde
2488 1858 2666 1925 potius
2694 1863 2933 1929 terreris,
2973 1867 3095 1935 quia
3126 1870 3321 1926 multos
3354 1875 3583 1932 attendis
3625 1889 3777 1932 tran-

2189 1943 2324 2034 sisse
2356 1959 2454 2015 per
2480 1947 2620 2003 illam
2650 1949 2889 2020 domum,
2923 1965 2976 2010 et
3014 1961 3280 2016 nemiuem
3319 1965 3550 2034 ipsorum
3590 1985 3778 2026 secum

2190 2032 2333 2089 illam
2363 2036 2548 2093 tulisse
2573 2038 2640 2093 ad
2662 2049 2918 2098 aeternam
2939 2045 3190 2104 domum?
3218 2032 3374 2108 Pater
3402 2063 3521 2111 tuus
3552 2057 3635 2112 hic
3655 2075 3779 2114 eam

2191 2126 2433 2195 dimisit;
2493 2132 2701 2186 transiit
2749 2150 2844 2203 per
2871 2137 3052 2192 illam:
3098 2141 3176 2196 sic
3221 2151 3274 2197 et
3318 2153 3370 2198 tu
3411 2148 3678 2203 transibis.
3721 2149 3779 2206 Si

2189 2232 2318 2289 ergo
2345 2222 2625 2277 transitum
2656 2224 2861 2281 habetis
2903 2228 2954 2282 in
2985 2229 3146 2286 domo
3168 2244 3365 2300 vostra,
3392 2237 3660 2293 stabulum
3693 2247 3780 2298 cst

2191 2312 2632 2380 transeuntium‘,
2680 2331 2786 2371 non
2813 2318 3068 2375 habitatio
3101 2329 3569 2383 commanentium.
3607 2331 3674 2385 Et
3701 2341 3781 2385 tu~

2189 2419 2310 2458 men
2338 2406 2459 2474 quia
2486 2421 2585 2461 nos
2609 2422 2671 2461 ea
2697 2424 2816 2478 quze
2845 2409 3017 2466 futura
3045 2423 3168 2469 sunt
3201 2431 3497 2487 speramus,
3531 2428 3586 2475 ct
3610 2422 3663 2476 in
3693 2421 3778 2478 [ιιι

2188 2502 2357 2549 turam
2405 2496 2712 2553 felicitatem
2765 2502 3114 2571 suspiramus,
3161 2515 3215 2559 ct
3258 2509 3492 2564 nondum
3527 2506 3780 2582 apparuit

2185 2583 2326 2654 quod
2356 2585 2575 2652 erimus,
2604 2591 2844 2657 quamvis
2869 2593 2979 2659 jam
3007 2594 3099 2646 lilii
3125 2595 3214 2649 Dei
3243 2597 3412 2652 simus
3443 2599 3670 2671 (lloan.
3694 2620 3778 2668 ιιι,

2185 2676 2284 2748 2);
2317 2678 2437 2746 quia
2478 2679 2581 2732 vita
2628 2691 2806 2734 nostra
2850 2682 3160 2739 abscondita
3199 2695 3282 2741 est
3315 2703 3436 2743 cum
3479 2689 3692 2747 Christo
3725 2697 3779 2748 in

2193 2772 2301 2828 Deo
2334 2791 2348 2829 :
2378 2777 2555 2846 repleti
2580 2795 2755 2833 sumus
2781 2780 3121 2850 despectione,
3150 2781 3202 2838 id
3223 2793 3307 2840 est
3334 2796 3660 2857 contemptu,
3706 2789 3779 2845 ab

2195 2865 2276 2919 his
2306 2868 2394 2937 qui
2423 2868 2725 2925 felicitatem
2757 2883 2999 2942 quierunt
3025 2874 3108 2930 vel
3132 2876 3328 2932 habent
3347 2875 3400 2933 in
3423 2879 3524 2934 isto
3552 2883 3777 2936 smculo.

2254 2956 2306 3010 9.
2338 2956 2411 3043 In
2430 2960 2702 3029 plurimum
2729 2963 2918 3032 repleta
2941 2975 3013 3018 est
3029 2967 3198 3020 anima
3215 2977 3424 3035 nostra;
3445 2971 3776 3041 opprobrium

2177 3047 2250 3100 eis
2286 3049 2370 3116 qui
2414 3050 2706 3117 abundant;
2737 3062 2784 3104 et
2822 3053 3073 3122 despectio
3107 3058 3350 3128 superbis.
3389 3060 3778 3128 Quaerebamus

2179 3137 2266 3204 qui
2297 3147 2418 3191 sunt
2443 3139 2529 3210 qui
2552 3141 2852 3209 abundant;
2881 3147 3129 3213 exposuit
3155 3148 3247 3202 tibi
3273 3165 3393 3204 cum
3418 3151 3568 3216 dixit.
3591 3171 3779 3223 snper-

2179 3225 2271 3278 bis.
2307 3227 2457 3295 Quod
2484 3238 2566 3283 est
2593 3241 2791 3297 autem,
2819 3235 3144 3304 approbrium
3165 3255 3185 3303 ;
3211 3237 3314 3294 hoc
3341 3252 3442 3307 est,
3472 3243 3776 3314 despectus:

2180 3327 2232 3370 et
2258 3318 2400 3387 quod
2429 3330 2526 3382 est,
2561 3323 2648 3391 qui
2671 3322 2967 3389 abundant;
3013 3326 3114 3382 hoc
3139 3338 3240 3394 est,
3272 3333 3518 3402 superbis.
3550 3332 3778 3404 Repeti-

2179 3408 2252 3460 tio
2298 3411 2576 3465 sententia:
2621 3421 2723 3479 est,
2773 3417 3097 3484 opprobrium
3145 3421 3215 3474 eis
3261 3422 3347 3491 qui
3397 3424 3677 3491 abundant,
3730 3434 3776 3481 et

2178 3499 2429 3569 despectio
2453 3504 2699 3572 superbis.
2729 3504 2904 3572 Quare
2933 3509 3203 3564 abundant
3229 3514 3484 3584 superbi?
3513 3515 3644 3582 Quia
3685 3517 3774 3574 hic

2177 3591 2359 3646 volunt
2389 3607 2506 3648 csse
2529 3594 2729 3650 felices.
2759 3597 2935 3666 Quid?
2961 3602 3173 3670 quando
3201 3612 3255 3658 et
3285 3605 3382 3674 ipsi
3409 3605 3585 3661 miseri
3616 3620 3771 3673 sunt,

2177 3684 2430 3753 numquid
2477 3684 2787 3751 abundant?
2833 3688 2937 3743 Sed
2969 3689 3106 3746 forte
3149 3693 3362 3762 quando
3404 3699 3583 3751 miseri
3615 3711 3770 3766 sunt,

2176 3789 2282 3829 non
2328 3776 2481 3831 nobis
2523 3777 2798 3834 insultant.
2835 3780 3076 3836 lutendat
3103 3783 3348 3840 Charitas
3390 3797 3582 3843 vestra.
3611 3789 3771 3846 Tunc

2175 3867 2424 3921 insultant
2455 3868 2588 3922 forte
2611 3870 2822 3939 quando
2846 3872 3027 3927 felices
3056 3887 3198 3938 sunt,
3242 3878 3454 3946 quando
3481 3893 3538 3934 se
3557 3879 3770 3946 jactaut

2177 3959 2229 4012 in
2277 3975 2465 4030 pompa
2505 3961 2807 4017 divitiarum
2844 3978 3077 4033 suarum,
3113 3959 3329 4036 quando
3377 3984 3433 4025 se
3463 3971 3672 4041 jactant
3715 3975 3768 4032 in

2146 4051 2492 4106 .ventositate
2521 4051 2772 4107 falsorum
2806 4053 3105 4121 honorum;
3139 4066 3267 4113 tunc
3306 4060 3765 4130 iusultantnobis,

2174 4151 2229 4196 et
2255 4143 2404 4212 quasi
2440 4142 2621 4197 dicunt
2651 4161 2663 4196 :
2697 4145 2831 4200 Ecce
2852 4145 2980 4200 mihi
3009 4147 3146 4202 bene
3173 4159 3275 4217 est,
3301 4149 3447 4205 fruor
3472 4167 3569 4222 ego
3599 4154 3766 4209 rebus

2173 4232 2545 4300 prmscntibus,
2579 4234 2831 4290 recedant
2853 4251 2882 4289 a
2909 4251 2994 4291 me
3023 4240 3110 4308 qui
3143 4243 3452 4309 promittunt
3478 4239 3617 4313 quod
3652 4261 3764 4302 non

2173 4326 2494 4391 ostendunt;
2525 4326 2665 4394 quod
2694 4327 2845 4382 video
2869 4339 3044 4396 teneo,
3071 4331 3214 4401 quod
3239 4333 3396 4387 video
3422 4335 3594 4400 fruor;
3622 4335 3766 4393 bene

2173 4415 2303 4469 mihi
2328 4416 2396 4469 sit
2427 4417 2475 4468 in
2501 4417 2598 4471 hac
2619 4418 2741 4470 vita.
2764 4418 2840 4471 Tu
2865 4422 3103 4476 securior
3130 4431 3247 4476 esto
3272 4437 3286 4487 ;
3319 4424 3439 4492 quia
3464 4427 3764 4498 resurrexit

2172 4506 2438 4572 Christus,
2481 4519 2534 4561 ct
2578 4509 2758 4563 docuit
2789 4518 2840 4564 te
2866 4511 2988 4579 quid
3028 4513 3079 4567 in
3114 4513 3215 4567 alia
3244 4515 3349 4567 vita
3389 4515 3608 4592 datqrus
3633 4519 3709 4572 sit
3743 4534 3760 4573 :

2173 4607 2356 4653 certus
2394 4609 2511 4653 esto
2549 4601 2669 4669 quia
2712 4600 2821 4655 dat.
2863 4603 2968 4657 Sed
3018 4604 3236 4659 insultat
3277 4606 3386 4672 ille,
3425 4609 3544 4677 quia
3588 4619 3760 4666 tenet.

2173 4689 2333 4745 Ferto
2369 4689 2730 4755 insultantem,
2755 4703 2809 4746 et
2831 4692 3023 4748 ridebis
3042 4706 3338 4765 gementem
3366 4715 3380 4752 :
3405 4711 3584 4768 postea
3610 4703 3761 4758 enim

2172 4783 2349 4837 veniet
2387 4790 2593 4853 tempus
2620 4784 2832 4853 quando
2862 4785 3052 4840 dicturi
3104 4795 3228 4842 sunt
3258 4789 3330 4842 illi
3373 4790 3493 4860 ipsi,
3533 4791 3606 4846 lli
3637 4802 3759 4848 sunt

2172 4890 2296 4944 quos
2324 4873 2598 4944 aliquando
2637 4875 2905 4930 habuimus
2947 4876 2999 4930 in
3041 4880 3220 4932 risum.
3263 4877 3432 4935 Verba
3465 4892 3591 4938 sunt
3635 4883 3759 4939 libri

2172 4966 2489 5036 Sapientiae;
2517 4967 2637 5035 quia
2671 4967 2899 5036 prodidit
2929 4969 3081 5024 nobis
3109 4970 3377 5042 Scriptura
3409 4989 3525 5043 qua:
3562 4974 3758 5031 dicturi

2172 5067 2296 5111 sunt
2326 5056 2398 5110 illi
2423 5057 2518 5126 ipsi
2541 5057 2628 5126 qui
2661 5073 2756 5111 nos
2787 5057 2947 5112 modo
2975 5059 3216 5126 irrident,
3247 5072 3300 5116 et
3329 5063 3418 5132 qui
3447 5075 3543 5117 nos
3571 5064 3756 5136 despid

2172 5149 2336 5214 ciunt,
2370 5155 2425 5202 et
2454 5163 2484 5202 a
2507 5148 2698 5217 quibus
2728 5149 2930 5218 impleti
2958 5165 3142 5205 sumus
3173 5153 3460 5221 opprobrio
3485 5166 3536 5210 et
3558 5155 3755 5226 despc-

2173 5243 2349 5298 ctione
2378 5260 2389 5294 :
2419 5258 2538 5313 qua:
2567 5243 2726 5297 verba
2757 5241 3028 5297 habebunt
3059 5251 3205 5311 tunc,
3238 5244 3448 5316 quando
3477 5262 3509 5302 a
3532 5251 3758 5305 veritate

2237 5397 2252 5427 ί
2279 5397 2352 5445 sic
2370 5401 2442 5442 Er.
2466 5392 2613 5454 Lugd.
2633 5399 2806 5454 Venet.
2825 5399 2936 5441 Lov.
2961 5400 3009 5442 In
3034 5399 3081 5440 Β.
3099 5393 3258 5452 deest,
3283 5401 3346 5443 et.
3445 5399 3501 5443 Μ.

2236 5458 2256 5488 ⁸
2279 5458 2350 5520 sic
2381 5453 2552 5520 plures
2569 5453 2802 5520 atss._Alii
2830 5467 2938 5504 cum
2963 5463 3063 5504 Am.
3091 5464 3143 5504 et
3166 5463 3260 5516 Er.,
3299 5455 3672 5520 labefactarerit.
3703 5463 3751 5504 Al

2172 5526 2300 5575 t.ov.,
2328 5515 2587 5579 labefactus
2610 5515 2738 5566 ierit.

2237 5581 2257 5612 ³
2281 5586 2373 5628 Eax:
2405 5577 2688 5627 necui-ret...
2712 5581 2858 5638 potes.
2883 5577 3028 5640 Lugd.
3054 5584 3245 5626 Venet.:
3277 5585 3558 5630 Recurt‘et...
3585 5583 3747 5641 potest.
3787 5586 3790 5587 '

2174 5652 2301 5692 I.ov.:
2330 5649 2593 5700 accurre...
2621 5645 2768 5700 potes.
2837 5646 2890 5686 Μ.

2239 5706 2256 5732 ³
2277 5703 2408 5760 κω..
2428 5698 2752 5750 itinerantium
2787 5706 2841 5750 At
2864 5707 2989 5763 Mss,
3014 5701 3379 5752 transeuntium.
