2037 3280
147 165 215 194 i637

146 221 338 258 despicientur.
362 220 495 248 Videbunt
520 218 591 247 enim
619 218 652 245 ad
672 217 808 246 dexteram
835 215 935 250 fulgere

146 275 214 303 quos
228 275 319 295 secum
339 266 496 294 commixtos
518 267 741 298 contempserant,
766 269 825 288 cum
840 260 936 286 factum

148 315 229 342 fuerit
244 313 270 340 in
287 313 339 340 illis
353 304 423 347 quod
438 311 503 338 dixit
518 310 668 345 Apostolus,
687 306 749 335 Cimt
763 307 876 334 Christus
889 313 936 339 ap-

150 360 261 394 paruerit
274 359 324 385 vita
336 362 425 390 vestra,
440 361 498 383 tunc
517 361 539 382 et
551 364 593 382 vos
606 363 662 381 cum
682 354 726 380 illo
748 351 898 387 opparebitis
913 351 938 376 in

149 405 230 440 gloria
243 403 349 439 (Coloss.
365 410 402 435 ιιι,
417 402 444 435 5,
459 401 506 436 4);
535 405 562 427 et
575 400 680 427 dicent:
700 398 734 424 lli
748 402 805 424 sunt
818 405 879 431 quos
892 396 940 421 ali-

149 450 251 485 quando
266 449 398 476 habuimus
411 449 435 474 in
451 448 539 478 risum,
560 451 583 473 et
601 447 627 472 in
643 444 831 472 similitudinem
845 444 940 477 impro-

151 495 222 531 perii.
235 494 290 521 Nos
301 494 420 521 insensati
427 494 500 519 vitam
507 492 607 518 illorum
616 488 938 518 wstimabamusinsaniam,

151 547 174 568 et
190 542 267 576 ﬁnem
284 541 386 567 illorum
401 541 454 566 sine
466 540 559 565 honore
574 547 581 564 :
595 536 719 573 quomodo
733 535 869 570 computati
884 538 941 560 sunt

151 587 216 614 inter
227 587 293 621 ﬁlios
306 586 361 618 Dei,
379 590 401 612 et
415 585 478 611 inter
491 588 588 612 sanctos
601 591 654 609 sors
667 582 768 608 illorum
783 586 817 607 est
830 580 841 606 ?
853 579 887 606 Et
899 586 942 605 se-

151 637 268 666 quentur
278 632 303 658 in
315 639 347 658 eo
357 638 490 663 sermone,
505 635 531 657 et
542 629 667 664 adjicient
679 637 685 654 :
702 627 770 662 Ergo
781 626 917 653 erravimus
928 633 943 650 (ι

152 678 192 704 tia
205 677 329 709 veritatis,
355 681 377 703 et
395 676 502 712 justitiaz
522 676 605 702 lumen
620 683 670 700 non
687 673 751 699 luxit
768 672 848 703 nobis,
870 675 892 698 et
906 670 944 698 sol

154 731 205 750 non
217 728 288 750 ortus
298 727 333 749 est
344 722 423 748 nobis.
441 721 509 754 Quid
520 721 589 747 nobis
605 719 699 755 profuit
712 717 847 753 superbia?
871 721 892 742 et
906 715 945 741 di-

154 770 272 796 vitiarum
282 768 388 803 jactatio
401 767 462 803 quid
476 766 579 793 contulit
593 765 662 791 nobis
678 764 756 798 (Sap.
772 771 799 795 ν,
811 761 890 797 5-8)?
908 760 945 787 Ibi

157 820 183 842 ιιι
198 823 251 842 non
265 815 304 842 eis
315 814 436 845 insultas,
453 813 511 847 quia
524 812 578 847 jam
589 811 639 846 ipsi
652 810 699 837 sibi
714 808 850 835 insultant.
869 806 946 840 Quod

156 861 243 889 donec
257 861 311 892 ﬁat,
327 859 432 892 fratres,
449 859 567 886 levemus
581 857 672 884 oculos
687 855 719 882 ad
737 862 796 882 eum
812 854 855 888 qui
870 852 946 879 habi-

153 911 194 934 tat
206 906 232 933 in
248 905 335 938 coelo;
349 910 438 932 etnon
453 903 486 930 ab
501 903 545 930 illo
562 903 684 929 tollamus
698 900 800 931 oculos,
816 898 948 933 quoadus-

157 960 210 987 que
225 952 383 979 misereatur
398 950 492 983 nostri,
515 953 541 976 ct
556 949 649 975 liberet
664 947 696 973 ab
716 945 788 973 omni
804 943 948 972 tcntatione

159 1003 187 1025 et
200 996 344 1032 opprobrio
357 1000 383 1023 et
396 995 532 1030 despectu.

194 1042 240 1070 10.
260 1042 316 1069 Huc
329 1040 431 1068 accedit
444 1039 514 1075 quod
530 1037 669 1073 aliquando
685 1041 711 1064 et
724 1036 772 1071 ipsi
788 1035 832 1071 qui
846 1038 907 1062 sunt
921 1034 946 1060 in

157 1088 266 1123 ﬂagello
275 1086 439 1114 infelicitatis
454 1084 615 1119 temporalis,
631 1082 757 1109 insultant
773 1080 859 1107 nobis.
877 1079 950 1106 luve-

160 1134 201 1160 nis
213 1133 328 1168 aliquem
345 1139 392 1166 pro
407 1130 502 1158 merito
522 1129 688 1163 iuiquitatum
704 1134 821 1159 suarum,
836 1125 891 1153 sive
904 1132 949 1151 oc-

160 1179 231 1206 culto
243 1178 343 1213 judicio
359 1177 422 1209 Dei,
444 1177 499 1203 sive
519 1174 658 1202 manifesta
674 1173 859 1205 damnatione,
883 1171 950 1198 mitti

158 1226 187 1253 in
202 1233 336 1253 carcerem
347 1246 354 1258 ,
379 1228 485 1259 portare
500 1227 619 1250 catenam
635 1231 641 1249 :
658 1226 683 1248 et
707 1222 762 1255 ipsc
784 1219 901 1247 insultat.
919 1218 953 1244 Et

160 1279 223 1299 eum
238 1271 263 1298 ei
281 1271 379 1298 dictum
396 1269 489 1301 fuerit,
505 1269 592 1302 Quare
608 1275 659 1294 non
675 1268 744 1294 bene
758 1265 867 1293 vixisti?
890 1272 952 1291 ecce

162 1317 325 1353 quo'vcnisti
348 1317 416 1344 male
430 1315 541 1342 vivendo
557 1323 562 1340 :
580 1314 623 1341 ille
638 1313 794 1348 respondet,
808 1312 895 1345 Quare
916 1311 951 1337 illi

164 1364 208 1399 qui
223 1363 292 1391 bene
307 1364 414 1394 vivunt,
438 1362 486 1388 ista
510 1361 663 1395 patiuntur?
685 1359 736 1386 Sed
760 1358 797 1384 illi
814 1362 952 1392 propterea

165 1409 308 1443 patiuntur,
322 1413 351 1434 ut
363 1407 516 1442 probentur,
530 1410 557 1433 ut
570 1404 756 1432 tentationibus
769 1406 952 1433 exerceantur,

166 1458 194 1480 ut
216 1452 327 1488 flagellis
350 1452 510 1487 proﬁciant;
536 1451 595 1485 quia
619 1449 733 1484 ﬂagellat
758 1448 827 1474 Deus
848 1454 954 1473 omnem

167 1499 248 1525 ﬁlium
262 1505 340 1533 quem
356 1497 448 1531 recipit
465 1495 555 1532 (Hebr.
572 1503 617 1527 xu,
632 1494 675 1529 6).
692 1494 758 1520 Etsi
772 1493 883 1520 Unicum
899 1492 957 1518 sine

169 1547 277 1578 peccato
288 1542 438 1578 llagellavit,
451 1546 477 1568 et
488 1549 534 1576 pro
546 1541 667 1567 omnibus
679 1539 783 1566 tradidit
795 1546 855 1565 eum
869 1537 954 1568 (Rom.

169 1598 224 1621 \‘ltl,
239 1589 308 1623 '52),
324 1588 456 1623 quomodo
469 1588 597 1614 debemus
612 1593 660 1612 nos
680 1584 805 1619 ﬂagellari
816 1605 822 1616 ,
837 1584 880 1618 qui
895 1583 957 1609 feci-

170 1643 228 1663 mus
244 1642 324 1670 quare
340 1633 522 1668 ﬁagellamur?
538 1632 602 1659 Cum
623 1632 671 1658 ista
690 1630 849 1661 dixerimus,
874 1629 909 1654 illi
932 1633 959 1653 ct

170 1681 203 1708 dc
217 1680 370 1707 infelicitate
384 1679 541 1712 superbiunt
563 1676 648 1703 adhuc
659 1697 666 1709 ,
680 1680 706 1702 et
720 1675 826 1705 alﬁicti,
842 1673 958 1700 nondmu

171 1725 310 1757 lnnniliati,
334 1723 505 1757 respondent,
528 1727 554 1749 ct
578 1722 670 1748 dicunt
694 1730 699 1746 ε
725 1720 773 1746 ista
794 1723 856 1745 sunt
878 1717 958 1744 verba

169 1771 383 1798 Christianorum
396 1775 534 1798 vanorum,
558 1767 601 1801 qui
621 1766 732 1793 credunt
752 1765 822 1799 quod
844 1772 895 1790 non
918 1763 959 1789 vi-

170 1818 244 1845 dent.
269 1816 296 1843 Si
317 1816 362 1843 et'
378 1815 427 1849 ipsi
450 1814 595 1845 insultant,
612 1812 673 1846 quid
698 1817 818 1846 putamus
831 1830 837 1842 ,
853 1810 958 1840 fratres,

169 1862 247 1897 quasi
271 1869 323 1888 non
346 1868 392 1887 eos
407 1863 629 1892 commemoratos
652 1857 677 1883 in
700 1857 750 1883 hoc
767 1857 885 1891 psalmo,
901 1863 960 1882 cum

171 1907 292 1938 diceret,
308 1905 477 1941 Opprobrium
502 1904 536 1930 eis
560 1904 600 1937 qui
625 1902 765 1931 abundant.
791 1906 813 1927 et
837 1901 961 1936 despcctio

172 1952 285 1987 superbis
301 1959 309 1978 :
324 1950 537 1986 quandoquidem
559 1949 698 1975 insultatur
712 1946 868 1973 Christianis
888 1951 915 1972 et
928 1946 961 1972 ab

172 1999 211 2026 eis
232 1998 278 2033 qui
299 2005 351 2024 non
371 1996 526 2027 abundant;
550 1994 596 2021 sed
611 1998 669 2021 c’um
686 1994 738 2020 sint
760 1994 785 2019 in
807 1997 923 2027 egestate
936 1996 963 2019 et

172 2045 311 2076 a-utmnis,
325 2051 375 2070 nec
386 2043 435 2078 ipsi
448 2046 553 2069 cessant
568 2041 716 2067 insultare?
729 2040 805 2066 Certe
820 2047 893 2073 ergo,
910 2038 964 2073 0p-

175 2090 303 2126 pvobrium
317 2090 351 2117 eis
372 2090 413 2124 qui
432 2088 561 2115 abundant
573 2096 582 2114 .'
597 2095 631 2114 an
647 2088 713 2113 forte
729 2086 816 2112 nullus
831 2085 964 2112 invenitur

174 2137 218 2172 qui
240 2136 320 2163 etiam
342 2135 442 2169 positus
462 2135 487 2161 in
502 2134 650 2161 calamitate
666 2132 796 2159 insultet?
815 2132 842 2159 Si
856 2139 907 2158 non
923 2132 963 2158 in-

175 2182 284 2209 sultavit
299 2182 383 2213 latro,
402 2180 445 2215 qui
461 2187 520 2206 cum
546 2178 672 2206 cruciﬁxo
687 2177 798 2204 Domino
820 2175 963 2203 cruciﬁxus

175 2232 233 2255 erat
246 2227 320 2262 (Luc.
333 2235 406 2258 χχιιι,
420 2226 487 2261 59)?
503 2226 572 2259 Ergo
588 2225 608 2251 si
626 2224 751 2251 insultant
762 2228 787 2251 et
800 2223 837 2250 illi
852 2224 901 2257 qui,
912 2231 963 2250 non

175 2274 321 2305 abundant,
333 2280 414 2307 quare
425 2272 541 2306 psalmus
553 2270 598 2303 ait,
610 2269 779 2305 Opprobrium
790 2269 824 2295 eis
835 2269 877 2303 qui
889 2269 966 2302 abun:

179 2321 263 2348 Alunt?
285 2320 312 2347 Si
335 2319 475 2353 diligenter
498 2317 686 2348 discutiamus,
702 2321 729 2342 et
751 2315 799 2350 ipsi
818 2315 965 2341 abundant.

179 2366 254 2394 Unde
268 2364 424 2392 abundant?
445 2363 509 2390 Nam
525 2363 574 2389 nisi
593 2362 775 2394 abundarent,
791 2361 897 2395 superbi
913 2368 965 2387 non

177 2416 278 2439 essent.
294 2411 369 2437 Alius
383 2410 453 2437 enim
474 2408 590 2435 abundat
612 2408 722 2441 pecunia
732 2428 739 2440 ,
753 2412 780 2434 et
796 2407 856 2434 inde
871 2415 969 2441 supera

180 2459 229 2486 bus
242 2462 302 2489 est;
323 2457 389 2483 alius
403 2455 519 2482 abundat
539 2454 683 2480 honoribus
694 2475 701 2485 ,
718 2458 744 2480 ct
760 2453 820 2480 inde
837 2453 967 2489 superbus

179 2509 241 2536 cst;
261 2502 329 2530 alius
343 2501 477 2529 abundare
492 2507 521 2526 se
539 2499 638 2534 justitia
656 2503 738 2533 putat,
755 2503 780 2525 et
795 2498 855 2525 inde
869 2506 967 2533 supcr-

180 2550 227 2582 btt,
242 2551 312 2584 quod
327 2542 463 2583 pejus'est.
479 2547 529 2579 Qui
543 2546 665 2573 videntur
678 2554 729 2572 non
741 2544 876 2572 abundare
889 2552 968 2579 pecu-

183 2595 234 2626 nia,
253 2593 354 2629 justitia
368 2592 417 2620 sibi
430 2592 553 2619 videntur
566 2591 699 2618 abundare
718 2590 847 2617 adversus
863 2591 966 2623 Deum;

178 2645 206 2667 et
222 2638 301 2674 positi
317 2638 342 2664 in
357 2637 550 2664 calamitatibus
564 2644 593 2663 se
610 2636 755 2671 justiﬁeant
766 2656 773 2666 ,
790 2636 872 2662 Deum
888 2643 968 2662 accu-

179 2690 255 2717 sant,
271 2688 299 2711 et
312 2683 403 2710 dicunt
417 2691 426 2723 2.
438 2682 506 2715 Quid
527 2683 639 2714 admisi,
654 2687 699 2709 aut
720 2682 782 2717 quid
798 2681 868 2709 feci?
893 2682 927 2708 I'Lt
942 2686 969 2709 tu

180 2729 248 2756 dicis
261 2738 267 2755 ε
280 2728 403 2763 Respice,
415 2728 557 2755 recordare
571 2732 677 2762 peccata
692 2733 746 2760 tua,
758 2727 779 2754 si
795 2727 858 2754 nihil
874 2728 968 2755 fecisti.

181 2773 317 2800 Titillatur
338 2773 501 2807 aliquantum
524 2772 683 2798 conscientia
695 2793 701 2803 ,
718 2777 744 2799 et
757 2772 825 2799 redit
838 2772 870 2799 ad
884 2780 930 2806 se,
945 2777 971 2800 et

182 2819 283 2853 cogitat
297 2817 424 2845 facta'sua
445 2817 531 2849 mala;
554 2821 580 2844 et
594 2824 655 2844 cum
670 2817 825 2852 cogitaverit
841 2818 907 2845 facta
924 2826 969 2845 sua

216 2875 225 2889 ι
238 2873 358 2904 ELLugd.
372 2876 429 2898 ven.
440 2876 465 2899 ct
475 2877 539 2903 t.ov.,
551 2872 592 2897 sed
602 2875 632 2897 ct.
664 2909 666 2911 γ
681 2876 708 2897 ιι.

677 158 873 189 ENABRATIO
892 157 925 186 ΙΝ
944 155 1105 185 PSALMUM
1123 155 1228 186 CXXII.

990 212 1059 240 mala
1069 234 1078 248 ,
1091 220 1142 241 nec
1156 214 1195 241 sic
1210 213 1265 241 vult
1284 213 1405 241 conﬁteri
1423 214 1485 249 quia
1504 214 1582 249 digna
1597 215 1695 250 patitur
1708 224 1715 243 :
1729 216 1775 244 se!

990 259 1071 293 dicit,
1085 260 1155 287 Ecce
1169 260 1309 288 manifeste
1330 260 1381 288 feci
1401 260 1504 294 multa;
1525 260 1572 288 sed
1589 261 1688 289 multos
1701 261 1769 290 videt

992 304 1082 340 pejora
1097 305 1208 338 fecisse,
1221 310 1249 332 et
1269 305 1335 333 nihil
1355 306 1416 333 mali
1435 306 1500 340 pati.
1515 305 1606 333 Justus
1624 310 1666 334 est
1685 312 1770 334 contra

992 351 1085 378 Deum.
1103 351 1226 379 Abundat
1247 359 1310 387 ergo
1333 356 1360 379 et
1381 352 1454 386 ipse,
1470 353 1576 387 plenum
1592 352 1672 380 habet
1686 357 1770 388 peclnt

990 396 1111 431 justitia;
1126 397 1339 432 quandoquidem
1356 397 1394 425 illi
1408 398 1477 425 Deus
1490 398 1595 425 videtur
1611 399 1777 433 malefacerc,

993 446 1021 468 et
1032 442 1087 476 ipse
1101 442 1152 470 sibi
1166 443 1268 470 videtur
1283 443 1380 478 injuste
1392 444 1455 478 pati.
1471 444 1534 471 Etsi
1547 444 1625 472 dares
1639 445 1676 472 illi
1691 446 1776 472 navi‘n':

993 487 1203 522 gubernandam,
1220 488 1247 516 in
1259 488 1424 524 naufragium
1440 488 1490 516 iret
1507 496 1567 516 cum
1583 489 1627 516 illa
1642 498 1649 516 :
1665 490 1721 516 vult
1733 488 1782 516 an;

996 537 1047 559 tem
1063 531 1146 560 Deum
1160 538 1285 561 excutere
1298 533 1332 561 de
1342 534 1535 569 gubernatione
1548 534 1627 569 hujus
1641 535 1741 567 mundi,
1751 540 1784 562 “et

995 577 1052 612 ipse
1078 582 1169 605 tenere
1194 578 1371 613 gubernacula
1395 584 1546 613 creaturae,
1572 584 1598 607 et
1621 580 1783 607 distribuere

995 622 1118 650 omnibt-
1130 623 1237 651 dolores
1247 628 1275 651 et
1286 624 1401 657 ltetitias,
1416 632 1510 659 pinnas
1520 630 1547 652 et
1558 625 1675 659 praimia.
1691 625 1784 652 infelix

996 668 1102 696 anima!
1123 673 1150 696 et
1169 669 1232 703 quid
1260 670 1393 702 miramini
1405 670 1564 698 ‘iabundat
1576 692 1584 704 ,
1596 671 1643 698 sed
1667 671 1785 699 abundat

998 715 1126 749 nequitia,
1141 715 1257 743 abundat
1270 716 1368 743 malitia
1381 725 1388 749 ;
1403 721 1431 744 et
1444 724 1477 745 eo
1492 718 1550 752 plus
1562 717 1679 746 abundat
1693 719 1786 753 nequi-

999 761 1045 794 tia,
1059 769 1111 796 quo
1124 761 1174 789 sibi
1189 761 1296 789 videtur
1310 762 1445 790 abundare
1462 762 1574 798 justitia.

1034 808 1047 835 l
1056 808 1080 834 l.
1094 808 1128 835 At
1142 815 1206 836 vero
1217 808 1379 836 cbristianus
1391 810 1471 837 homo
1484 817 1536 837 non
1550 811 1630 838 debet
1640 811 1785 845 abundare,

999 853 1045 880 sed
1059 861 1201 889 pauperem
1216 861 1246 882 se
1260 854 1341 882 debet
1352 862 1515 890 cognoscere
1527 864 1535 888 ;
1548 861 1576 884 et
1589 857 1613 884 si
1629 857 1708 884 habet
1719 858 1788 885 divi-

1001 898 1050 925 tias
1060 920 1068 932 ,
1082 899 1151 926 scire
1166 899 1246 927 debet
1260 900 1320 935 quia
1336 908 1390 927 non
1405 905 1468 929 sunt
1481 901 1534 928 illae
1550 909 1619 929 verae
1631 902 1745 937 divitiae,
1760 907 1790 930 ut

1001 945 1066 973 alias
1088 945 1232 973 desideret.
1248 946 1299 980 Qui
1321 947 1392 974 enim
1417 947 1521 975 divitias
1542 948 1622 975 falsas
1645 949 1789 983 desiderat,

1001 999 1078 1019 veras
1100 1000 1153 1020 non
1177 993 1272 1027 quaerit
1286 1002 1293 1020 :
1307 993 1351 1028 qui
1367 999 1455 1021 autem
1468 1002 1546 1022 veras
1565 995 1661 1030 quaerit
1672 1015 1680 1029 ,
1705 995 1792 1023 adhuc

1002 1045 1101 1072 pauper
1116 1043 1175 1069 est;
1197 1043 1224 1065 et
1237 1043 1311 1066 recte
1322 1038 1405 1072 dicit,
1421 1039 1525 1074 Pauper
1537 1045 1561 1067 et
1575 1041 1663 1067 dolens
1677 1048 1721 1076 ego
1736 1049 1793 1067 sum

1005 1082 1096 1118 (Psat.
1108 1091 1206 1117 vant,
1220 1083 1254 1111 30
1266 1084 1286 1119 ).
1301 1084 1404 1112 Rursus
1419 1085 1462 1112 ille
1475 1085 1521 1119 qui
1535 1089 1562 1112 et
1576 1093 1678 1120 pauper
1691 1091 1732 1114 est
1742 1107 1748 1116 .
1765 1091 1792 1114 et

1004 1128 1120 1163 nequitia
1143 1129 1237 1163 plenus
1260 1134 1318 1163 est,
1339 1130 1408 1157 unde
1430 1130 1527 1158 dicitur
1548 1131 1705 1159 abundare?
1727 1132 1792 1165 Quia

1005 1174 1128 1209 displicet
1142 1175 1181 1202 illi
1201 1176 1262 1211 quia
1280 1183 1379 1211 pauper
1392 1181 1450 1209 est,
1466 1181 1492 1205 et
1504 1178 1605 1211 justitia
1622 1178 1676 1212 ipsa
1689 1178 1794 1205 videtur

1005 1221 1141 1248 abundare
1163 1221 1189 1248 in
1209 1221 1291 1248 corde
1313 1229 1362 1249 suo
1375 1222 1515 1249 adversum
1534 1222 1663 1257 justitiam
1678 1223 1735 1250 Dei.
1761 1223 1793 1250 Et

1005 1273 1064 1299 quae
1077 1265 1238 1293 abundantia
1251 1266 1360 1301 iustitia:
1373 1271 1472 1294 nostrae
1482 1267 1495 1294 ?
1513 1267 1732 1304 Quantacumque
1751 1269 1795 1303 ju-

1006 1311 1077 1337 stitia
1094 1311 1119 1338 in
1143 1311 1219 1339 nobis
1241 1311 1332 1345 fuerit,
1348 1319 1395 1339 ros
1416 1317 1457 1339 est
1478 1313 1568 1340 nescio
1589 1314 1649 1348 quis
1667 1313 1700 1340 ad
1723 1314 1796 1341 illum

1008 1356 1105 1388 fontem
1118 1364 1126 1389 ;
1140 1357 1173 1384 ad
1188 1357 1306 1392 saginam
1320 1357 1391 1384 illam
1407 1362 1506 1385 tantam
1525 1357 1659 1386 stillicidia
1671 1360 1794 1394 quaedam

1008 1407 1079 1434 sunt,
1096 1410 1155 1437 quae
1168 1403 1248 1430 vitam
1262 1407 1380 1430 nostram
1396 1403 1534 1436 molliant,
1548 1408 1574 1431 et
1587 1404 1680 1431 duram
1700 1405 1797 1439 iniqui-

1008 1452 1089 1476 tatem
1113 1449 1228 1476 solvant.
1254 1449 1333 1477 Modo
1357 1449 1540 1478 desideremus
1566 1451 1600 1478 de
1624 1452 1702 1486 pleno
1725 1451 1799 1480 fonte

1005 1495 1118 1530 justitite
1136 1495 1269 1530 saginari,
1285 1496 1471 1524 desideremus
1491 1497 1613 1525 ubertate
1634 1497 1677 1524 illa
1698 1499 1798 1530 satiari,

1010 1540 1042 1568 de
1059 1547 1111 1575 qua
1131 1541 1228 1568 dicitur
1249 1541 1275 1568 in
1297 1541 1400 1575 psalmo
1417 1550 1423 1568 :
1439 1541 1634 1569 Inebriabuntur
1648 1543 1678 1569 ab
1691 1543 1802 1570 ubertate

1011 1585 1100 1612 donius
1113 1589 1171 1617 tute,
1187 1591 1209 1612 et
1223 1590 1332 1613 torrente
1343 1586 1480 1622 voluptatis
1493 1592 1543 1614 tuae
1552 1587 1649 1621 potabis
1662 1597 1703 1616 eos
1715 1589 1800 1625 (Psal.

1012 1640 1092 1663 xxxv.
1109 1631 1153 1666 9).
1170 1632 1218 1659 Hic
1237 1637 1325 1659 autem
1348 1640 1409 1660 cum
1432 1641 1543 1667 sumus,
1559 1635 1651 1669 inopes
1671 1643 1720 1663 nos
1742 1643 1800 1663 esse

1012 1678 1188 1713 intelligamus
1201 1682 1229 1705 et
1242 1683 1361 1713 egentes,
1376 1687 1428 1706 non
1441 1680 1528 1707 solum
1544 1680 1637 1707 harum
1650 1681 1800 1708 divitiarum

1012 1732 1071 1759 quae
1083 1731 1136 1751 non
1151 1729 1213 1752 sunt
1226 1732 1296 1752 vera:
1311 1724 1421 1758 divitiae,
1436 1725 1483 1753 sed
1502 1730 1529 1753 et
1551 1726 1634 1760 ipsius
1654 1727 1756 1754 salutis.
1771 1728 1803 1755 lit

1013 1769 1119 1804 quando
1141 1771 1198 1797 sani
1221 1777 1324 1802 sumus,
1347 1770 1524 1805 intelligamus
1543 1772 1605 1806 quia
1627 1772 1803 1800 inﬁrmamur.

1013 1815 1143 1850 Quamdiu
1158 1816 1229 1843 enim
1249 1823 1347 1851 corpus
1369 1816 1420 1844 hoc
1439 1816 1522 1844 esurit
1544 1822 1572 1845 et
1593 1817 1657 1850 sitit,
1679 1819 1804 1852 quamdiu

1015 1861 1066 1890 hoc
1076 1869 1176 1896 corpus
1188 1861 1323 1896 vigilando
1338 1861 1474 1896 fatigatur,
1488 1862 1583 1890 stando
1597 1862 1734 1898 fatigatur,
1750 1871 1804 1890 am-

1015 1908 1133 1935 bulando
1155 1907 1291 1942 fatigatur,
1315 1907 1433 1935 sedendo
1457 1908 1598 1943 fatigatur,
1621 1902 1805 1937 manducando

1016 1953 1158 1988 fatigatur;
1178 1960 1347 1988 quocumque
1367 1960 1396 1981 se
1411 1954 1521 1980 verterit
1534 1953 1567 1980 ad
1582 1953 1727 1981 subsidium
1744 1955 1803 1982 fati-

1015 1998 1140 2033 gationis,
1155 1998 1191 2025 ibi
1205 1998 1306 2025 invenit
1318 1998 1396 2025 aliam
1408 1997 1589 2033 fatigationem
1605 2007 1612 2025 :
1626 2007 1677 2026 non
1690 2003 1806 2035 estergo

1017 2043 1133 2078 perfecta
1147 2043 1248 2070 sanitas
1259 2064 1266 2075 ,
1281 2050 1330 2070 nec
1344 2043 1370 2069 in
1390 2043 1449 2077 ipso
1463 2050 1584 2078 corpore.
1598 2043 1656 2070 Non
1670 2049 1731 2071 sunt
1743 2052 1807 2080 ergo

1018 2090 1071 2117 ille
1096 2089 1215 2123 divitias,
1240 2089 1287 2116 sed
1312 2089 1491 2121 mendicitas;
1516 2089 1577 2125 quia
1598 2095 1698 2125 quanto
1723 2093 1808 2127 magis

1018 2136 1162 2168 abundant,
1188 2139 1263 2162 tanto
1285 2136 1381 2163 crescit
1403 2135 1491 2170 inopia
1512 2140 1538 2163 et
1559 2136 1679 2163 avaritia.
1695 2136 1751 2164 Non
1767 2144 1808 2166 est

1019 2182 1067 2209 ista
1088 2181 1159 2208 salus
1173 2181 1303 2215 corporis,
1326 2180 1373 2207 sed
1394 2180 1543 2208 inﬁrmitas.
1568 2171 1807 2217 Paregorizamuri

1019 2227 1136 2262 quotidie
1163 2226 1365 2253 medicamentis
1389 2225 1455 2258 Dei,
1479 2226 1541 2261 quia
1566 2226 1757 2259 manducamus
1781 2233 1809 2255 et

1020 2273 1135 2301 bibimus
1149 2281 1155 2299 :
1172 2272 1365 2300 medicamenta
1388 2272 1443 2306 ipsa
1458 2277 1530 2305 sunt,
1554 2279 1614 2307 qua:
1633 2272 1711 2300 nobis
1726 2281 1809 2308 appo-

1020 2324 1128 2347 nuntur.
1144 2319 1263 2352 Fratres,
1284 2318 1307 2345 si
1322 2318 1401 2346 vultis
1415 2317 1505 2345 videre
1525 2317 1613 2353 qualis
1631 2319 1739 2347 morbus
1760 2327 1810 2347 nos

1021 2366 1132 2398 habeat;
1146 2365 1190 2400 qui
1201 2365 1303 2399 jejunat
1317 2368 1419 2398 septem
1432 2363 1536 2396 diebus,
1550 2363 1621 2392 fame
1632 2365 1808 2392 consumitur.

1022 2412 1091 2447 Ergo
1105 2411 1148 2438 illa
1164 2410 1247 2437 fames
1263 2409 1300 2438 ibi
1321 2413 1381 2442 est;
1405 2409 1451 2437 sed
1476 2409 1536 2436 ideo
1556 2409 1627 2436 illam
1649 2417 1701 2437 non
1714 2410 1809 2443 sentis,

1022 2458 1082 2492 quia
1105 2456 1224 2491 quotidie
1247 2455 1320 2482 illam
1345 2462 1423 2482 curas
1442 2463 1449 2481 :
1469 2462 1533 2490 ergo
1555 2463 1606 2483 nec
1628 2455 1685 2490 ipsa
1709 2455 1810 2484 sanitas

1021 2505 1098 2532 nobis
1110 2507 1151 2530 est
1163 2502 1289 2537 perfecta.
1456 2518 1460 2521 ι

1058 2550 1102 2577 12.
1124 2547 1246 2576 lntendat
1259 2547 1381 2574 Charitas
1395 2551 1482 2574 vestra
1495 2545 1628 2582 quomodo
1644 2553 1694 2574 nos
1713 2546 1811 2574 intelli-

1054 2627 1062 2642 '
1075 2629 1112 2650 Er.
1119 2624 1193 2656 Lugd.
1204 2628 1262 2648 ven.
1271 2627 1296 2648 et.
1305 2627 1373 2652 t.ov_.:
1382 2626 1410 2649 Et
1417 2622 1476 2655 quid
1485 2620 1625 2647 miramini?
1634 2620 1722 2653 Malia:
1730 2620 1811 2648 mima

1023 2657 1137 2685 abundat,
1149 2656 1200 2684 sed,
1211 2659 1257 2679 etc.
1307 2658 1335 2678 Μ.

1055 2689 1065 2704 ³
1076 2682 1147 2718 ωας,
1168 2682 1374 2718 paragorizanmr.
1390 2688 1444 2718 Mss.
1461 2684 1564 2718 plures,
1587 2682 1786 2718 panegorizanmr
1800 2690 1810 2709 :

1024 2719 1064 2744 alii
1073 2714 1344 2772 νει-οξρὲιτῖθόιὶιαιιιιιν
1358 2722 1367 2740 ;
1379 2715 1408 2739 ad
1417 2715 1482 2747 quod
1494 2715 1596 2739 verbum
1607 2715 1631 2738 in
1639 2714 1811 2750 Christinaaano

1025 2754 1064 2772 ιτς
1078 2750 1180 2772 additur.
1227 2750 1263 2772 est
1280 2746 1421 2771 mulcentur.
1440 2750 1530 2772 nempe
1548 2751 1562 2769 a
1579 2744 1733 2772 paréaorem.
1747 2745 1811 2772 quod

1025 2743 1064 2775 ius.
1078 2743 1180 2781 additur,
1192 2743 1219 2781 iri
1227 2750 1263 2781 est
1280 2743 1530 2781 mulcentuginempe
1548 2743 1811 2781 a‘parégorein,‘qnod

1025 2771 1215 2811 EQEMM,’
1223 2771 1346 2803 duxerunt
1353 2777 1449 2806 medici,
1460 2771 1701 2811 pafegot-iiare,"pro,
1714 2771 1811 2811 virtt'iga-
1822 2782 1825 2787 ν
1864 2771 1867 2773 ’

1026 2807 1144 2840 γε,’1ι·ιιὶνε
1156 2813 1177 2835 et
1189 2807 1329 2839 temperare.
1341 2812 1417 2840 Anon)
1422 2807 1475 2831 mus
1483 2807 1592 2840 medicus
1599 2814 1613 2831 a
1623 2810 1648 2831 V.
1656 2810 1681 2830 (ἰ.
1689 2807 1776 2837 (langio
1786 2807 1811 2831 in

1026 2838 1141 2867 elimat-io
1148 2838 1253 2868 relatus,
1269 2848 1280 2862 ι
1289 2839 1438 2869 Paregoriea,
1448 2846 1459 2860 ιι
1471 2838 1513 2866 ait,
1526 2847 1536 2860 ι
1547 2842 1610 2868 sunt,
1624 2844 1679 2869 qnze
1687 2844 1811 2869 part-gort-

1028 2884 1045 2906 γι
1055 2877 1107 2897 unt
1120 2879 1151 2897 ne
1163 2870 1249 2896 malum
1257 2874 1358 2900 etest-at,
1372 2876 1419 2894 non
1429 2872 1521 2898 satiant.
1535 2877 1561 2893 ι..
1594 2890 1597 2893 .
1697 2884 1700 2889 ν
