4078 6482
526 240 529 243 Ι
573 279 710 343 1659

563 417 751 474 gamus
792 402 1011 469 inopes,
1044 405 1103 452 ut
1146 392 1576 466 gaudeamusvad
1622 406 1774 458 eum,
1813 399 1867 447 et
1898 392 2133 446 levemus

567 493 754 549 oculos
785 491 850 546 ad
893 505 1014 545 eum
1060 489 1149 557 qui
1196 486 1396 541 habitat
1426 485 1477 538 in
1507 483 1664 539 coelo.
1708 481 1824 537 Non
1864 490 1988 536 sunt
2028 479 2136 535 illa:

565 602 704 641 verae
732 584 966 649 divitiae;
1009 582 1124 651 plus
1167 588 1359 648 augent
1401 576 1743 645 cupiditatem
1785 574 1864 628 eis
1906 574 1995 644 qui
2043 587 2137 629 eas

563 679 859 750 possident.
902 676 1015 730 Non
1057 683 1141 728 est
1168 673 1253 728 illa
1286 686 1406 726 vera
1454 670 1696 739 corporis
1733 669 1968 734 sanitas;
2014 666 2135 736 quia

566 779 809 843 portatur
838 766 1116 821 inﬁrmitas
1157 765 1349 834 ubique
1384 762 1643 817 defectiva
1675 781 1688 816 :
1716 774 2049 831 quocumque
2077 773 2137 814 se

564 860 803 925 verterit,
848 857 1050 911 deﬁcit.
1098 855 1153 909 In
1186 856 1300 924 ipso
1330 853 1592 923 adjutorio
1628 868 1730 905 non
1766 850 2005 905 invenies
2048 849 2136 902 ﬁr-

564 961 895 1003 mamentum
925 964 937 999 :
969 946 1196 1000 lassatur
1223 945 1453 1019 stando;
1488 943 1676 997 sedere
1707 941 1851 1005 vult;
1882 937 2135 1010 numquid

570 1042 652 1096 vel
684 1039 922 1097 sedendo
941 1037 1195 1092 durabit?
1222 1036 1372 1102 Quod
1400 1036 1497 1090 sibi
1535 1035 1695 1104 elegit
1732 1042 1787 1087 ut
1817 1048 1921 1086 non
1952 1031 2139 1100 fatiga-

563 1143 738 1195 retur,
785 1131 856 1185 ibi
910 1130 1071 1186 habet
1115 1128 1365 1183 deﬁcere.
1420 1127 1672 1181 Lassatus
1721 1133 1804 1179 est
1847 1122 2129 1193 vigilando,

560 1224 890 1279 dormiturus
916 1230 995 1275 est
1024 1238 1039 1273 :
1070 1218 1320 1289 numquid
1342 1218 1461 1288 quia
1486 1215 1757 1280 dormivit,
1787 1230 1892 1269 non
1919 1214 2134 1269 deﬁcit?

564 1316 814 1370 Lassatus
843 1323 923 1368 est
946 1313 1243 1381 jujnnando
1264 1355 1277 1374 ,
1308 1310 1604 1365 refecturus
1628 1317 1709 1362 est
1738 1324 1752 1360 :
1782 1307 1827 1360 si
1858 1305 1974 1375 plus
2001 1304 2137 1359 refe-

560 1408 715 1471 Cerit,
747 1407 870 1461 inde
893 1405 1091 1459 drﬁcit.
1125 1406 1178 1459 ln
1210 1404 1349 1457 nulla
1380 1418 1439 1457 re
1467 1410 1641 1472 potest
1671 1412 2010 1468 perseverare
2039 1399 2135 1451 ista

565 1496 867 1550 inﬁrmitas.
912 1496 1120 1551 Justitia
1169 1495 1340 1564 quid?
1383 1494 1586 1560 Quanta
1628 1490 1832 1562 iustitia
1876 1498 1959 1545 est
2000 1491 2138 1544 inter

566 1596 739 1641 tantas
769 1587 1129 1641 tentationes?
1168 1587 1456 1640 Possumus
1493 1583 1768 1638 continere
1810 1581 1878 1636 ab
1917 1580 2139 1635 homici-

560 1678 683 1741 dio,
714 1679 781 1733 ab
806 1678 1068 1733 adulterio
1094 1719 1109 1742 ,
1135 1693 1164 1732 a
1193 1676 1343 1730 furtis
1362 1717 1377 1740 ,
1404 1691 1432 1729 a
1462 1675 1707 1744 perjnriis
1726 1716 1739 1739 ,
1768 1689 1799 1728 a
1825 1672 2096 1727 fraudibus
2121 1689 2135 1726 :

561 1769 815 1838 numquid
859 1770 927 1824 ab
971 1768 1164 1837 iniquis
1218 1764 1669 1837 cogitationibus?
1716 1761 1971 1833 numquid
2011 1770 2066 1818 et
2106 1777 2135 1816 a

559 1861 989 1931 suggestionibus
1029 1860 1283 1914 malarum
1315 1857 1708 1928 cupiditatum?
1745 1857 1875 1922 Qua:
1900 1865 1983 1911 est
2008 1870 2139 1926 ergo

555 1951 759 2023 justitia
791 1951 1013 2006 nostra?
1052 1950 1239 2005 Totum
1267 1964 1393 2020 ergo
1416 1949 1746 2013 esuriamus,
1778 1954 1944 2001 totum
1983 1946 2136 2001 sitia-

560 2057 701 2109 mus,
732 2050 787 2097 et
816 2058 967 2097 veras
989 2042 1230 2107 divitias,
1258 2051 1310 2097 et
1336 2056 1512 2096 veram
1540 2040 1851 2105 sanitatem,
1879 2046 1933 2093 et
1954 2053 2133 2094 veram

556 2130 840 2200 justitiam.
872 2130 1000 2199 Qua:
1029 2142 1154 2185 sunt
1174 2144 1313 2186 vera:
1335 2130 1572 2185 divitiae?
1601 2128 1846 2184 Caelestis
1867 2129 1954 2183 Illa
1984 2144 2139 2184 man-

559 2224 640 2275 sio
686 2222 739 2276 in
782 2220 1097 2278 Jerusalem.
1147 2222 1274 2288 Quis
1320 2222 1461 2276 enim
1508 2220 1701 2275 dicitur
1742 2220 1894 2275 dives
1938 2221 1991 2274 in
2034 2218 2136 2275 hac

557 2310 743 2365 terra?
782 2310 1002 2377 Quando
1032 2310 1279 2366 laudatur
1303 2311 1474 2375 dives,
1501 2311 1626 2380 quid
1648 2311 1879 2365 dicitur?
1916 2311 2134 2366 Multum

560 2400 711 2456 dives
734 2409 852 2464 est;
898 2401 1031 2456 nihil
1075 2401 1147 2456 illi
1191 2402 1359 2457 deest.
1392 2402 1530 2461 Laus
1556 2414 1698 2457 certa
1744 2403 2005 2456 laudantis
2045 2402 2135 2456 illa

559 2502 682 2548 est:
712 2507 830 2546 nam
870 2494 966 2546 ista
1007 2508 1112 2546 nou
1156 2501 1258 2557 est,
1298 2506 1419 2547 cum
1458 2491 1668 2559 dicitur,
1691 2490 1830 2545 Nihil
1860 2490 1937 2544 illi
1962 2490 2134 2545 deest.

558 2582 788 2638 Attende
814 2582 857 2636 si
892 2582 1020 2637 nihil
1046 2583 1216 2638 deest.
1243 2581 1297 2637 Si
1327 2582 1452 2636 nihil
1482 2584 1644 2651 cupit,
1678 2582 1808 2637 nihil
1840 2582 1913 2635 illi
1943 2581 2133 2636 deest:

558 2674 604 2731 si
645 2684 819 2729 autem
846 2674 1021 2729 adhuc
1056 2675 1202 2743 cupit
1230 2674 1450 2744 majora,
1493 2687 1650 2743 quam
1681 2686 1800 2741 quae
1840 2670 2017 2735 habet,
2062 2668 2129 2724 ad

558 2765 660 2820 hoc
684 2776 1024 2821 accesserunt
1047 2764 1278 2829 divitiae,
1307 2772 1363 2817 ut
1396 2775 1605 2833 egestas
1642 2770 1927 2817 cresceret.
1960 2762 2014 2815 lu
2045 2762 2132 2815 illa

560 2870 689 2911 vero
712 2856 922 2910 civitate
956 2871 1094 2910 vera:
1121 2866 1278 2911 erunt
1306 2856 1535 2921 divitia},
1565 2855 1687 2925 quia
1714 2855 1785 2909 ibi
1823 2854 1954 2908 nihil
1980 2854 2135 2910 nobis

568 2946 769 3011 ieerit;
803 2946 924 3017 quia
954 2961 1053 3001 nec
1079 2945 1432 3016 indigebimus
1458 2945 1633 3014 aliqua
1656 2960 1735 3011 re,
1767 2952 1822 2998 et
1839 2958 1966 2999 vera
1992 2944 2136 2999 sani—

561 3045 642 3090 tas
671 3036 791 3090 erit.
821 3035 949 3102 Qure
978 3044 1059 3089 est
1095 3050 1220 3090 vera
1250 3035 1492 3090 sanitas?
1530 3034 1663 3089 Cum
1694 3035 1942 3103 absorpta
1981 3033 2135 3088 fuerit

562 3140 707 3181 mors
731 3126 784 3181 in
811 3126 1108 3193 victoriam,
1153 3135 1207 3182 et
1238 3141 1359 3181 cum
1398 3126 1742 3196 eorruptibile
1777 3124 1878 3181 hoc
1904 3125 2134 3181 induerit

558 3214 1031 3285 incorruptionem,
1060 3224 1114 3271 et
1153 3215 1375 3270 mortale
1402 3214 1503 3271 hoc
1540 3214 1771 3270 induerit
1810 3215 2130 3269 immortali-

557 3312 717 3361 tatem
758 3304 958 3377 (lCor.
986 3321 1083 3372 xv,
1112 3307 1215 3371 53,
1247 3305 1393 3375 54);
1438 3314 1563 3361 tunc
1600 3306 1703 3361 erit
1744 3320 1869 3361 vera
1909 3306 2129 3370 sanitas,

556 3403 680 3449 tunc
718 3395 817 3449 erit
857 3410 980 3449 vera
1018 3404 1072 3449 et
1112 3393 1342 3464 perfecta
1367 3395 1590 3464 justitia,
1617 3404 1670 3449 ut
1700 3395 1832 3450 nihil
1858 3396 1983 3449 mali
2024 3410 2131 3450 non

555 3485 725 3539 solum
752 3486 943 3549 facere,
972 3485 1062 3539 sed
1090 3499 1188 3539 nec
1208 3484 1443 3554 cogitare
1465 3484 1749 3553 possimus.
1772 3483 1928 3538 Modo
1951 3492 2132 3539 autem

556 3575 762 3644 inopes,
791 3587 1069 3643 pauperes,
1097 3583 1344 3642 egentes,
1370 3572 1614 3627 dolentes
1652 3574 2013 3642 suspiramus,
2034 3589 2130 3645 ge-

557 3663 768 3728 mimus,
797 3677 1032 3729 oramus,
1056 3661 1295 3718 levamus
1333 3662 1515 3718 oculos
1552 3662 1618 3716 ad
1646 3663 1808 3717 Deum
1840 3680 1852 3718 :
1879 3664 2130 3733 quoniam

555 3761 609 3807 et
636 3752 706 3806 illi
733 3753 821 3822 qui
851 3752 1030 3807 felices
1057 3760 1182 3807 sunt
1215 3752 1268 3808 in
1305 3752 1406 3807 hoc
1432 3752 1649 3819 mundo,
1674 3752 1972 3821 despiciunt
1993 3769 2089 3809 nos
2113 3773 2128 3821 ;

552 3843 822 3897 abundant
857 3843 999 3897 enim
1029 3852 1122 3898 :et
1158 3843 1233 3897 illi
1259 3842 1348 3913 qui
1376 3843 1613 3898 infelices
1649 3852 1772 3898 sunt
1806 3844 1859 3899 in
1897 3845 1997 3900 hoc
2022 3861 2129 3900 s.eo

551 3933 694 4000 culo,
736 3932 1069 4004 despiciunt;
1109 3934 1230 4005 quia
1270 3942 1327 3988 et
1368 3933 1468 4002 ipsi
1502 3933 1797 3999 abundant,
1837 3945 1892 3989 et
1922 3934 2128 4004 justitia

553 4032 637 4077 cst
663 4023 713 4076 in
735 4024 893 4077 corde
924 4022 1182 4094 ipsorum,
1210 4022 1302 4078 sed
1333 4021 1483 4078 falsa.
1517 4021 1640 4077 Ideo
1675 4039 1780 4078 non
1817 4024 2130 4093 perveniunt

552 4114 620 4168 ad
648 4130 847 4178 veram,
875 4116 996 4184 quia
1034 4115 1220 4185 repleti
1260 4123 1384 4169 sunt
1424 4114 1573 4169 falsa.
1605 4113 1683 4169 Tu
1708 4123 1884 4169 autem
1916 4125 1970 4169 ut
2006 4131 2127 4185 per-

552 4206 739 4260 venias
760 4206 824 4260 ad
850 4223 1051 4272 veram,
1076 4215 1191 4261 esto
1212 4220 1373 4278 egens
1399 4215 1453 4262 et
1480 4205 1755 4261 mendicus
1781 4204 1945 4275 ipsius
1968 4205 2127 4276 justi-

557 4297 643 4351 tize
667 4313 680 4362 ;
716 4307 769 4351 et
791 4297 913 4351 audi
940 4298 1283 4368 Evangelium
1311 4316 1324 4352 2
1358 4297 1499 4351 Beati
1527 4299 1610 4365 qui
1636 4299 1857 4352 esuriant
1884 4307 1929 4349 et
1955 4298 2128 4351 sitiunt

548 4389 817 4457 justitiam,
846 4390 1081 4458 quoniam
1111 4390 1209 4457 ipsi
1237 4390 1593 4442 saturabtmtur
1618 4387 1830 4458 (Matth.
1856 4404 1907 4454 v,
1937 4388 2017 4458 6).

934 4597 1015 4658 ΙΝ
1059 4596 1436 4657 PSALMUM
1478 4596 1741 4656 CXXIII

1129 4693 1545 4749 ENARRATIO.

1072 4801 1242 4841 SERIO
1272 4801 1334 4839 AD
1357 4799 1613 4841 POPULUI.

620 4883 672 4938 1.
705 4880 867 4954 [verm
895 4878 1038 4952 l-5.]
1068 4879 1209 4932 Bene
1232 4878 1339 4946 jam
1371 4878 1558 4939 nostis,
1584 4877 1772 4932 fratres
1797 4877 2116 4945 charissimi,

548 4974 816 5030 canticum
839 4970 1094 5042 graduum
1124 4984 1241 5022 esse
1262 4968 1523 5021 canticum
1550 4967 1876 5022 ascensionis
1901 4977 2116 5033 nostraz,

542 5065 894 5133 eamdemque
931 5062 1294 5117 ascensionem
1327 5076 1430 5113 non
1461 5059 1702 5128 corporis
1730 5058 1950 5128 pedibus
1979 5057 2113 5125 ﬁeri,

542 5158 639 5213 sed
678 5156 859 5212 cordis
899 5154 1195 5209 affectibus.
1245 5152 1356 5207 Hoc
1399 5152 1691 5220 saapissime
1734 5150 2115 5206 lnsinnavimus

542 5250 731 5312 vobis;
781 5264 879 5303 nec
926 5247 1109 5300 eadem
1160 5246 1355 5314 saepius
1401 5242 1684 5311 repetenda
1733 5252 1893 5305 sunt,
1944 5250 2002 5295 ut
2047 5242 2115 5306 sit

541 5340 691 5396 locus
719 5338 931 5394 dicendi
974 5354 1091 5406 qua:
1129 5336 1360 5390 nondum
1400 5334 1539 5388 dicta
1582 5342 1721 5386 sunt.
1766 5333 1829 5385 Et
1861 5333 1958 5385 iste
1987 5346 2113 5401 ergo

540 5429 776 5499 psalmus
798 5471 812 5493 ,
839 5444 993 5498 quem
1028 5442 1167 5482 nunc
1195 5427 1344 5480 vobis
1370 5434 1639 5479 cantatum
1669 5424 1907 5488 audistis,
1935 5421 2111 5477 Canti-

539 5535 652 5571 cum
694 5520 943 5587 graduum
987 5518 1419 5588 superscribitur.
1468 5516 1583 5585 Ipse
1627 5525 1709 5570 est
1750 5515 1931 5569 titulus
1973 5515 2108 5583 ejus.

534 5607 802 5664 Cantaut‘
828 5624 956 5680 ergo
984 5610 1336 5665 ascendentes
1376 5627 1389 5662 τ
1436 5620 1489 5663 ει
1533 5607 1818 5679 aliquando
1861 5618 2108 5676 tanquam

599 5719 617 5750 ⁸
643 5724 772 5779 ιον..
789 5725 973 5769 cantate
996 5732 1013 5769 :
1037 5720 1436 5770 dissentientibus
1456 5718 1565 5769 ωδ.
1605 5718 1712 5768 aliis
1735 5725 1786 5770 et
1809 5726 1911 5767 Mss.

1796 274 1853 330 S.
1897 271 2262 329 ACGUSTINI
2300 272 2598 331 EPISCON

3682 277 3819 340 1640

2252 404 2388 445 unus
2416 401 2618 459 cantat,
2648 390 2931 462 aliquando
2952 398 3200 465 tanquam
3225 393 3414 465 multi;
3445 396 3568 471 quia
3589 404 3644 455 et
3667 399 3816 458 multi

2238 495 2394 546 unus,
2427 482 2549 551 quia
2578 491 2632 537 et
2658 497 2798 537 unus
2823 481 3090 551 Christus,
3135 494 3189 541 et
3227 488 3279 541 in
3317 487 3535 544 Christo
3574 490 3814 547 membra

2239 570 2436 627 Christi
2464 589 2585 628 cum
2607 574 2824 630 Christo
2850 591 3010 630 unum
3041 576 3259 643 faciunt,
3285 587 3339 633 et
3363 579 3553 635 horum
3576 582 3813 638 omnium

2241 661 2604 717 membrorum
2626 673 2785 734 caput
2812 665 2863 719 in
2891 665 3027 721 caelo
3049 674 3151 721 est.
3175 666 3379 738 Corpus
3400 679 3581 725 autem
3604 671 3815 727 etiamsi

2238 752 2447 810 laborat
2493 756 2545 810 in
2588 766 2764 822 terra,
2809 773 2913 812 non
2960 768 3042 813 est
3088 762 3367 829 praecisum
3407 778 3437 817 a
3477 765 3650 833 capite
3696 779 3813 819 suo.

2241 844 2480 914 Desuper
2523 846 2664 901 enim
2708 856 2866 917 caput
2903 851 3197 921 prospicit,
3241 860 3295 906 et
3324 854 3552 907 consulit
3581 856 3813 924 corpori.

2238 933 2369 988 Nam
2406 935 2449 989 si
2482 951 2585 989 non
2613 939 2956 1006 consuleret,
2989 956 3093 995 non
3137 940 3335 997 diceret
3375 943 3447 997 illi
3489 946 3815 1013 persecutori

2238 1026 2412 1082 adhuc
2434 1027 2616 1105 Saulo,
2643 1032 2879 1086 nondum
2908 1033 3073 1087 Paulo
3102 1052 3115 1088 :
3143 1034 3332 1100 Saule,
3362 1035 3520 1091 Saule
3538 1063 3559 1104 ,-
3594 1038 3717 1108 quid
3742 1054 3817 1093 me

2240 1122 2548 1190 persequeris
2577 1121 2595 1193 (
2619 1123 2733 1178 Act.
2759 1139 2808 1178 tx
2831 1166 2845 1189 ,
2873 1126 2906 1179 4
2928 1122 2993 1197 )?
3035 1125 3100 1180 Et
3130 1125 3246 1181 lnec
3288 1127 3487 1197 optime
3525 1128 3695 1182 nostis
3718 1170 3734 1194 ,
3764 1135 3819 1184 et

2241 1213 2433 1267 usitata
2464 1223 2588 1268 sunt
2623 1214 2794 1269 vobis.
2834 1215 2950 1270 Non
2978 1226 3153 1272 autem
3197 1232 3317 1272 cum
3350 1216 3561 1273 fastidio
3585 1234 3819 1274 comme-

2239 1314 2516 1358 morentur
2540 1304 2618 1360 eis
2657 1306 2848 1375 quibus
2888 1323 2992 1362 non
3032 1308 3344 1364 exciderunt
3369 1350 3383 1375 ,
3414 1319 3471 1364 ut
3498 1325 3593 1379 per
3631 1326 3818 1366 eorum

2240 1394 2545 1463 patientiam
2576 1396 2796 1452 redeant
2826 1399 2877 1453 in
2914 1414 3009 1453 cor
3044 1401 3203 1455 etiam
3244 1416 3426 1456 eorum
3452 1401 3646 1471 quibus
3671 1403 3819 1457 exci-

2241 1482 2467 1549 derant;
2501 1486 2729 1541 salubria
2755 1496 2881 1543 sunt
2906 1491 3069 1557 enim,
3111 1500 3164 1546 et
3187 1492 3380 1561 saepius
3408 1492 3655 1548 dicenda.
3696 1493 3821 1551 Sive

2242 1590 2369 1645 ergo
2393 1592 2531 1631 unus
2557 1588 2766 1644 cantet,
2795 1581 2906 1636 sive
2934 1581 3083 1636 multi
3113 1592 3363 1651 cantent;
3397 1593 3450 1640 et
3474 1586 3622 1639 multi
3649 1584 3822 1641 homi-

2242 1681 2338 1720 nes
2380 1682 2516 1721 unus
2562 1667 2723 1723 homo
2763 1679 2867 1736 est,
2909 1672 3030 1741 quia
3079 1674 3253 1727 unitas
3291 1680 3409 1738 est;
3455 1682 3511 1729 et
3551 1672 3821 1745 Christus,

2241 1756 2379 1811 sicut
2399 1756 2653 1825 diximus,
2681 1774 2819 1815 unus
2843 1770 2944 1828 est,
2976 1769 3032 1817 et
3056 1776 3243 1818 omnes
3264 1761 3550 1819 Christiani
3579 1764 3820 1820 membra

2242 1857 2365 1903 sunt
2400 1847 2620 1903 Christi.

2310 1943 2365 1998 2.
2406 1944 2540 2013 Quid
2587 1959 2716 2015 ergo
2760 1946 2843 2001 isti
2887 1947 3142 2002 cantant?
3171 1946 3285 2004 haec
3334 1949 3573 2004 membra
3615 1947 3822 2005 Christi

2242 2036 2367 2106 quid
2396 2038 2649 2093 cantant?
2673 2039 2869 2094 Amant
2890 2041 3052 2104 enim,
3074 2048 3128 2096 et
3151 2042 3377 2096 amando
3401 2051 3647 2105 cantant,
3678 2041 3824 2097 desia

2241 2126 2475 2183 derando
2495 2138 2729 2183 cantant.
2756 2129 3054 2200 Aliquando
3079 2145 3198 2185 cum
3223 2130 3560 2186 tribulatione
3579 2140 3820 2200 cantant,

2241 2227 2297 2274 et
2324 2219 2608 2289 aliquando
2629 2221 2943 2275 exsultando
2969 2232 3205 2288 cantant,
3228 2238 3349 2276 cum
3381 2221 3432 2276 in
3460 2237 3555 2292 spe
3579 2232 3819 2279 cantant.

2241 2310 2535 2367 Tribulatio
2561 2313 2702 2365 enim
2731 2320 2912 2367 nostra
2937 2312 2989 2366 in
3013 2313 3266 2383 prresenti
3288 2312 3485 2367 sceculo
3502 2354 3517 2379 ,
3541 2328 3665 2384 spes
3692 2328 3825 2368 vero

2242 2415 2423 2459 nostra
2452 2405 2518 2460 de
2546 2404 2722 2460 futuro
2747 2406 2943 2462 sarculo
2976 2424 2990 2461 :
3018 2414 3072 2461 et
3098 2408 3196 2461 nisi
3226 2407 3278 2462 in
3318 2406 3656 2462 tribulatione
3681 2422 3826 2476 prte-

2242 2496 2408 2549 sentis
2437 2497 2618 2551 smculi
2643 2498 2950 2553 consoletur
2980 2512 3079 2553 nos
3103 2504 3235 2568 spes
3256 2496 3415 2553 futuri
3442 2497 3641 2565 smenli,
3672 2497 3825 2566 peri-

2242 2599 2379 2639 mus.
2408 2584 2668 2641 Gaudium
2700 2601 2828 2657 ergo
2855 2596 3095 2642 nostrum
3122 2629 3136 2651 ,
3163 2586 3370 2653 fratres,
3402 2587 3634 2642 nondum
3663 2596 3748 2641 est
3774 2588 3824 2642 in

2242 2690 2321 2740 re,
2354 2674 2448 2731 sed
2472 2674 2582 2746 jam
2611 2677 2663 2730 in
2694 2692 2809 2745 spe.
2843 2676 2978 2747 Spes
2997 2687 3174 2732 autem
3207 2688 3385 2732 nostra
3414 2686 3517 2730 tam
3547 2686 3690 2731 certa
3715 2686 3822 2742 est,

2241 2765 2390 2836 quasi
2412 2765 2519 2835 jam
2547 2780 2633 2821 res
2658 2765 2891 2837 perfecta
2917 2768 2986 2822 sit
3017 2785 3031 2821 :
3064 2781 3238 2837 neque
3264 2766 3404 2821 enim
3433 2766 3677 2820 timemus
3706 2780 3826 2835 pro-

2241 2857 2485 2912 mittente
2512 2856 2764 2913 Veritate.
2797 2858 3005 2913 Veritas
3034 2858 3177 2914 enim
3211 2872 3309 2913 nec
3348 2857 3453 2911 falli
3484 2865 3691 2927 potest,
3723 2871 3824 2911 nec

2240 2946 2425 3002 fallere
2459 2965 2473 3001 :
2502 2947 2697 3002 bonum
2730 2957 2811 3003 est
2837 2957 2894 3003 ut
2917 2947 3214 3004 ltmreamus
3240 2947 3338 3014 illi;
3363 2948 3450 3003 illa
3481 2963 3579 3002 nos
3602 2947 3821 3011 liberat,

2240 3039 2337 3095 sed
2378 3041 2423 3094 si
2453 3040 2805 3095 manserimus
2840 3040 2891 3094 in
2919 3039 3085 3095 verbo
3123 3040 3259 3110 ejus.
3287 3039 3439 3094 Modo
3468 3039 3610 3095 enim
3639 3039 3824 3093 credi-

2239 3147 2378 3197 mus,
2412 3140 2537 3188 tune
2560 3131 2857 3187 videbimus
2891 3149 2903 3184 :
2934 3147 3053 3187 cum
3084 3131 3368 3195 credimus,
3393 3145 3516 3201 spes
3535 3140 3616 3185 est
3637 3130 3687 3184 in
3718 3129 3826 3185 isto

2239 3223 2456 3289 sacculo;
2482 3240 2602 3279 cum
2628 3224 2945 3289 videbimus,
2969 3237 3055 3278 res
3083 3223 3183 3277 erit
3210 3224 3260 3276 in
3288 3220 3465 3275 futuro
3488 3220 3703 3274 saeculo.
3733 3219 3826 3275 Vi-

2238 3312 2483 3369 debimus
2508 3324 2683 3370 autem
2711 3314 2844 3369 facie
2865 3313 2932 3367 ad
2961 3313 3145 3367 faciem
3178 3311 3216 3383 (l
3242 3310 3358 3366 Cor.
3386 3327 3499 3373 xm,
3526 3309 3612 3381 12)
3650 3328 3663 3360 :
3691 3316 3824 3363 tunc

2238 3413 2412 3459 autem
2442 3403 2739 3459 videbimus
2786 3404 2918 3458 facie
2959 3402 3025 3456 ad
3072 3400 3257 3456 faciem
3278 3442 3294 3467 ,
3322 3415 3443 3455 cum
3474 3398 3823 3453 habuerimus

2237 3495 2397 3552 corda
2448 3494 2717 3551 mundata.
2748 3494 2895 3550 Beati
2937 3494 3078 3548 enim
3111 3490 3308 3547 mundo
3336 3491 3531 3557 corde,
3564 3492 3821 3560 quoniam

2239 3585 2337 3657 ipsi
2370 3588 2534 3641 Deum
2563 3586 2812 3641 videbunt
2841 3585 3051 3653 (Matth.
3081 3600 3129 3649 v,
3157 3584 3234 3654 8).
3271 3583 3421 3639 Unde
3446 3594 3620 3637 autem
3652 3582 3823 3636 corda

2235 3677 2578 3744 mundantur,
2607 3678 2705 3731 nisi
2738 3692 2832 3746 per
2856 3676 3033 3740 ﬁdem,
3056 3675 3191 3731 sicut
3220 3674 3406 3729 Petrus
3425 3673 3497 3726 ait
3519 3672 3569 3727 in
3591 3673 3823 3728 Actibus

2236 3769 2609 3840 Apostolorum
2638 3788 2653 3824 :
2680 3767 2936 3822 Mundam
2958 3766 3059 3836 [ide
3076 3766 3231 3820 corda
3256 3780 3428 3819 eorum
3454 3763 3585 3835 (Act.
3613 3780 3702 3829 xv,
3734 3764 3793 3834 9)

2235 3862 2553 3915 blundantur
2578 3870 2754 3915 autem
2783 3862 2945 3917 corda
2977 3867 3154 3913 nostra
3183 3874 3278 3929 per
3307 3857 3494 3921 ﬁdem,
3525 3865 3582 3911 ut
3608 3857 3823 3926 possint

2234 3966 2354 4005 esse
2384 3951 2570 4005 idonea
2611 3965 2802 4020 capere
2843 3950 3098 4019 speciem.
3130 3948 3478 4003 Atnbulamus
3503 3948 3647 4001 enim
3677 3961 3823 4003 nunc

2235 4058 2329 4113 per
2350 4042 2525 4109 ﬁdem,
2547 4042 2777 4096 nondum
2805 4056 2901 4112 per
2923 4042 3176 4110 speciem;
3201 4040 3339 4094 sicut
3358 4036 3645 4107 Apostolus
3665 4036 3819 4101 dicit,

2237 4135 2490 4201 Quamdiu
2532 4150 2705 4188 sumus
2735 4134 2788 4186 in
2824 4148 3032 4200 corpore
3053 4172 3069 4197 ,
3100 4130 3479 4200 peregrinantur
3505 4143 3537 4179 a
3565 4124 3819 4182 Domino.

2233 4229 2297 4284 Et
2326 4228 2448 4298 quid
2468 4239 2568 4292 est,
2588 4227 2966 4297 peregrinamur
2983 4225 3009 4277 .9
3030 4222 3133 4277 Per
3148 4222 3297 4291 ﬁdem
3316 4221 3449 4274 enim
3470 4219 3817 4285 ambulamus,

2232 4320 2418 4390 inquit,
2448 4336 2546 4373 non
2569 4334 2656 4388 per
2680 4318 2891 4388 speciem
2910 4314 2976 4384 (11
2998 4314 3113 4369 Cor.
3139 4330 3189 4381 v,
3213 4312 3265 4376 6,
3292 4313 3360 4382 7).
3390 4312 3487 4378 Qui
3517 4326 3648 4381 ergo
3671 4325 3825 4381 pere-

2230 4414 2498 4481 grinatur,
2529 4423 2582 4465 et
2606 4426 2700 4481 per
2728 4410 2882 4464 ﬁdem
2925 4407 3197 4473 ambulat,
3225 4404 3457 4459 nondum
3502 4412 3585 4457 est
3628 4403 3683 4457 in
3720 4416 3821 4473 pa-

2233 4504 2351 4567 tria,
2376 4503 2466 4556 sed
2485 4503 2595 4572 jam
2620 4510 2701 4556 est
2728 4502 2776 4554 in
2808 4502 2911 4562 via;
2943 4499 3032 4569 qui
3063 4508 3237 4552 autem
3263 4512 3366 4550 non
3396 4494 3603 4561 credit,
3636 4509 3743 4549 nec
3764 4494 3819 4550 in

2231 4595 2397 4663 patria
2428 4603 2531 4660 est,
2563 4607 2662 4648 nec
2688 4592 2739 4647 in
2770 4592 2872 4645 via.
2904 4592 2994 4645 Sic
3013 4604 3139 4659 ergo
3168 4587 3520 4650 ambulemus,
3554 4593 3817 4655 tanquam

2228 4687 2281 4738 in
2313 4683 2394 4738 via
2422 4684 2607 4747 simus;
2635 4683 2756 4753 quia
2781 4683 2890 4752 ipse
2913 4682 3024 4737 Rex
3051 4680 3234 4751 patriae
3260 4678 3429 4733 factus
3452 4685 3534 4731 est
3561 4677 3669 4730 via.
3697 4675 3820 4731 Rex

2228 4776 2410 4845 patriae
2434 4784 2647 4839 nostrae,
2675 4776 2928 4829 Dominus
2950 4773 3105 4829 Jesus
3124 4772 3384 4834 Christus;
3408 4779 3461 4826 et
3486 4768 3559 4825 ibi
3586 4769 3820 4837 veritas,

2226 4868 2312 4923 hic
2351 4877 2525 4923 autem
2560 4870 2660 4921 via.
2693 4868 2809 4935 Quo
2839 4868 3016 4923 imus?
3045 4867 3125 4921 Ad
3153 4868 3449 4921 veritatem.
3480 4866 3595 4931 Qua
3626 4865 3775 4919 imus
3795 4865 3821 4919 ?

2226 4960 2329 5015 Per
2354 4960 2529 5029 ﬁdem.
2558 4962 2673 5027 Quo
2714 4961 2891 5014 imus?
2922 4959 3000 5014 Ad
3029 4960 3318 5014 Christum.
3351 4957 3463 5024 Qua
3491 4957 3631 5011 imus
3650 4956 3676 5009 ?
3710 4957 3823 5011 Per

2224 5052 2511 5108 Christum.
2542 5053 2657 5124 Ipse
2686 5054 2825 5107 enim
2852 5052 2982 5107 dixit
3007 5050 3149 5122 :Ego
3172 5066 3282 5103 sum
3304 5051 3403 5112 via,
3428 5049 3610 5101 veritas
3634 5055 3689 5100 et
3714 5048 3821 5100 vita

2225 5143 2399 5216 (Joan.
2432 5160 2522 5200 xlv
2547 5186 2561 5209 ,
2594 5142 2671 5215 6).
2703 5144 2922 5197 Dixerat
2942 5151 3116 5196 autem
3145 5139 3433 5210 aliquando
3460 5136 3820 5193 credentibus

2222 5236 2273 5289 in
2314 5250 2372 5290 se
2403 5253 2416 5289 :
2448 5235 2510 5291 Si
2554 5235 2835 5288 manseritis
2865 5235 2916 5287 in
2946 5232 3090 5287 verba
3126 5247 3236 5286 meo
3256 5273 3271 5298 ,
3303 5246 3416 5284 vere
3439 5228 3681 5299 discipuli
3713 5228 3821 5281 mei

2221 5328 2377 5393 estis;
2402 5337 2448 5380 et
2494 5327 2799 5397 cognoscetis
2841 5325 3095 5379 veritatem
3116 5365 3130 5390 ,
3162 5332 3208 5377 et
3237 5322 3416 5377 veritas
3459 5320 3695 5373 liberabit
3726 5335 3821 5373 vos

2220 5420 2334 5491 (Id.
2369 5437 2489 5486 vttt,
2520 5422 2579 5476 5i
2612 5432 2658 5473 et
2685 5419 2799 5489 '52).
2831 5418 2893 5473 Et
2924 5418 3247 5489 cognoscetis,
3281 5415 3486 5485 inquit,
3518 5414 3815 5477 veritatem,

2220 5514 2312 5569 sed
2340 5514 2384 5567 si
2418 5512 2702 5565 manseritis
2736 5512 2788 5565 in
2831 5513 2977 5565 verba
3017 5526 3145 5563 meo.
3185 5508 3240 5562 ln
3289 5521 3393 5576 quo
3423 5504 3625 5559 verbo?
3654 5502 3822 5558 Sicut

2217 5605 2343 5660 dicit
2369 5604 2655 5674 Apostolus
2679 5647 2693 5671 ,
2731 5603 2840 5657 Hoc
2867 5613 2940 5657 est
2984 5605 3185 5657 verbum
3210 5600 3329 5670 ﬁdei
3373 5597 3509 5667 quod
3546 5596 3817 5666 prazdica-

2218 5720 2328 5757 mus
2357 5701 2530 5773 (Rom.
2558 5716 2611 5764 x,
2641 5698 2715 5768 8).
2740 5697 2918 5754 Primo
2942 5710 3068 5768 ergo
3097 5696 3311 5749 verbum
3345 5690 3466 5747 ﬁdei
3492 5700 3592 5753 eSt;
3614 5687 3675 5742 in
3700 5700 3820 5757 quo
