4078 6564
307 424 442 484 1641

308 537 472 592 verbo
499 533 621 592 ﬁdei
650 533 696 590 si
723 534 1078 592 manserimus
1099 576 1115 605 ,
1145 549 1530 609 cognoscemus
1569 538 1845 595 veritatem
1870 578 1887 604 ,

309 639 362 686 et
389 631 586 686 veritas
616 628 862 685 liberabit
889 645 1005 685 nos.
1038 629 1247 688 Veritas
1271 632 1592 688 immortalis
1614 640 1716 700 est,
1748 631 1891 686 veri-

311 733 390 778 tas
433 723 879 779 incommutabilis
904 733 987 779 est
1015 741 1027 778 :
1055 725 1251 780 veritas
1287 726 1415 782 illud
1444 726 1677 782 Verbum
1705 733 1788 782 est
1828 725 1896 780 de

311 830 416 887 quo
440 814 655 880 dicitur,
685 813 752 870 In
777 816 1029 888 principio
1054 827 1162 872 erat
1198 815 1434 884 Verbum,
1462 828 1508 872 et
1551 817 1764 873 Verbum
1789 824 1897 871 erat

311 908 450 980 apud
477 905 662 974 Deum,
691 917 739 962 et
768 907 906 962 Deus
930 919 1036 963 erat
1075 908 1307 964 Verbum.
1342 910 1408 966 Et
1433 911 1554 982 quis
1585 910 1686 965 hoc
1712 909 1894 974 videt,

313 997 412 1053 nisi
439 998 601 1054 corde
625 998 912 1054 mandato?
937 998 1090 1058 Unde
1114 1002 1436 1058 mundantur
1463 1002 1659 1059 corda?
1681 1001 1746 1057 Et
1774 1000 1899 1057 Ver-

313 1090 429 1145 bum
455 1107 574 1145 caro
600 1093 793 1162 factum
816 1100 911 1158 est,
939 1101 985 1146 et
1013 1092 1252 1148 habitauit
1277 1095 1332 1148 in
1361 1093 1504 1150 nobis
1528 1093 1708 1164 (Joan.
1735 1109 1754 1149 ι
1780 1135 1797 1162 ,
1831 1095 1852 1148 l
1877 1134 1893 1160 ,

318 1180 425 1252 l4).
448 1180 602 1249 Quod
629 1196 758 1253 ergo
801 1192 981 1238 manet
1010 1182 1243 1239 Verbum
1275 1187 1328 1240 in
1353 1201 1414 1242 se
1437 1226 1451 1251 ,
1482 1187 1682 1242 veritas
1706 1194 1790 1241 est
1831 1185 1898 1240 ad

310 1287 468 1343 quam
496 1273 738 1328 venimus
758 1314 773 1339 ,
796 1283 852 1328 et
869 1290 987 1345 qua:
1008 1291 1106 1331 nos
1129 1277 1318 1332 liberat
1342 1294 1355 1331 :
1383 1278 1524 1349 quod
1551 1287 1727 1333 autem
1759 1292 1899 1349 prae-

313 1364 519 1420 dicatur
548 1366 764 1422 verbum
797 1366 917 1422 fidei
938 1409 954 1433 ,
984 1367 1036 1423 in
1067 1385 1174 1440 quo
1203 1385 1301 1425 nos
1327 1370 1442 1426 vult
1485 1370 1738 1427 Dominus
1775 1385 1898 1440 per-

315 1475 564 1524 manere,
590 1469 650 1516 ut
673 1475 1058 1533 cognoscamus
1087 1464 1365 1520 veritatem
1387 1480 1401 1531 ;
1420 1463 1524 1520 hoc
1547 1473 1652 1531 est,
1685 1463 1902 1519 Verbum

314 1570 432 1608 caro
461 1554 653 1623 factum
677 1565 781 1624 est,
803 1567 850 1611 et
871 1556 1112 1611 habitavit
1133 1558 1186 1612 in
1211 1557 1371 1613 nobis.
1402 1558 1589 1615 Credis
1613 1559 1629 1591 ¹
1656 1557 1708 1613 in
1737 1557 1898 1613 Chri-

313 1657 453 1702 stum
480 1657 660 1702 nat‘um
683 1649 735 1704 in
757 1664 938 1714 carne,
958 1659 1013 1706 et
1032 1652 1312 1721 pervenies
1331 1651 1398 1707 ad
1423 1651 1698 1708 Christum
1721 1661 1902 1707 uatum

312 1739 380 1796 de
415 1740 544 1806 Deo,
575 1741 739 1797 Deum
770 1742 911 1812 apud
941 1745 1128 1799 Deum.

384 1831 435 1887 5.
463 1832 805 1890 Exsultantes
833 1844 1044 1890 cantant
1077 1837 1163 1891 isti
1189 1851 1322 1907 quos
1342 1839 1364 1870 ⁸
1390 1836 1633 1908 legimus;
1667 1837 1906 1893 membra

315 1921 413 1976 ista
445 1923 645 1979 Christi
685 1927 1002 1981 exsultantis
1047 1936 1264 1983 cantant
1313 1929 1575 1999 psalmum
1630 1930 1810 1985 istum.
1840 1931 1909 1985 Et

310 2016 432 2087 quis
456 2017 540 2073 hic
555 2018 805 2083 exsultat,
828 2019 926 2074 nisi
959 2021 1009 2074 in
1031 2035 1146 2090 spe,
1170 2021 1306 2076 sicut
1330 2021 1559 2077 dixi?Et
1581 2023 1734 2078 nobis
1762 2031 1907 2078 certa

307 2107 375 2163 sit
402 2108 517 2178 ipsa
553 2123 697 2178 spes,
724 2118 779 2165 et
805 2111 1117 2165 exsultando
1141 2121 1415 2167 cantemus
1437 2112 1478 2166 ³.
1509 2111 1626 2168 Νοη
1647 2115 1788 2169 enim
1818 2115 1908 2184 qui

308 2208 530 2255 cantant
556 2200 715 2256 alieni
744 2210 869 2258 sunt
892 2218 922 2257 a
949 2203 1120 2268 I'lOblS,
1147 2213 1237 2259 aut
1253 2219 1358 2259 non
1388 2205 1439 2258 in
1467 2203 1567 2259 hoc
1587 2205 1792 2276 psalmo
1807 2219 1911 2261 vox

311 2301 495 2347 nostra
511 2303 608 2348 est.
628 2282 715 2349 Sic
731 2295 929 2360 audite,
947 2307 1193 2366 tanquam
1207 2312 1303 2354 vos
1319 2299 1464 2369 ipsos
1476 2297 1720 2362 audiatis;
1736 2301 1813 2354 sic
1826 2314 1913 2354 au-

312 2383 498 2446 dite,ta
507 2399 698 2454 nquam
717 2385 770 2440 in
783 2387 996 2456 Speculo
1011 2388 1402 2458 Scripturarum
1414 2403 1508 2444 vos
1526 2389 1671 2460 ipsos
1681 2390 1915 2445 attenda-

317 2472 402 2529 tis.
420 2473 554 2530 Cum
580 2475 719 2529 enim
746 2487 990 2546 tanquam
1022 2479 1292 2548 speculum
1315 2481 1545 2535 attendis
1575 2481 1910 2550 Scripturas,

317 2564 640 2622 exhilaretur
665 2566 827 2623 facies
855 2577 940 2623 tua
963 2584 1116 2624 :cum
1136 2571 1362 2627 similem
1392 2581 1443 2626 te
1471 2572 1709 2628 invenies
1729 2574 1914 2630 exsul-

319 2656 517 2713 talione
538 2658 676 2729 spei,
692 2658 947 2715 membris
964 2661 1278 2732 quibusdam
1297 2661 1518 2731 Christi,
1535 2679 1654 2734 qua:
1674 2666 1914 2720 membra

321 2748 420 2806 ista
444 2761 748 2816 cantarunt;
777 2747 885 2808 eris
904 2762 958 2808 et
980 2762 1036 2808 tu
1066 2756 1118 2808 in
1144 2753 1275 2824 ipsis
1299 2755 1574 2824 membris,
1599 2766 1653 2812 et
1673 2758 1916 2814 cantabis

322 2839 444 2897 ista.
475 2839 582 2897 Cur
620 2853 749 2914 ergo
773 2842 861 2898 isti
883 2853 1100 2900 cantant
1121 2845 1221 2901 ista
1246 2846 1605 2903 exsultando?
1633 2848 1765 2916 Quia
1791 2865 1918 2905 eva-

322 2939 531 2987 serunt.
565 2932 704 3003 Ergo
733 2948 857 3005 spes
881 2944 966 2990 est
1008 2934 1063 2990 in
1087 2951 1190 3006 qua
1226 2945 1463 2992 cantant.
1495 2938 1629 2993 Cum
1657 2938 1800 2994 enim
1829 2939 1917 2995 hic

323 3037 510 3079 sumus
543 3032 597 3079 et
624 3024 1060 3096 peregrinamur,
1094 3027 1330 3083 nondum
1357 3029 1648 3086 evasimus.
1676 3030 1919 3088 Praeces-

324 3125 510 3172 seruut
523 3116 738 3187 quidem
757 3118 995 3174 membra
1021 3119 1260 3190 quaedam
1282 3120 1350 3176 de
1374 3134 1598 3191 corpore
1619 3121 1710 3176 illo
1726 3122 1793 3178 de
1811 3137 1919 3193 quo

327 3216 380 3264 et
414 3225 516 3264 nos
550 3225 735 3266 sumus
756 3251 773 3278 ,
804 3226 923 3281 quae
969 3221 1192 3282 possunt
1239 3213 1293 3267 in
1329 3214 1554 3268 veritate
1581 3224 1818 3270 cantare.
1850 3213 1921 3270 Et

329 3300 430 3356 hoc
454 3311 736 3357 cantarunt
766 3313 1028 3375 martyres
1049 3305 1217 3359 sancti
1253 3322 1267 3358 :
1294 3304 1404 3373 jam
1425 3306 1567 3359 enim
1593 3317 1878 3361 evaserunt
1901 3348 1917 3370 ,

329 3401 381 3446 et
425 3393 478 3447 iu
529 3394 880 3449 exsultatione
924 3409 1044 3449 cum
1073 3393 1286 3450 Christo
1315 3405 1439 3451 sunt
1461 3438 1477 3464 ,
1508 3398 1775 3468 recepturi
1801 3413 1923 3453 cor-

331 3500 459 3555 pora
484 3485 595 3556 jam
621 3485 925 3556 incorrupta
951 3528 966 3552 ,
996 3486 1182 3542 eadem
1231 3487 1344 3557 ipsa
1389 3503 1507 3556 qua:
1552 3489 1725 3558 primo
1771 3500 1924 3544 erant

332 3578 699 3647 corruptibilis
724 3621 738 3642 ,
772 3579 824 3632 in
851 3579 1041 3648 quibus
1071 3580 1213 3650 passi
1259 3588 1387 3635 sunt
1414 3594 1636 3649 poenas;
1671 3580 1793 3637 inde
1821 3583 1925 3638 illis

337 3669 462 3725 ﬁent
476 3679 790 3726 ornamenta
807 3671 1048 3741 iustitiae.
1072 3672 1236 3743 Ergo,
1257 3673 1369 3728 sive
1395 3672 1470 3726 illi
1496 3671 1606 3742 jam
1630 3672 1682 3727 in
1708 3689 1783 3740 re,
1813 3675 1924 3731 sive

338 3779 431 3818 nos
459 3764 513 3817 in
544 3778 641 3832 spe
666 3764 1050 3836 coniungentes
1095 3765 1341 3822 affectum
1369 3767 1585 3822 coronis
1614 3782 1798 3821 eorum
1825 3809 1840 3834 ,
1872 3781 1927 3826 et

338 3853 704 3909 desiderantes
735 3855 892 3909 talem
924 3857 1084 3910 vitam
1121 3857 1332 3926 qualem
1362 3857 1450 3914 hic
1482 3875 1588 3916 non
1623 3863 1882 3920 habemus
1907 3906 1923 3933 ,

339 3946 430 4001 sed
460 3946 659 4002 habere
682 3962 786 4001 non
815 3947 1105 4016 poterimus
1141 3948 1243 4004 nisi
1273 3963 1391 4004 eam
1422 3950 1509 4006 hic
1533 3952 1925 4009 desideraveri-

341 4052 476 4103 rnus,
511 4046 788 4093 cantemus
814 4039 969 4093 simul
998 4055 1224 4106 omnes,
1256 4049 1310 4095 et
1334 4041 1577 4099 dicamus
1612 4065 1626 4099 :
1661 4045 1784 4102 Nisi
1810 4048 1951 4117 quia

343 4126 595 4184 Dominus
641 4139 749 4184 erat
788 4130 842 4184 in
870 4130 1032 4184 nobis.
1064 4129 1440 4201 Respexerunt
1479 4134 1620 4189 enim
1671 4137 1927 4206 quasdam

345 4218 719 4275 tribulationes
757 4235 887 4290 quas
919 4221 1059 4290 passi
1085 4229 1247 4288 sunt,
1275 4230 1329 4278 et
1358 4224 1834 4280 consideraveruut
1877 4227 1930 4282 in

348 4327 410 4367 eo
432 4314 547 4384 jam
583 4313 704 4368 loco
727 4323 782 4369 et
812 4313 864 4368 in
891 4313 1219 4370 beatitudine
1244 4325 1298 4370 et
1324 4315 1376 4370 in
1411 4317 1696 4374 securitate
1735 4319 1934 4374 consti-

348 4405 472 4466 tIti,
505 4420 608 4472 qua
657 4403 1002 4474 transierint,
1034 4421 1139 4477 quo
1185 4406 1458 4478 venerint;
1484 4416 1539 4464 et
1563 4410 1683 4480 quia
1719 4409 1935 4467 difficile

349 4505 460 4549 erat
498 4493 624 4550 inde
648 4494 895 4560 liberari,
925 4497 1024 4551 nisi
1066 4495 1278 4554 adesset
1305 4513 1493 4555 manus
1531 4501 1807 4557 liberantis
1835 4543 1851 4568 ,
1882 4503 1935 4557 in

348 4585 542 4656 gaudio
579 4589 868 4653 dixerunt,
901 4587 1018 4642 Nisi
1060 4589 1180 4659 quia
1219 4587 1474 4646 Dominus
1524 4601 1630 4646 erat
1667 4593 1722 4646 in
1771 4593 1932 4648 nobis.

353 4677 438 4732 Sic
467 4687 753 4747 cmperunt
777 4687 994 4734 cantare
1027 4696 1039 4732 :
1071 4679 1306 4735 nondum
1332 4681 1584 4737 dixerunt
1629 4683 1771 4738 unde
1816 4664 1940 4740 eva-

354 4769 540 4833 serint;
576 4777 720 4824 tanta
743 4769 1027 4824 exsultatio
1049 4778 1135 4825 est
1160 4787 1172 4824 :
1203 4768 1321 4826 Nisi
1339 4773 1458 4842 quia
1479 4771 1731 4829 Dominus
1753 4784 1861 4829 erat
1886 4775 1940 4832 in

357 4861 515 4915 nobis.

426 4957 478 5009 4.
503 4953 658 5008 Dicat
695 4969 832 5008 nunc
876 4953 1046 5009 Israel
1075 4969 1094 5008 :
1124 4952 1242 5009 Nisi
1285 4955 1403 5025 quia
1452 4954 1703 5012 Dominus
1753 4966 1861 5011 erat
1888 4959 1942 5012 in

359 5039 514 5101 nobis.
558 5047 710 5102 Nunc
737 5046 915 5111 dicat,
947 5047 1067 5117 quia
1093 5045 1200 5117 jam
1229 5049 1416 5103 evasit.
1448 5047 1749 5104 Evadentes
1775 5051 1940 5117 enim,

363 5139 408 5193 id
436 5149 557 5205 est,
586 5155 683 5195 eos
706 5180 722 5205 ,
748 5139 840 5210 qui
864 5140 973 5210 jam
999 5147 1322 5206 evaserunt,
1354 5139 1631 5194 constituit
1659 5141 1944 5195 intuendos

365 5235 599 5302 psalmus
627 5234 746 5288 iste.
773 5234 1170 5289 Constituamus
1200 5233 1318 5288 illos
1358 5243 1410 5288 et
1437 5247 1534 5287 nos
1563 5232 1616 5287 in
1651 5233 1812 5288 corde
1833 5233 1944 5304 jam

365 5327 793 5396 triumphantes;
827 5337 880 5381 et
907 5335 1158 5396 tanquam
1187 5325 1256 5380 ibi
1285 5334 1338 5380 et
1365 5339 1463 5380 nos
1490 5324 1657 5379 simus
1681 5365 1696 5391 ,
1728 5323 1867 5380 sicut
1891 5324 1945 5380 in

365 5419 642 5488 superiore
670 5417 873 5488 psalmo
899 5416 1096 5472 dictum
1123 5425 1206 5472 est
1229 5458 1246 5484 ,
1278 5414 1483 5471 Stantes
1513 5424 1655 5470 erant
1681 5413 1830 5485 pedes
1855 5432 1948 5471 no-

366 5509 458 5564 stri
493 5511 550 5564 in
583 5510 728 5566 atriis
766 5508 1051 5565 Jerusalem
1081 5507 1266 5581 (Psal.
1296 5523 1418 5564 cxxr
1437 5550 1454 5577 ,
1480 5509 1515 5563 2
1537 5511 1575 5579 ).
1603 5508 1845 5564 Nondum
1879 5510 1947 5565 ibi

368 5611 564 5670 erant,
595 5601 691 5657 sed
743 5601 798 5658 in
837 5602 921 5658 via
964 5608 1116 5657 erant
1148 5619 1160 5655 :
1196 5609 1340 5655 tanta
1383 5610 1560 5655 autem
1605 5599 1784 5656 laetitia
1835 5611 1950 5656 erat

433 5737 451 5770 ³
473 5743 604 5796 bov.,
622 5736 785 5788 crede.
809 5737 982 5788 Castori
1008 5741 1170 5785 autem
1191 5734 1323 5793 libri,
1347 5732 1524 5784 credis.

432 5800 545 5866 fer.
744 5806 861 5849 Ven.
881 5805 1011 5858 Lov.,
1039 5797 1245 5866 psalmos
1266 5809 1430 5866 quosz.
1497 5801 1565 5866 Μ.Δ

319 5906 338 5912 -
434 5861 456 5893 ³
476 5863 548 5925 sic
570 5856 796 5925 plérique
814 5869 918 5912 Mss.
946 5856 1149 5910 At'ts'ddu
1177 5864 1231 5908 Et
1255 5856 1306 5908 ut
1322 5856 1455 5909 nobis
1470 5863 1600 5908 certa
1617 5856 1678 5909 sit
1699 5856 1808 5920 ipsa
1821 5869 1949 5920 spes,

369 5922 657 5976 exsultando
678 5922 935 5974 mittemus.

614 6006 841 6070 SANCT.
889 6007 1168 6068 Ausus'r.
1214 6003 1322 6065 ιν.

1338 418 1740 482 ENARRA'I'IO
1777 419 1846 478 IN
1884 418 2208 480 PSALMUM
2244 419 2481 481 CXXIII.

3433 439 3577 496 16η

2004 537 2366 596 festinantium
2387 581 2400 607 ,
2428 548 2484 596 et
2507 549 2651 599 tanta
2680 546 3022 615 perveniendi
3059 563 3182 620 spes
3201 591 3217 616 ,
3244 559 3303 607 ut
3330 552 3505 610 adhuc
3529 557 3583 612 in

1998 630 2081 684 via
2108 633 2264 702 positi
2291 643 2344 689 et
2369 634 2673 693 laborantes
2691 680 2706 705 ,
2734 639 2844 710 jam
2873 641 2972 696 sibi
3003 642 3110 698 illic
3130 646 3403 702 constituti
3432 649 3585 706 vide-

2000 733 2202 780 rentur.
2229 727 2318 783 Sic
2342 738 2395 783 et
2421 744 2564 785 nunc
2587 746 2848 802 ponamus
2873 748 2971 788 nos
2995 734 3046 789 in
3079 735 3173 791 illo
3201 738 3470 810 triumpho
3494 742 3588 813 qui

2001 816 2103 871 erit
2127 817 2177 872 in
2209 818 2382 874 futuro
2411 822 2627 891 saeculo,
2661 824 2872 894 quando
2902 825 3271 884 insultabimus
3297 831 3458 886 morti
3476 832 3588 902 jam

2001 906 2184 974 ﬁnitae,
2199 909 2306 980 jam
2327 926 2675 984 consumptae;
2693 915 2904 986 quando
2923 916 3180 986 dicemus,
3201 918 3299 976 Ubi
3315 930 3405 986 est,
3430 939 3586 988 mors,

2001 1003 2250 1058 contentio
2275 1006 2402 1061 tua?
2429 1005 2514 1060 ubi
2558 1017 2663 1075 est,
2690 1026 2824 1066 mors
2842 1051 2857 1078 ,
2888 1011 3093 1067 aculeus
3118 1022 3233 1068 tuus
3263 1013 3304 1087 (I
3329 1011 3448 1071 Cor.
3476 1032 3546 1071 xv
3571 1060 3586 1083 ,

2003 1091 2138 1162 55)?
2161 1093 2272 1163 jam
2297 1096 2564 1166 conjuncti
2594 1095 2832 1171 Angelis,
2859 1111 2914 1158 et
2941 1105 3267 1161 exsultantes
3289 1121 3410 1160 cum
3439 1105 3590 1178 Rege

2003 1193 2223 1254 nostro,
2251 1187 2342 1256 qui
2373 1189 2574 1259 primus
2618 1207 2898 1263 resurgere
2932 1195 3128 1262 voluit,
3157 1197 3400 1266 quamvis
3444 1199 3592 1268 prior

2005 1279 2141 1332 mori
2167 1279 2415 1335 noluerit.
2441 1281 2589 1337 Multi
2611 1285 2751 1338 enim
2783 1294 2904 1340 ante
2935 1286 3083 1341 illum
3109 1287 3302 1342 mortui
3330 1299 3472 1354 sunt,
3495 1291 3594 1346 sed

2006 1363 2165 1425 nemo
2191 1380 2314 1426 ante
2344 1373 2493 1430 illum
2532 1378 2822 1431 resurrexit
2849 1377 2902 1432 in
2943 1387 3222 1434 aeternum.
3253 1380 3595 1438 Exsultantes

2005 1471 2182 1517 autem
2212 1479 2334 1520 cum
2379 1465 2510 1533 illo,
2539 1467 2698 1521 etiam
2727 1468 2797 1522 ibi
2841 1484 2935 1538 spe
2977 1479 3031 1524 et
3074 1471 3238 1527 corde
3279 1475 3594 1542 constituti,

2007 1553 2128 1623 quia
2159 1555 2464 1624 evasimus,
2493 1557 2784 1628 cogitemus
2809 1559 2935 1629 quid
2965 1563 3231 1618 evasimus
3253 1605 3267 1630 ,
3299 1581 3417 1634 qua:
3440 1581 3599 1621 scan-

2009 1643 2129 1700 dala
2159 1687 2174 1713 ,
2206 1661 2338 1716 quas
2369 1648 2735 1704 tribulationes
2781 1650 2998 1718 mundi,
3033 1668 3164 1723 quas
3193 1655 3595 1724 persecutiones

2011 1739 2250 1792 onmium
2295 1737 2628 1809 Paganorum
2650 1781 2664 1806 ,
2693 1756 2828 1811 quos
2855 1741 3008 1797 dolos
3051 1744 3287 1798 omnium
3317 1743 3600 1800 haeretico-

2010 1843 2129 1882 rum
2157 1869 2173 1894 ,
2202 1844 2333 1898 quas
2385 1832 2750 1902 suggestiones
2801 1833 2996 1888 diaboli
3027 1875 3040 1898 ,
3076 1849 3208 1903 quas
3255 1835 3604 1904 cupiditatum

2013 1919 2449 1977 conﬂictatioues.
2479 1923 2666 1977 Omnia
2715 1924 2814 1978 ista
2867 1924 2985 1994 quis
3032 1925 3317 1990 evaderet,
3355 1928 3451 1980 nisi
3489 1928 3605 1992 quia

2013 2009 2262 2066 Dominus
2302 2023 2410 2066 erat
2447 2014 2502 2067 in
2544 2014 2727 2068 nobis?
2770 2014 2919 2069 Dicat
2966 2033 3097 2070 nunc
3142 2015 3344 2082 Israel;
3385 2032 3606 2074 securus

2015 2102 2157 2156 enim
2205 2102 2334 2157 dicit
2372 2103 2576 2170 Israel,
2611 2103 2732 2158 Nisi
2775 2107 2895 2173 quia
2942 2106 3191 2163 Dominus
3215 2116 3322 2163 erat
3350 2110 3404 2164 in
3444 2110 3604 2164 nobis.

2015 2191 2278 2258 Quando?
2306 2192 2431 2247 Cum
2457 2194 2768 2266 insurgerent
2785 2197 3008 2252 homines
3029 2215 3308 2267 supernos.
3333 2199 3452 2254 Noli
3479 2216 3607 2270 ergo

2019 2285 2201 2340 mirari
2233 2287 2395 2341 :victi
2439 2296 2601 2351 sunt;
2647 2287 2890 2344 homines
2933 2290 3075 2344 enim
3124 2300 3278 2346 erant
3309 2309 3321 2344 :
3357 2291 3607 2346 Dominus

2018 2385 2195 2431 autem
2249 2385 2366 2432 erat
2407 2377 2457 2432 in
2509 2379 2697 2446 nobis,
2727 2396 2830 2435 non
2864 2382 3022 2436 homo
3050 2391 3162 2436 erat
3202 2383 3253 2436 in
3283 2382 3476 2448 nobis;
3510 2381 3602 2436 ho-

2018 2467 2191 2521 mines
2215 2475 2393 2523 autem
2422 2469 2820 2524 insurrexerunt
2839 2485 3000 2540 super
3028 2488 3145 2527 nos.
3180 2471 3285 2526 Sed
3312 2482 3490 2528 tamen
3516 2487 3607 2542 op-

2019 2560 2314 2630 primerent
2344 2561 2584 2617 homines
2605 2563 2736 2618 alios
2764 2564 3026 2631 homines,
3063 2566 3162 2620 nisi
3192 2567 3244 2620 in
3274 2565 3356 2634 his
3382 2566 3612 2622 homini-

2021 2653 2118 2709 bus
2144 2657 2233 2726 qui
2263 2672 2369 2712 non
2397 2666 2681 2728 potuerunt
2704 2661 2952 2732 opprimi,
2983 2676 3088 2716 non
3119 2662 3277 2718 homo
3306 2672 3485 2730 esset,
3517 2662 3612 2721 sed

2022 2745 2298 2802 Dominus.

2095 2840 2149 2894 5.
2177 2839 2319 2910 Ergo
2339 2879 2354 2904 ,
2387 2840 2507 2894 Nisi
2547 2843 2664 2913 quia
2693 2839 2943 2898 Dominus
2983 2853 3091 2898 erat
3118 2845 3171 2898 in
3197 2845 3336 2900 nobis
3355 2886 3372 2911 ,
3400 2863 3514 2900 cum
3537 2845 3614 2900 in-

2023 2940 2283 3000 surgerent
2303 2929 2530 2986 homincs
2553 2950 2702 3002 super
2729 2951 2838 2989 nos.
2868 2935 3004 3001 Quid
3032 2937 3172 2990 enim
3203 2936 3439 2993 facerent
3467 2939 3615 2995 vobis

2024 3020 2270 3077 homines
2290 3063 2306 3090 ,
2338 3023 2725 3080 exsultantibus
2767 3035 2822 3082 et
2848 3029 3209 3090 cantantibus,
3237 3039 3290 3085 et
3319 3045 3505 3086 secure
3536 3040 3619 3086 te-

2025 3113 2274 3167 nentibus
2295 3112 2311 3143 ¹
2335 3113 2712 3170 beatitudinem
2730 3117 3140 3186 sempiternam?
3159 3120 3283 3188 quid
3309 3121 3457 3176 vobis
3480 3121 3618 3176 face-

2026 3217 2146 3261 rent
2173 3207 2415 3264 homines
2444 3211 2778 3277 insurgentes
2807 3213 2858 3266 in
2894 3228 2986 3267 vos
3009 3255 3024 3277 ,
3058 3214 3158 3268 nisi
3192 3214 3447 3270 Dominus
3475 3226 3619 3272 esset

2027 3298 2081 3352 in
2112 3301 2260 3352 vobis
2288 3300 2312 3352 ‘l
2341 3301 2467 3370 quid
2496 3302 2769 3357 facerent?
2795 3301 3036 3362 Forsitan
3075 3305 3206 3359 rivos
3253 3306 3620 3361 absorbuissent

2028 3407 2139 3444 nos.
2179 3390 2324 3446 Vivos
2349 3393 2741 3459 absorbuissenl;
2769 3409 2872 3450 noa
2907 3397 3054 3466 prius
3079 3397 3399 3452 occidissent
3421 3440 3435 3463 ,
3463 3409 3517 3452 et
3543 3399 3621 3453 sic

2029 3482 2449 3540 absorbuisscut.
2472 3485 2516 3540 Ο
2531 3487 2818 3542 immanes!
2843 3503 2877 3542 ο
2898 3489 3174 3544 crudeles!
3205 3489 3320 3544 Non
3339 3491 3416 3546 sic
3438 3491 3620 3546 absor-

2031 3573 2120 3628 bet
2146 3574 2380 3631 Ecclesia
2415 3595 2427 3631 :
2461 3577 2620 3633 Petro
2645 3621 2658 3640 ,
2686 3578 2858 3632 Macta
2884 3590 2929 3633 et
2961 3579 3213 3633 manduca
3243 3579 3376 3644 (Act.
3411 3599 3440 3635 x
3459 3623 3473 3645 ,
3507 3583 3618 3652 15).

2030 3666 2226 3722 dictum
2245 3677 2345 3734 est;
2365 3683 2495 3737 non,
2516 3667 2679 3723 Vives
2699 3671 2944 3726 absorbe.
2961 3670 3240 3738 Quomodo
3260 3687 3389 3742 ergo
3412 3673 3621 3738 Petrus,

2030 3757 2086 3813 id
2109 3768 2192 3814 est
2219 3759 2478 3828 Ecclesia,
2509 3770 2726 3827 mactat,
2753 3771 2807 3815 et
2827 3761 2903 3816 sic
2930 3762 3249 3816 manducat?
3279 3775 3330 3815 et
3357 3764 3624 3832 quomodo

2032 3847 2118 3904 isti
2147 3850 2239 3918 qui
2271 3860 2691 3906 exsurrexerunt
2715 3867 2875 3920 super
2903 3867 3031 3918 nos,
3061 3853 3272 3923 forsitan
3299 3855 3432 3906 vivos
3453 3854 3625 3908 absor-

2034 3941 2252 3995 buissent
2274 3957 2364 3996 nos
2386 3982 2403 4008 ,
2431 3943 2528 3996 nisi
2551 3944 2670 4011 quia
2697 3941 2945 3996 Dominus
2971 3953 3076 3996 erat
3111 3944 3162 3996 in
3192 3943 3332 3997 nobis
3352 3944 3378 3996 ?
3409 3944 3539 4010 Quia
3572 3946 3626 4000 in

2034 4032 2286 4090 Ecclesia:
2311 4048 2504 4102 corpus
2527 4049 2683 4090 nemo
2708 4033 2888 4094 intrat.
2911 4034 3010 4088 nisi
3043 4035 3185 4103 prius
3207 4037 3437 4089 occisus.
3469 4035 3628 4089 Mori-

2035 4133 2122 4181 tur
2145 4124 2286 4196 quod
2312 4125 2430 4190 fuit,
2463 4136 2518 4180 ut
2543 4127 2610 4180 sit
2633 4127 2771 4196 quod
2802 4142 2906 4182 non
2934 4126 3049 4181 fmt.
3081 4128 3325 4198 Alioquin
3351 4169 3367 4195 ,
3399 4130 3489 4198 qui
3520 4145 3627 4185 non

2037 4216 2294 4270 occiditur
2319 4225 2372 4271 et
2399 4231 2503 4272 non
2530 4218 2883 4272 manducatur
2911 4217 2978 4272 ab
3004 4217 3235 4274 Ecclesia
3255 4260 3272 4287 ,
3295 4234 3416 4275 esse
3444 4221 3495 4274 in
3525 4236 3628 4274 nu-

2038 4324 2186 4364 mero
2229 4308 2410 4378 pepuli
2458 4315 2634 4378 potest
2655 4348 2670 4374 ,
2699 4309 2787 4379 qui
2819 4307 3025 4364 videtur
3063 4310 3232 4364 oculis
3263 4309 3542 4376 humanis;
3575 4311 3629 4365 in

2041 4416 2263 4455 nttmero
2303 4410 2478 4455 autem
2523 4401 2701 4470 populi
2744 4401 2830 4470 qui
2862 4402 3104 4471 cognitus
3128 4403 3237 4458 Deo
3282 4413 3364 4457 est
3385 4443 3400 4467 ,
3430 4405 3495 4457 de
3523 4419 3631 4474 quo

2041 4490 2169 4546 dicit
2197 4491 2480 4560 Apostolus
2504 4532 2520 4558 ,
2556 4490 2709 4544 Novit
2735 4489 2982 4545 Dominus
3009 4493 3094 4561 qui
3120 4503 3236 4547 sunt
3265 4495 3373 4563 ejus
3400 4493 3464 4565 (Il
3497 4495 3630 4552 Tim.

2041 4598 2100 4647 ιι,
2126 4581 2239 4654 i9);
2271 4596 2376 4636 non
2407 4589 2580 4652 potest
2607 4596 2729 4637 esse
2754 4583 2854 4638 nisi
2881 4584 3248 4650 manducatus,
3282 4600 3380 4640 nec
3410 4588 3632 4642 mandu-

2043 4673 2150 4728 cari
2181 4671 2394 4744 poterit,
2427 4672 2526 4726 nisi
2557 4671 2730 4741 primo
2754 4682 3033 4728 mactatus.
3069 4673 3222 4729 Venit
3248 4690 3499 4745 paganus,
3535 4679 3631 4732 ad-

2044 4763 2150 4818 huc
2187 4763 2240 4817 in
2272 4763 2362 4818 illo
2390 4762 2691 4818 idololatria
2721 4765 2885 4829 vivit;
2917 4763 3227 4821 inserendus
3263 4778 3344 4820 est
3375 4768 3633 4822 membris

2045 4857 2241 4912 Christi
2277 4875 2289 4910 :
2323 4864 2379 4910 ut
2409 4856 2674 4911 inseratur
2697 4898 2712 4922 ,
2746 4873 2965 4913 necesse
3009 4866 3092 4912 est
3120 4859 3504 4922 manducetur;
3538 4861 3632 4914 sed

2046 4965 2150 5005 non
2179 4957 2353 5018 potest
2378 4948 2685 5004 manducari
2713 4949 2780 5004 ab
2808 4949 3064 5016 Ecclesia,
3097 4952 3194 5004 nisi
3228 4954 3400 5020 primo
3430 4964 3635 5006 macta-

2049 5053 2154 5097 tus.
2173 5041 2462 5097 Renuntict
2479 5044 2691 5108 saeculo,
2719 5051 2845 5097 tunc
2862 5053 3138 5109 mactatur;
3156 5043 3336 5098 credat
3363 5045 3413 5098 in
3447 5045 3631 5108 Deum,

2050 5144 2175 5190 tunc
2205 5133 2572 5188 manducatur.
2603 5134 2882 5202 Quomodo
2912 5150 3038 5205 ergo
3075 5134 3150 5188 illi
3189 5135 3320 5188 vivos
3364 5135 3637 5190 absorbuis-

2049 5238 2156 5284 sent
2183 5245 2294 5294 nos,
2324 5228 2421 5282 nisi
2444 5229 2563 5301 quia
2590 5226 2834 5282 Dominus
2864 5236 2966 5280 erat
2994 5229 3048 5280 in
3073 5225 3256 5280 nobis?
3281 5225 3638 5283 Surrexerunt

2052 5322 2193 5377 enim
2223 5321 2375 5376 multi
2408 5331 2780 5391 persecutores
2801 5319 3086 5390 aliquando
3107 5361 3121 5383 ,
3155 5329 3211 5374 et
3237 5336 3377 5374 nunc
3408 5337 3511 5375 non
3541 5322 3636 5375 de-

2052 5423 2195 5469 sunt.
2224 5412 2540 5484 Singillatim
2573 5413 2870 5483 insurgunt,
2899 5421 2952 5466 et
2980 5411 3261 5482 aliquando
3283 5413 3429 5468 vivos
3455 5415 3639 5470 absor-

2051 5504 2198 5570 bent,
2219 5504 2312 5560 sed
2340 5505 2391 5560 in
2410 5504 2601 5575 quibus
2621 5518 2724 5558 non
2753 5511 2835 5557 est
2858 5502 3133 5558 Dominus.
3167 5503 3287 5558 Ideo
3311 5515 3432 5560 ante
3461 5509 3638 5561 omnia

2053 5595 2130 5650 illi
2175 5595 2425 5651 dixerunt
2446 5636 2461 5662 ,
2493 5593 2610 5648 Nisi
2651 5595 2771 5664 quia
2809 5593 3059 5649 Dominus
3085 5604 3192 5648 erat
3220 5595 3272 5649 in
3316 5596 3493 5662 nobis;
3518 5599 3639 5668 quia

2054 5686 2210 5741 multi
2255 5687 2608 5742 absorbentur
2630 5726 2645 5752 ,
2679 5685 2733 5739 in
2777 5685 2969 5756 quibus
2999 5702 3103 5740 non
3148 5694 3230 5742 est
3271 5685 3546 5744 Dominus.
3577 5689 3640 5744 Hi

2057 5791 2181 5838 sunt
2205 5781 2292 5852 qui
2323 5780 2424 5834 vivi
2456 5778 2829 5845 absorbentur,
2857 5777 2948 5849 qui
2978 5779 3154 5835 sciunt
3179 5780 3378 5836 malum
3404 5797 3526 5838 esse
3544 5824 3560 5850 ,
3587 5791 3643 5837 et

2126 5919 2140 5949 ι
2169 5914 2392 5977 Plerique
2411 5921 2497 5964 Mss
2521 5927 2532 5961 :
2563 5911 2838 5975 Exsultatis,
2860 5920 2908 5964 et
2929 5915 3148 5976 cantatis,
3167 5922 3214 5968 et
3234 5915 3396 5966 securi
3415 5916 3602 5969 tenetis.

2789 5994 3444 6079 (Cinquante~deuw.)
