4074 6480
453 373 591 432 ιδιδ

450 490 628 561 lingua
657 482 1015 541 consentiunt.
1043 477 1396 533 Surrexerunt
1421 469 1560 524 enim
1595 465 1806 536 quidam
1844 475 2031 533 perse-

450 555 697 644 cutores,
728 583 782 632 et
809 573 1056 628 dixerunt
1080 563 1381 621 hominibus
1409 579 1424 616 :
1455 558 1817 621 Thuriticate;
1849 555 1894 609 si
1925 568 2032 610 non

451 671 683 731 feceritis
705 711 722 738 ,
754 664 1044 722 occidimus
1069 674 1184 715 vos.
1214 657 1293 711 llli
1319 661 1629 710 amaverunt
1658 651 1793 704 hanc
1830 648 1989 704 vitam
2010 687 2029 714 ,

448 775 504 823 et
529 759 754 820 dulcedo
783 758 903 812 vitae
927 751 1088 824 hujus
1106 751 1273 805 tenuit
1302 762 1415 803 eos.
1441 743 1557 801 Non
1588 742 1707 814 plus
1730 741 2032 796 dilexerunt

447 875 510 914 ea
534 872 651 928 qua:
679 849 922 924 promisit
947 848 1104 910 Deus,
1126 858 1282 913 quam
1305 855 1365 896 ea
1387 853 1503 908 quae
1527 834 1772 890 videbant
1793 833 1842 886 in
1867 842 2026 885 terra.

449 949 537 1004 Illa
561 947 702 1002 enim
726 940 944 998 credere
960 934 1278 1009 jubebantur
1298 932 1340 998 ί,
1361 945 1480 1001 quae
1501 925 1733 982 nondum
1756 922 2024 988 videbant,

447 1040 544 1093 ista
587 1049 706 1106 qua:
747 1031 993 1087 amabant
1037 1025 1304 1081 videbant.
1334 1020 1460 1076 Plus
1489 1018 1778 1072 retinentes
1803 1029 1864 1068 ea
1909 1027 2029 1082 quas

445 1104 725 1189 videbant,
755 1121 1096 1178 excluserunt
1119 1115 1184 1170 de
1208 1112 1455 1170 cordibus
1489 1109 1799 1172 Dominum;
1826 1113 1880 1159 et
1905 1104 2029 1175 quia

447 1237 552 1276 non
582 1225 696 1274 erat
720 1215 772 1271 in
800 1215 878 1270 eis
903 1211 1180 1275 Dominus,
1210 1206 1311 1261 vivi
1339 1202 1576 1274 absorpti
1604 1211 1744 1254 sunt.
1770 1197 1904 1268 Quid
1925 1205 2025 1261 est,

446 1311 551 1368 vivi
580 1308 814 1378 absorpti
844 1303 1004 1360 sunt?
1028 1295 1404 1355 Thuriﬁcando
1433 1294 1590 1348 idolis
1609 1333 1622 1356 ,
1649 1291 1880 1345 scientes
1907 1288 2030 1358 quia

449 1402 580 1460 nihil
603 1409 685 1455 est
711 1398 926 1453 idolum.
951 1393 1082 1449 Nam
1109 1393 1152 1444 si
1179 1388 1372 1460 aliquid
1398 1391 1642 1455 putarent
1663 1395 1783 1435 esse
1808 1379 2026 1441 idolum,

447 1496 640 1554 mortui
657 1492 1208 1550 absorberenturzcum
1227 1494 1402 1538 autem
1422 1485 1609 1552 putant
1627 1475 1758 1531 nihil
1779 1489 1897 1529 esse
1918 1471 2032 1526 ido—

447 1589 576 1654 lum,
594 1596 647 1643 et
664 1591 923 1641 noverunt
939 1580 1114 1636 omnia
1133 1578 1220 1634 illa
1236 1572 1518 1632 Gentilium
1538 1585 1665 1624 vana
1682 1565 2028 1634 esse,vivunt;

447 1692 499 1740 et
539 1690 714 1735 tamen
740 1689 860 1731 cum
887 1673 1083 1728 faciunt
1105 1667 1253 1738 ‘quod
1285 1665 1467 1720 volunt
1499 1666 1862 1736 persecutores
1885 1698 1899 1723 ,
1927 1653 2032 1708 vivi

451 1774 826 1832 absorbentur.
854 1767 960 1825 Sed
990 1767 1108 1821 ideo
1135 1764 1236 1817 vivi
1270 1758 1621 1815 absorbentur
1640 1797 1653 1819 ,
1689 1751 1811 1822 quia
1842 1764 1946 1802 non
1977 1746 2030 1800 in

451 1871 529 1925 eis
553 1875 637 1923 est
661 1865 932 1921 Dominus.
971 1861 1027 1914 in
1053 1857 1242 1929 quibus
1267 1861 1442 1909 autem
1470 1853 1607 1906 inest
1637 1847 1910 1907 Dominus,
1939 1855 2031 1897 oc-

450 1960 696 2018 ciduntur
725 1967 780 2014 et
809 1971 913 2010 non
939 1951 1256 2008 moriuntur.
1286 1945 1384 2011 Qui
1415 1951 1590 1996 autem
1620 1936 1958 1992 consentiunt
1981 1940 2035 1988 et

453 2053 658 2118 vivunt,
680 2049 786 2107 vivi
811 2044 1179 2106 absorbentur,
1215 2037 1451 2106 absorpti
1476 2033 1793 2088 moriuntur.
1828 2027 1914 2082 Isti
1941 2041 2036 2080 au-

452 2157 558 2202 tem
585 2145 674 2216 qui
709 2141 848 2215 passi
875 2149 1017 2206 sunt,
1050 2147 1103 2193 et
1132 2149 1238 2190 non
1269 2135 1549 2196 cesserunt
1577 2120 2031 2183 tribulationibus,

450 2213 722 2294 exsul-tant
739 2243 793 2290 et
809 2232 1009 2295 dicunt,
1040 2229 1186 2282 Dicat
1206 2241 1339 2279 nunc
1364 2219 1552 2282 Israel;
1580 2217 1720 2272 dicat
1739 2213 2031 2280 exsultans,

451 2332 590 2388 dicat
615 2341 853 2396 securus,
880 2323 996 2378 Nisi
1019 2321 1134 2392 quia
1163 2317 1406 2372 Dominus
1427 2322 1530 2367 erat
1557 2311 1608 2363 in
1636 2307 1797 2371 nobis,
1823 2321 1934 2359 cum
1956 2303 2035 2356 in-

455 2429 713 2494 surgerent
735 2416 956 2472 homines
977 2428 1125 2484 super
1144 2426 1256 2474 nos,
1278 2406 1490 2479 forsitan
1516 2403 1648 2456 vivos
1669 2396 2035 2453 absorbuissent

455 2532 546 2570 ηοε
554 2556 565 2568 .

525 2607 578 2661 6.
609 2604 736 2661 Cum
775 2602 1073 2656 irasceretur
1100 2595 1240 2665 furor
1283 2605 1455 2644 eorum
1497 2601 1648 2655 super
1675 2597 1784 2634 nos.
1814 2577 1992 2633 Nostis
2016 2617 2030 2641 ,

457 2697 647 2753 fratres
671 2735 686 2759 ,
717 2693 770 2747 in
799 2690 974 2760 aliquo
1019 2686 1084 2740 de
1124 2679 1485 2752 superioribus
1534 2672 1749 2744 psalmis
1776 2712 1788 2732 ,
1825 2669 1874 2721 in
1923 2669 2036 2735 ipso

458 2787 607 2841 initio
633 2756 957 2838 canticorum
987 2775 1241 2847 graduum
1272 2779 1455 2836 contra
1493 2767 1722 2834 linguam
1752 2756 2030 2814 subdolam

458 2879 654 2948 petisse
694 2871 944 2929 auxilium
972 2866 1253 2940 quemdam
1278 2903 1295 2931 ,
1327 2862 1413 2931 qui
1441 2858 1602 2927 cmpit
1626 2851 1916 2908 ascendere
1940 2867 1952 2914 ;
1985 2854 2040 2903 et

460 2969 658 3023 dixisse
681 3009 696 3033 ,
724 2965 971 3026 Domine,
1006 2976 1120 3014 erue
1147 2958 1368 3010 animam
1395 2965 1554 3006 meam
1583 2966 1614 3004 a
1645 2948 1786 3001 labiis
1815 2944 2035 3014 injustis,

463 3070 510 3116 et
537 3078 569 3114 a
599 3059 772 3130 lingua
819 3056 1011 3111 dolosa.
1045 3053 1225 3108 Primo
1270 3049 1411 3104 enim
1455 3061 1572 3100 cum
1617 3039 1836 3110 coeperit
1883 3037 2040 3090 homo

462 3149 751 3208 ascendere
777 3159 832 3206 et
876 3148 1130 3220 prolicere
1154 3187 1168 3211 ,
1199 3143 1250 3197 in
1283 3143 1398 3212 ipso
1425 3133 1646 3193 exordio
1673 3128 1998 3187 ascensionis
2023 3168 2036 3190 ,

464 3247 668 3316 linguas
693 3218 906 3298 dolosas
931 3239 1126 3310 patitur
1149 3276 1165 3302 ,
1198 3231 1416 3288 blandas
1442 3227 1504 3282 ad
1534 3223 1818 3296 perniciem
1846 3262 1860 3287 ,
1891 3218 2042 3273 blan-

465 3337 560 3393 das
586 3336 648 3391 ad
681 3335 872 3389 malam
899 3333 1201 3388 suasionem
1238 3345 1249 3380 :
1282 3322 1418 3392 Quid
1449 3319 1619 3375 facis?
1649 3330 1809 3384 quare
1836 3314 1935 3366 hoc
1968 3310 2044 3364 fa-

467 3429 588 3485 cis?
619 3428 786 3482 Aliter
827 3425 967 3480 enim
995 3423 1097 3476 vivi
1143 3435 1247 3474 non
1277 3414 1491 3486 potest?
1523 3408 1709 3465 serviri
1755 3406 1908 3459 aliter
1933 3403 2044 3456 Deo

470 3538 573 3576 non
619 3516 877 3590 potest‘?
909 3515 986 3570 Tu
1013 3513 1156 3569 solus
1183 3527 1240 3566 cs
1279 3508 1368 3580 qui
1396 3507 1474 3560 vis
1518 3504 1618 3556 hoc
1646 3513 1765 3555 esse
1792 3495 1931 3566 quod
1957 3493 2046 3548 alii

470 3630 574 3669 non
617 3611 776 3666 sunt!
806 3608 875 3664 Et
913 3607 958 3662 si
1001 3603 1265 3661 inveneris
1291 3601 1422 3654 alios
1447 3597 1533 3668 qui
1566 3605 1740 3648 tecum
1769 3597 1926 3653 sunt,
1959 3586 2044 3639 illa

467 3705 663 3761 blanda
689 3712 742 3758 et
757 3701 939 3756 dolosa
965 3700 1141 3770 lingua
1159 3693 1285 3766 quid
1303 3690 1462 3746 dicit?
1487 3690 1621 3743 Ecce
1647 3685 1719 3739 illi
1743 3688 2045 3754 potuerunt;

471 3797 606 3852 forte
634 3805 686 3848 tu
716 3809 818 3848 non
845 3791 1064 3862 poteris.
1093 3783 1410 3858 Aggrederis
1431 3779 1482 3845 ³;
1507 3777 1724 3833 delleies
1748 3793 1760 3827 :
1784 3784 1836 3828 et
1863 3772 2050 3825 melius

472 3901 585 3943 erat
613 3901 715 3940 non
743 3883 994 3953 incipere,
1021 3894 1176 3950 quam
1203 3876 1430 3946 coepisse
1463 3879 1516 3926 et
1541 3868 1817 3924 deiecisse.
1851 3864 2051 3932 Lingua

473 3981 654 4034 dolosa
700 3978 871 4033 adhuc
901 3973 1183 4028 blanditur.
1230 3968 1286 4024 Si
1334 3961 1755 4036 perseveraveris
1781 4001 1794 4024 ,
1825 3956 2055 4010 vincitur

474 4072 648 4142 lingua
668 4070 849 4124 dolosa
877 4076 930 4122 et
950 4063 1245 4126 blandiens,
1266 4059 1582 4129 incipitesse
1597 4063 1778 4124 aperte
1803 4047 2051 4110 saaviens;

475 4175 528 4218 ct
555 4179 671 4234 qua:
697 4156 1063 4218 blandiebatur
1091 4164 1145 4210 ut
1174 4152 1472 4216 Seduceret,
1496 4147 1725 4201 minatur
1751 4150 1807 4197 ut
1837 4145 2052 4194 terreat.

475 4254 581 4312 Sed
608 4254 651 4309 si
683 4253 935 4310 Dominus
964 4258 1044 4303 est
1070 4247 1121 4300 in
1151 4256 1200 4300 te
1229 4288 1241 4308 ,
1281 4252 1334 4297 et
1359 4257 1462 4295 non
1491 4236 1768 4307 reliqueris
1791 4233 1857 4287 de
1895 4229 2057 4285 corde

479 4359 569 4404 tuo
597 4346 867 4402 Christum
894 4360 907 4406 ;
940 4337 1204 4411 quomodo
1229 4351 1323 4408 per
1349 4332 1564 4404 sagittas
1589 4337 1768 4383 acutas
1792 4334 1845 4379 et
1872 4323 2060 4376 carbo-

481 4457 576 4494 nes
606 4410 1148 4492 desolatoriosivicisti
1175 4429 1380 4497 linguas
1405 4423 1616 4478 dolosas
1638 4415 1805 4489 (Psal.
1837 4410 2059 4476 cxxx,2-

480 4532 534 4601 4)
563 4574 577 4598 ,
607 4530 657 4583 id
684 4537 804 4593 est,
852 4541 944 4594 per
968 4523 1125 4577 verba
1157 4520 1248 4574 Dei
1277 4517 1467 4588 quibus
1493 4512 1799 4566 transﬁxum
1827 4515 1944 4561 erat
1967 4518 2062 4558 cor

483 4633 630 4679 tuum
656 4662 672 4689 ,
699 4629 754 4677 et
776 4634 871 4690 per
897 4614 1138 4694 exempla
1176 4613 1437 4683 justorum
1467 4606 1556 4676 qui
1587 4605 1652 4657 de
1681 4600 1903 4656 mortuis
1928 4597 2060 4651 vivi-

484 4716 626 4772 ﬁcati
658 4688 802 4780 sunt,
832 4711 896 4765 de
917 4691 1292 4780 peccatoribus
1321 4699 1443 4754 facti
1474 4705 1594 4750 sunt
1621 4693 1767 4763 justi,
1795 4688 2063 4762 quomodo

483 4810 743 4864 carbones
767 4805 832 4859 de
861 4811 1030 4858 morte
1071 4797 1403 4853 revivescunt
1435 4807 1450 4845 :
1481 4786 1746 4859 quomodo
1788 4798 1914 4852 ergo
1945 4781 2064 4835 illos

486 4901 656 4955 vicisti
682 4897 886 4967 sagittis
911 4901 965 4948 et
990 4887 1305 4946 carbonibus
1330 4879 1686 4942 desolatoriis,
1709 4876 1892 4929 dolose
1913 4872 2064 4926 blan-

485 4994 693 5049 dientes
717 4997 771 5045 et
796 4982 1112 5042 blandiendo
1138 4978 1480 5039 seducenles;
1503 4972 1580 5026 sic
1607 4973 1734 5024 istos
1759 4967 1938 5020 vinces
1955 4961 2076 5034 jam‘

487 5081 766 5140 irascendo
794 5075 1201 5135 comminantes,
1220 5057 1339 5138 quia
1367 5063 1684 5118 blandiendo
1704 5059 1958 5115 seducere
1976 5071 2066 5108 ne-

489 5176 792 5248 quiverunt.
824 5169 956 5224 Victi
985 5172 1106 5219 sunt
1132 5175 1253 5216 cum
1279 5156 1638 5213 blandirentur
1663 5195 1677 5218 ,
1711 5153 1987 5204 vincantur
2015 5154 2069 5200 et

489 5281 610 5323 cum
640 5264 928 5320 minantur.
974 5255 1078 5312 Sed
1110 5254 1394 5307 vincuntur
1415 5289 1431 5315 ,
1479 5245 1744 5318 quomodo
1767 5284 1782 5310 ,
1811 5241 1908 5296 nisi
1950 5239 2070 5310 quia

489 5356 739 5414 Dominus
763 5359 869 5408 erat
893 5352 946 5403 in
971 5341 1491 5401 nobis7Manifestum
1513 5348 1593 5394 est
1621 5337 1744 5407 quia
1771 5349 1874 5388 non
1900 5329 2072 5386 vicisti

489 5463 568 5518 tu,
588 5448 681 5506 sed
707 5447 832 5504 vicit
859 5445 948 5500 ille
970 5441 1060 5514 qui
1082 5447 1166 5495 est
1185 5439 1238 5493 in
1264 5445 1336 5506 te,
1356 5436 1734 5506 Imperatorem
1767 5429 1924 5483 talem
1949 5441 2072 5496 por-

555 5596 574 5627 ι
602 5591 937 5655 Αὶὶειιιοι-ιιειη
961 5583 1255 5655 sistebantur.

552 5657 575 5688 ι
597 5631 1427 5724 ἒὲξῇίξῗῖέῖξξί’¹ἓέ·ὲ,ἀὲίιετ.ςηί¹η
1463 5637 1616 5689 υίυθτθ
1652 5649 1744 5687 ¹¹⁰¹¹
1771 5631 1939 5698 me”
1975 5645 2076 5684 ⁶⁶⁷’

495 5717 597 5769 nire
619 5703 878 5776 alitervneo
899 5722 993 5759 non
1017 5703 1186 5776 potes?
1279 5709 1333 5751 at.

1677 359 1735 408 S.
1777 346 2143 416 AUGUSTINI
2184 349 2480 410 EPISCOPI

3579 350 3718 415 16M

2138 467 2219 546 tas
2240 501 2258 528 ,
2287 470 2344 516 et
2367 462 2638 520 vinceris?
2661 459 2847 517 Nonne
2875 460 2963 516 ille
2983 468 3068 518 est
3091 473 3248 530 quem
3273 468 3455 530 portas
3479 501 3494 525 ,
3523 463 3612 531 qui
3641 462 3716 517 dio

2137 554 2250 620 xit,
2280 553 2392 625 Ego
2434 554 2530 608 uici
2554 554 2795 609 sceculum
2821 551 2997 625 (Joan.
3030 568 3120 608 xvi
3142 594 3158 620 ,
3189 551 3326 622 κων
3354 567 3532 607 nonne
3574 556 3716 623 prior

2136 646 2368 700 moriens
2395 645 2519 702 vicit
2545 644 2832 708 diabolum,
2862 659 2982 699 cum
3011 658 3223 712 semper
3242 651 3387 698 esset
3410 657 3569 713 super
3596 660 3716 700 om-

2135 751 2256 790 nem
2283 744 2580 791 creaturam
2607 777 2621 800 ,
2653 736 2773 806 quia
2807 734 3034 790 Verbum
3060 734 3203 789 Deus
3231 742 3314 790 est
3338 733 3481 804 apud
3506 735 3716 791 Deum!

2134 829 2310 898 Quare
2334 831 2459 884 vicit
2483 872 2496 894 ,
2528 830 2627 885 nisi
2650 839 2707 885 ut
2727 839 2778 888 te
2801 829 3020 886 doceret
3041 845 3162 884 cum
3189 829 3403 886 diabolo
3422 829 3717 885 dimicare?

2135 923 2202 1025 Et
2220 931 2403 1025 tamen
2425 923 2536 993 jam
2561 922 2749 1025 dqctus
2772 963 2788 990 ,
2823 924 2924 990 nisi
2951 924 3002 988 in
3032 931 3082 978 te
3124 923 3194 982 sit
3219 923 3308 978 ille
3333 922 3426 993 qui
3452 923 3598 993 prior
3623 922 3714 977 tibi

2135 1014 2301 1088 vicit,
2327 1015 2573 1071 vinceris.
2604 1014 2721 1070 Nisi
2743 1017 2861 1087 quia
2885 1014 3137 1078 Dominus
3161 1016 3346 1070 eratin
3384 1015 3524 1069 nobis
3545 1055 3562 1078 ,
3593 1015 3718 1068 dum

2132 1107 2446 1179 insurgerent
2469 1107 2691 1162 homines
2720 1124 2870 1178 super
2892 1124 3003 1173 nos,
3033 1109 3246 1179 forsitan
3270 1108 3406 1162 uisos
3429 1106 3716 1161 absorbuis-

2133 1210 2240 1301 sent
2265 1217 2376 1256 nos.
2394 1199 2531 1254 Dum
2553 1202 2852 1258 irasceretur
2879 1203 3022 1272 furor
3044 1201 3268 1268 ipsorum
3287 1216 3440 1269 super
3467 1215 3556 1253 nos
3573 1216 3591 1252 :
3602 1198 3716 1268 jam

2134 1291 2451 1357 irascuntur,
2477 1291 2584 1361 jam
2614 1300 2798 1362 aperte
2823 1295 3050 1346 saaviunt
3081 1307 3094 1344 :
3127 1291 3341 1358 forsitan
3365 1306 3497 1360 aqua
3522 1290 3718 1344 demer-

2133 1385 2274 1458 sisset
2304 1401 2415 1440 nos.
2444 1385 2650 1455 Aquam
2675 1383 2804 1441 dicit
2831 1385 3058 1456 populos
3079 1392 3418 1455 peccatores;
3440 1391 3495 1436 et
3516 1381 3717 1436 videbi-

2134 1493 2252 1531 mus
2267 1477 2476 1548 qualem
2495 1492 2685 1548 aquam
2713 1477 2768 1532 in
2782 1475 3251 1548 consequentibus.
3267 1475 3595 1544 Quicumque
3620 1489 3716 1529 au-

2136 1578 2240 1623 tem
2257 1569 2616 1624 consensisset
2632 1568 2756 1636 illis,
2775 1583 2911 1638 aqua
2929 1567 3077 1624 illum
3094 1566 3409 1636 operuisset.
3428 1565 3720 1620 Moreretur

2135 1659 2275 1713 enim
2295 1667 2466 1713 morte
2486 1657 2878 1729 Aigyptiorum,
2900 1673 3004 1713 non
3022 1657 3274 1714 transiret
3299 1656 3544 1726 exemplo
3560 1656 3721 1710 Israe-

2137 1749 2368 1827 litarum.
2396 1748 2576 1802 Nostis
2595 1748 2987 1817 enim,fratres,
3005 1747 3127 1818 quia
3156 1761 3250 1817 per
3277 1761 3467 1815 aquam
3495 1745 3720 1815 pepulus

2137 1840 2492 1895 lsraelitarum
2514 1840 2742 1908 transiit,
2761 1849 2814 1894 et
2830 1840 2942 1909 ipsa
2957 1853 3094 1910 aqua
3111 1837 3337 1915 populus
3351 1836 3722 1907 Egyptiorusu

2135 1942 2418 2036 coopertus
2444 1942 2526 1989 est
2558 1931 2750 2004 (Exod.
2783 1949 2890 2000 xlv,
2907 1931 3111 2002 22-29).
3137 1933 3300 2002 Aqua,
3320 1929 3511 2002 inquit,
3529 1929 3724 1984 sterner-

2135 2037 2279 2082 δωσεῖ
2303 2044 2410 2081 ηοε.

2209 2121 2261 2173 7.
2293 2117 2396 2174 Sed
2423 2117 2595 2188 qualis
2617 2123 2700 2171 est
2723 2117 2824 2172 ista
2847 2116 3025 2187 aqua?
3051 2114 3290 2178 Terrena
3311 2120 3395 2168 est
3417 2153 3431 2179 ,
3465 2110 3580 2168 tluit
3601 2126 3724 2168 cum

2138 2214 2338 2283 impetu
2361 2252 2376 2278 ,
2406 2210 2502 2266 sed
2538 2210 2823 2266 transitura
2848 2216 2948 2264 est.
2991 2207 3282 2262 Torrentes
3308 2205 3448 2262 enim
3474 2203 3725 2260 dicuntur

2137 2302 2282 2358 ﬂuvii
2305 2303 2397 2373 qui
2428 2301 2717 2374 repentinis
2743 2299 3003 2356 imbribus
3030 2305 3274 2353 crescunt
3307 2314 3320 2351 :
3352 2311 3600 2367 magnum
3628 2294 3727 2350 ha-

2137 2395 2268 2450 bent
2293 2394 2571 2463 impetum;
2594 2392 2830 2462 quisquis
2858 2389 3138 2445 incurrerit
3164 2388 3406 2453 trahitur,
3432 2385 3527 2442 sed
3553 2387 3732 2456 inquo

2140 2487 2398 2542 Dominus
2425 2500 2527 2539 non
2555 2493 2675 2550 est;
2709 2485 2762 2538 in
2789 2498 2894 2552 quo
2919 2493 3095 2538 autem
3124 2481 3379 2544 Dominus
3406 2486 3511 2546 est,
3539 2477 3732 2540 transit

2141 2589 2430 2637 torrentem
2457 2581 2631 2634 anima
2659 2578 2844 2649 ipsius.
2871 2576 3061 2633 Adhuc
3084 2574 3200 2645 ﬂuit
3227 2585 3434 2630 torrens
3455 2613 3471 2639 ,
3501 2571 3596 2628 sed
3617 2571 3732 2641 jam

2140 2674 2350 2760 transiit
2363 2671 2538 2727 anima
2558 2679 2870 2743 martyrum.
2893 2669 3080 2724 Adhuc
3092 2666 3345 2737 quamdiu
3361 2663 3612 2732 saeculum
3632 2664 3734 2718 hoc

2142 2767 2409 2823 nascendo
2435 2776 2492 2830 et
2519 2765 2795 2822 moriendo
2824 2764 3027 2830 currit,
3055 2775 3264 2826 torrens
3293 2769 3376 2817 est
3409 2779 3423 2813 :
3455 2759 3582 2812 hinc
3606 2772 3734 2826 per-

2142 2859 2464 2927 secutiones,
2483 2857 2553 2912 de
2579 2857 2680 2910 isto
2709 2862 2962 2910 torrente.
2994 2852 3127 2906 Hinc
3152 2849 3284 2905 bibit
3309 2848 3400 2906 ille
3424 2847 3624 2918 primus
3644 2859 3734 2900 ca-

2143 2957 2236 3018 put
2279 2957 2520 3002 nostrum
2543 2988 2557 3011 ,
2586 2946 2652 3001 de
2686 2959 2796 3014 quo
2821 2943 3017 2998 dictum
3047 2951 3129 2997 est
3155 2940 3206 2994 in
3237 2937 3442 3009 psalmo
3477 2955 3488 2988 :
3520 2935 3598 2990 De
3625 2944 3730 2989 tor-

2142 3050 2281 3093 rente
2306 3041 2359 3093 in
2382 3039 2463 3091 via
2492 3037 2628 3091 bibit.
2660 3037 2736 3090 De
2763 3044 3018 3100 torrente,
3051 3047 3185 3102 aqua
3216 3030 3302 3084 illa
3326 3044 3445 3100 quae
3471 3025 3735 3096 signiﬁcat

2144 3130 2400 3201 populum
2429 3135 2852 3198 persecutorem,
2884 3123 3007 3178 inde
3033 3120 3166 3176 bibit
3191 3119 3279 3185 ille
3303 3117 3395 3196 qui
3420 3104 3552 3174 dixit
3577 3114 3736 3169 disci-

2148 3193 2285 3294 pulis
2317 3242 2330 3275 :
2362 3193 2581 3276 Potestis
2621 3218 2784 3272 bibere
2811 3217 3017 3270 calicem
3045 3230 3191 3286 quem
3219 3193 3582 3282 ego-bibiturus
3623 3222 3738 3260 sum

2152 3314 2362 3389 (Matth.
2395 3330 2486 3380 xx,
2518 3311 2656 3383 Q2)?
2688 3309 2763 3366 De
2791 3317 3007 3363 torrente
3031 3306 3085 3360 in
3113 3306 3193 3358 via
3221 3301 3359 3356 bibit.
3391 3297 3527 3368 Quid
3555 3305 3656 3362 est,
3684 3295 3738 3349 in

2147 3385 2228 3462 uia
2250 3403 2710 3461 bibit?'l‘ransiens
2735 3399 2889 3464 bibit,
2911 3413 3014 3452 non
3047 3395 3220 3450 haesit.
3245 3392 3305 3448 In
3328 3391 3411 3446 via
3436 3385 3737 3458 bibitgquia

2149 3501 2216 3556 de
2242 3500 2331 3554 illo
2355 3498 2493 3550 forte
2516 3493 2718 3548 dictum
2743 3500 2846 3558 est,
2868 3489 2932 3542 Et
2961 3489 3014 3540 in
3040 3486 3120 3539 via
3149 3491 3467 3554 peccatorum
3483 3495 3583 3532 non
3605 3475 3740 3532 stetit

2156 3589 2324 3664 (Psal.
2352 3605 2390 3656 ι,
2412 3588 2486 3658 1).
2512 3582 2802 3640 Transiens
2822 3579 2974 3646 bibit.
2999 3576 3067 3631 Et
3093 3574 3218 3645 quid
3246 3571 3368 3630 inde
3391 3570 3589 3624 dictum
3615 3565 3740 3620 est?

2154 3663 2432 3755 Propterea
2467 3679 2705 3736 exaltabit
2733 3683 2884 3746 caput
2916 3671 3086 3743 (Psal.
3119 3684 3205 3724 crx
3228 3707 3243 3733 ,
3273 3665 3354 3735 9).
3381 3663 3456 3716 De
3482 3668 3700 3726 torrente
3721 3699 3736 3724 ,

2156 3751 2342 3848 inquit,
2362 3776 2413 3829 in
2442 3774 2520 3827 via
2550 3771 2687 3836 bibit,
2708 3775 2970 3839 prapterea
2987 3758 3223 3818 exaltabit
3250 3765 3418 3825 caput.
3439 3751 3744 3812 Exaltatum

2155 3880 2235 3925 est
2264 3869 2404 3923 enim
2430 3868 2537 3935 jam
2567 3870 2728 3932 caput
2756 3867 2999 3913 nostrum
3023 3895 3039 3921 ,
3067 3852 3188 3922 quia
3219 3850 3285 3904 de
3314 3853 3551 3903 torrente
3578 3843 3632 3896 in
3658 3839 3744 3893 via

2156 3961 2327 4026 bibit;
2356 3931 2543 4028 passus
2567 3931 2650 4009 est
2693 3951 2835 4006 enim
2865 3946 3120 4002 Dominus
3165 3948 3364 3995 noster.
3393 3936 3446 4002 Si
3471 3949 3600 4003 ergo
3635 3931 3746 4001 iam

2159 4051 2445 4107 exaltatum
2474 4055 2556 4101 est
2585 4052 2744 4112 caput
2773 4047 3013 4094 nostrum
3035 4076 3052 4102 ,
3081 4031 3208 4104 quid
3237 4031 3387 4084 timet
3411 4038 3608 4096 corpus
3636 4031 3750 4076 tor-

2160 4141 2401 4201 rentem?
2421 4139 2548 4196 Sine
2575 4137 2757 4201 dubio,
2778 4132 2900 4204 quia
2927 4135 3087 4198 caput
3111 4124 3399 4181 exaltatum
3427 4128 3528 4184 est,
3550 4124 3604 4172 et
3628 4127 3748 4168 cor-

2161 4254 2261 4310 pus
2287 4236 2427 4292 dicet
2455 4241 2635 4304 postea
2662 4271 2676 4295 ,
2708 4225 3002 4280 Torrentem
3025 4217 3314 4292 pertransiit
3337 4213 3507 4267 anima
3533 4217 3708 4264 nostra
3728 4222 3746 4258 :

2162 4337 2374 4402 fortasse
2405 4323 2694 4397 pertransiit
2721 4318 2891 4373 anima
2912 4324 3082 4370 nostra
3106 4326 3289 4380 aquam
3316 4309 3422 4361 sine
3449 4302 3748 4358 substantia.

2166 4396 2302 4480 Ecce
2326 4421 2538 4493 qualem
2563 4431 2754 4486 aquam
2779 4412 3009 4477 dicebat,
3031 4406 3271 4460 Forsitan
3294 4417 3424 4472 aqua
3437 4396 3752 4452 demersisset

2165 4535 2274 4573 nos.
2306 4487 2488 4584 Qualis
2515 4519 2692 4565 autem
2721 4520 2857 4577 aqua
2881 4512 2962 4558 est
2987 4500 3107 4556 sine
3134 4492 3460 4554 substantia?
3481 4487 3623 4558 Quid
3647 4493 3752 4551 est,

2165 4611 2272 4665 sine
2299 4601 2623 4661 substantia?

2238 4700 2290 4755 8.
2312 4698 2490 4752 Primo
2515 4690 2642 4762 quid
2663 4699 2766 4756 est,
2787 4686 3028 4742 Forsitan
3051 4678 3341 4754 pertransiit
3355 4675 3527 4730 anima
3555 4668 3756 4725 nostra!

2168 4777 2445 4860 Quomodo
2475 4760 2765 4858 potuerunt
2789 4782 2929 4835 enim
2954 4819 2970 4844 ,
2999 4774 3171 4831 Latini
3209 4774 3589 4841 expresserunt
3613 4760 3758 4834 quod

2169 4855 2341 4943 (irasci
2369 4855 2553 4938 dicunt
2577 4886 2692 4949 ἄρα.
2716 4875 2805 4930 Sic
2829 4872 2972 4926 enim
2993 4881 3165 4937 graeca
3188 4864 3387 4919 habent
3409 4855 3755 4926 exemplaria,

2169 4983 2269 5050 ἄρα
2302 4996 2314 5030 :
2347 4978 2469 5046 quia
2499 4944 2790 5027 dubitantis
2815 4963 3036 5020 verbum
3059 4966 3179 5021 est,
3206 4964 3520 5024 expressum
3541 4957 3624 5002 est
3643 4944 3760 5015 qui-

2171 5037 2293 5128 dem
2331 5037 2679 5135 dubitationis
2723 5056 2886 5114 verbo
2911 5095 2925 5119 ,
2956 5048 3098 5122 quod
3125 5045 3208 5103 est
3233 5050 3486 5115 fortasse;
3515 5037 3610 5093 sed
3655 5050 3760 5089 non

2173 5133 2393 5218 omnino
2419 5158 2523 5212 hoc
2547 5162 2649 5209 est.
2697 5151 2986 5204 Possumus
3015 5139 3142 5196 illud
3172 5137 3336 5223 velrbo
3377 5131 3557 5190 dicere
3585 5129 3763 5182 minus

2174 5254 2386 5331 quidem
2415 5249 2575 5305 latine
2601 5243 2906 5312 conjuncto,
2925 5237 3018 5292 sed
3045 5241 3170 5304 apto
3194 5230 3261 5286 ad
3289 5225 3664 5296 intelligentias
3682 5234 3765 5274 ve-

2176 5317 2332 5414 stras.
2362 5329 2514 5412 Quod
2539 5337 2722 5396 Punici
2751 5335 2953 5398 dicunt,
2976 5331 3074 5395 iar,
3094 5342 3198 5381 non
3225 5324 3450 5395 lignum,
3473 5317 3569 5375 sed
3592 5329 3761 5384 quau—

2178 5401 2556 5495 dubi-tant;
2586 5430 2688 5484 hoc
2717 5423 2911 5487 Graeci,
2943 5427 3037 5491 ἄρα
3062 5438 3074 5472 :
3100 5418 3202 5472 hoc
3227 5413 3398 5472 Latini
3426 5415 3650 5481 possunt
3680 5401 3767 5460 vel

2180 5534 2355 5589 solent
2375 5529 2572 5591 dicere,
2603 5523 2784 5586 Putas,
2816 5532 2936 5574 cum
2967 5515 3039 5568 ita
3063 5514 3386 5580 loquuntur:
3416 5505 3595 5564 Putas,
3619 5494 3766 5556 evasi

2180 5623 2326 5679 hoc?
2350 5621 2406 5676 Si
2433 5600 2561 5688 ergo
2585 5615 2810 5672 dicatur,
2833 5607 3078 5663 Forsitan
3109 5600 3274 5666 evasi,
3300 5596 3488 5651 videtis
3514 5591 3636 5662 quia
3659 5602 3763 5642 non

2313 5719 2470 5767 sonat
2493 5677 2642 5761 sed
2668 5702 2810 5773 quod
2837 5699 2966 5762 dixi,
2996 5696 3176 5757 Putas,
3207 5690 3402 5746 usitate
3423 5685 3664 5744 dicitur;
3694 5677 3764 5732 ια.

557 5758 596 5812 ³⁷
619 5758 898 5836 Eii'mga.
921 5758 1084 5828 ven”
1124 5766 1165 5818 si
1204 5761 1502 5829 aggrederis.
1567 5770 1708 5820 lov.,
1752 5758 1792 5808 si
1828 5758 2080 5824 aggredie-
2185 5758 2286 5816 ’ζνν
2313 5758 2467 5811 """j
2501 5758 2512 5760 -
2547 5758 2650 5808 -ς-ὴ,
2687 5758 2702 5773 -
2957 5758 2963 5762 -
3023 5787 3034 5798 _
3070 5785 3079 5796 '
3261 5783 3271 5792 θ

557 5857 585 5886 ι.
683 5847 736 5886 M-
2185 5815 2294 5860 une
2320 5809 2526 5857 nonus
2549 5796 2762 5854 dicitur.
2795 5791 2864 5848 Et
2892 5797 3040 5860 potui
3068 5783 3198 5841 illud
3223 5781 3424 5846 dicere,
3454 5789 3576 5832 cum
3602 5779 3766 5826 tracta

493 5854 585 5897 ηε.
683 5847 720 5887 Μ
