4074 6538
319 500 502 566 vobis;
531 512 674 568 smpe
699 498 840 554 enim
867 505 920 554 et
943 497 1102 554 verba
1129 509 1232 553 non
1263 497 1423 553 latina
1445 499 1584 566 dico,
1610 508 1669 554 ut
1694 513 1788 556 vos
1813 502 1886 554 in-

318 590 580 660 telligatis.
599 589 660 645 In
676 589 945 659 Scriptura
966 597 1142 644 autem
1158 604 1262 643 non
1281 589 1449 660 potuit
1466 589 1568 644 hoc
1583 589 1727 659 poni,
1746 590 1889 661 quod

320 682 530 736 latinum
577 697 681 736 non
709 691 888 749 esset;
918 689 971 736 et
1013 680 1290 737 deﬁciente
1334 681 1592 736 latinitate
1613 721 1628 747 ,
1659 682 1889 752 positum

316 783 394 828 est
414 789 514 845 pro
527 788 614 839 eo,
632 772 774 843 quod
802 786 907 826 non
934 772 1038 827 hoc
1056 782 1290 827 sonaret.
1310 771 1399 826 Sic
1421 781 1593 825 tamen
1616 771 1888 842 intelligite

314 871 413 924 dici
447 887 460 922 :
493 868 656 923 Putas
677 906 694 933 ,
722 867 1018 938 pertransiit
1039 867 1207 919 anima
1235 874 1404 920 nostra
1428 881 1610 934 aquam
1633 865 1741 919 sine
1764 867 1885 919 sub-

313 961 495 1015 stantia
515 960 542 1014 1⁸
568 960 637 1014 Et
662 973 834 1030 quare
853 957 1054 1020 dicunt,
1079 956 1237 1010 Putas
1258 956 1283 1011 i
1307 956 1439 1023 Quia
1467 955 1774 1026 magnitudo
1795 970 1890 1028 pe-

316 1053 464 1107 ricuii
489 1053 573 1107 vix
612 1051 736 1106 facit
760 1049 1013 1106 credibile
1038 1048 1179 1119 quod
1206 1047 1392 1103 evasit.
1419 1047 1660 1119 Magnam
1701 1063 1886 1103 necem

314 1144 661 1216 pertulerunt,
685 1143 742 1197 in
761 1141 968 1212 magnis
987 1139 1381 1196 discriminibus
1407 1139 1646 1206 fuerunt;
1669 1139 1888 1194 omnino

315 1238 392 1292 sie
413 1237 580 1306 pressi
607 1245 748 1301 sunt,
772 1239 830 1289 ut
853 1249 987 1305 pene
1013 1233 1117 1287 vivi
1145 1233 1526 1300 consentirent,
1551 1239 1607 1285 ut
1634 1245 1767 1301 pene
1784 1231 1886 1285 vivi

314 1326 724 1382 absorberentur
744 1342 758 1378 :
778 1325 888 1395 jam
915 1338 1044 1394 ergo
1071 1322 1375 1387 evadentes,
1402 1321 1511 1392 jam
1551 1322 1762 1389 securi,
1792 1319 1887 1375 sed

315 1417 478 1488 ipsius
520 1416 738 1486 periculi
790 1414 1207 1486 magnitudinem
1254 1412 1634 1480 recordantes,
1685 1411 1882 1476 Putas,

316 1512 558 1582 inquiunt
587 1549 605 1578 ,
649 1510 944 1579 pertransiit
974 1509 1147 1563 anima
1181 1516 1354 1562 nostra
1397 1521 1580 1577 aquam
1615 1505 1726 1561 sine
1765 1503 1886 1559 sub-

315 1604 542 1658 mia?

385 1696 440 1752 9.
471 1697 605 1764 Quae
625 1703 710 1751 est
729 1704 870 1766 aqua
889 1694 1010 1750 sine
1040 1693 1330 1748 substantia
1357 1734 1371 1759 ,
1405 1691 1504 1746 nisi
1531 1706 1662 1760 aqua
1696 1703 1885 1760 pecca-

320 1797 487 1844 torum
516 1786 632 1841 sine
654 1783 982 1840 substantia?
1000 1783 1218 1837 Peccata
1241 1783 1382 1837 enim
1413 1796 1516 1836 non
1548 1780 1743 1834 habent
1763 1780 1888 1835 sub—

319 1878 568 1934 stantiam
595 1894 608 1930 :
639 1875 872 1946 inopiam
899 1875 1115 1938 habent,
1140 1889 1244 1929 non
1273 1873 1620 1928 substantiam
1645 1888 1660 1937 ;
1692 1879 1891 1941 egesta-

321 1978 429 2026 tem
450 1967 646 2022 habent
665 2008 678 2032 ,
724 1982 828 2020 non
855 1965 1223 2020 substantiam.
1253 1963 1308 2018 In
1336 1967 1432 2017 ista
1461 1977 1594 2032 aqua
1621 1963 1736 2016 sine
1760 1961 1887 2016 sub-

319 2059 546 2126 etantia,
577 2056 809 2127 perdidit
845 2056 938 2110 ille
971 2056 1144 2110 minor
1188 2055 1324 2109 illius
1352 2062 1511 2109 totam
1539 2052 1886 2108 substantiam

319 2166 489 2209 suam.
517 2149 696 2205 Nostis
723 2149 866 2204 enim
891 2148 1013 2217 quia
1035 2147 1209 2204 mittor
1234 2147 1376 2202 ﬁlius
1396 2147 1760 2215 peregrinatus
1782 2153 1884 2212 est,

319 2250 374 2297 et
384 2241 514 2296 dixit
535 2240 666 2311 patri
685 2256 698 2292 :
720 2239 804 2293 Ba
817 2239 941 2293 mihi
954 2239 1230 2308 porticum
1249 2237 1536 2291 substantiae
1553 2251 1666 2304 qua!
1682 2251 1757 2289 me
1777 2251 1890 2288 con-

319 2333 480 2404 tingit.
513 2331 651 2400 Quid
696 2332 788 2386 tibi
819 2329 939 2384 vis?
982 2329 1172 2384 Melius
1198 2328 1334 2397 apud
1379 2337 1580 2397 patrem
1609 2333 1884 2391 servatur;

321 2433 408 2482 tua
447 2431 532 2481 est
559 2441 572 2476 :
603 2423 900 2493 dilapidare
917 2422 1058 2475 illam
1097 2422 1216 2485 vis;
1245 2419 1508 2490 proﬁcisci
1552 2419 1632 2474 vis
1660 2420 1883 2488 longius.

319 2515 403 2571 Da
427 2515 590 2583 mihi;
615 2515 712 2571 sed
748 2515 818 2568 da
1015 2513 1168 2568 Dedit
1208 2511 1304 2566 iiii.
1336 2509 1607 2566 Proiectus
1631 2511 1682 2565 in
1713 2512 1886 2580 regio-

320 2623 443 2664 nem
482 2608 822 2678 longinquam
845 2607 1030 2660 vivens
1069 2604 1287 2674 prodige
1325 2619 1452 2659 cum
1478 2603 1846 2658 meretricibus
1868 2646 1884 2668 ,

317 2698 548 2769 perdidit
573 2705 742 2753 totam
761 2697 1112 2752 substantiam
1146 2712 1160 2748 :
1190 2707 1352 2764 egens
1379 2694 1672 2760 remansit,
1700 2707 1887 2762 porcos

318 2790 466 2858 pavit
488 2803 504 2853 ;
535 2788 587 2844 in
612 2795 848 2858 egestate
869 2801 966 2841 sua
987 2785 1151 2855 patris
1171 2784 1386 2839 divitias
1406 2783 1713 2839 recordatur
1733 2782 1883 2853 (Luc.

313 2894 385 2936 xv
405 2918 424 2946 ,
457 2879 662 2948 i947).
694 2878 798 2933 Nisi
829 2891 949 2934 eum
991 2885 1196 2947 egestas
1227 2876 1490 2946 plusasset
1511 2915 1527 2941 ,
1555 2875 1702 2928 iliam
1725 2873 1886 2928 satie-

316 2977 477 3025 tatem
509 2984 618 3026 uon
643 2968 983 3028 desideraret.
1016 2967 1364 3023 Cri-siderent
1391 2979 1521 3035 ergo
1548 2978 1734 3020 euntes
1765 2977 1890 3033 pee-

317 3070 430 3118 cata
459 3076 578 3127 sua,
597 3060 809 3122 videant
835 3061 882 3119 si
912 3060 1108 3116 habent
1131 3058 1480 3114 substantiam
1504 3057 1622 3126 ipsa
1649 3064 1885 3126 peccata.

316 3153 539 3224 Propter
567 3151 692 3223 quid
717 3145 1142 3214 irritavit'Deum
1161 3157 1407 3220 peccator
1430 3145 1597 3217 (Paul.
1627 3161 1680 3200 ix
1703 3187 1718 3212 ,
1752 3144 1838 3214 15)
1863 3145 1887 3196 ?

316 3243 369 3301 Si
396 3261 500 3300 non
520 3245 667 3300 vides
693 3254 963 3315 peccatum
991 3253 1137 3298 tuum
1163 3251 1442 3310 antequam
1470 3227 1654 3305 facias,
1674 3238 1761 3292 vel
1776 3237 1884 3306 jam

314 3350 434 3391 cum
463 3335 629 3391 fecisti
673 3336 968 3391 considera.
996 3332 1232 3409 Dulcedo
1258 3330 1414 3400 hujus
1438 3329 1617 3384 saeculi
1642 3327 1708 3382 ad
1749 3337 1884 3381 tem-

314 3443 412 3498 pus
440 3427 618 3483 fauces
643 3427 905 3492 indulcat;
925 3427 976 3480 in
1001 3439 1250 3495 magnam
1268 3420 1673 3482 amaritudinem
1702 3425 1885 3487 postea

314 3530 667 3576 convertetur.
699 3521 832 3576 Ecce
876 3517 1142 3589 peccasti,
1175 3525 1229 3572 et
1267 3515 1476 3572 lucrum
1514 3511 1683 3576 iecisti
1714 3526 1730 3564 :
1761 3509 1886 3579 quid

314 3621 398 3668 est
420 3654 434 3677 ,
464 3611 604 3681 quod
633 3610 804 3665 fecisti
830 3607 1075 3664 lucrum?
1099 3605 1168 3663 Ut
1196 3607 1400 3661 lucrum
1443 3602 1648 3658 faceres
1670 3640 1687 3668 ,
1721 3599 1885 3654 Deum

315 3703 580 3760 offendisti
603 3746 618 3770 ,
649 3715 705 3757 ut
725 3717 944 3773 augeres
969 3699 1240 3771 pecuniam
1268 3739 1282 3763 ,
1312 3696 1443 3758 ﬁdes
1468 3695 1738 3750 deminuta
1765 3700 1847 3746 est
1869 3732 1893 3758 ,ι

313 3803 368 3850 ει
407 3810 595 3850 aurum
622 3795 809 3848 crevit.
832 3791 966 3858 Quid
992 3789 1270 3861 perdidisti
1295 3827 1311 3854 ,
1343 3795 1396 3842 et
1423 3785 1549 3856 quid
1577 3783 1888 3855 acquisisti?

312 3883 467 3952 Quod
495 3883 785 3955 acquisisti,
807 3897 994 3935 aurum
1024 3889 1260 3942 vocatur,
1280 3877 1421 3947 quod
1443 3875 1736 3948 perdidisti,
1759 3873 1888 3928 ﬁdes

312 3985 533 4036 vocatu-
557 3994 569 4028 :
594 3989 841 4044 compara
869 3972 1021 4027 [idem
1045 3986 1202 4035 auro;
1223 3971 1264 4023 si
1295 3969 1495 4023 venalis
1522 3976 1662 4021 esset
1688 3959 1739 4019 in
1758 3982 1890 4019 nun-

310 4065 452 4123 dinis
478 4066 628 4130 ﬁdes,
653 4064 869 4118 haberet
899 4063 1122 4130 pretium
1145 4061 1168 4113 ‘i
1197 4059 1363 4113 Lucra
1389 4066 1478 4112 tua
1502 4057 1720 4127 cogitas,
1743 4055 1891 4110 dam-

311 4166 491 4212 natua
511 4171 617 4208 non
637 4153 868 4224 cogitas?
887 4152 959 4205 De
981 4166 1099 4204 arca
1122 4149 1339 4220 gaudes,
1359 4147 1426 4203 de
1443 4147 1602 4202 corde
1629 4161 1732 4200 non
1752 4145 1892 4214 plan-

310 4246 390 4318 gis
410 4247 438 4300 ?
464 4243 716 4299 Abundat
740 4240 919 4297 nescio
947 4239 1073 4310 quid
1116 4240 1168 4293 in
1195 4253 1317 4292 arca
1344 4246 1430 4291 tua
1456 4254 1470 4302 ;
1499 4236 1590 4291 sed
1621 4236 1738 4289 vide
1765 4234 1891 4305 quid

249 4341 252 4344 ’
309 4337 652 4393 imminutum
680 4335 750 4389 sit
779 4334 830 4387 in
860 4331 1020 4386 corde
1049 4340 1155 4385 tuo.
1198 4329 1331 4384 Cum
1359 4327 1632 4397 aperueris
1671 4342 1847 4380 arcam
1874 4367 1888 4394 ,

311 4429 557 4486 invenies
585 4426 783 4482 solidos
830 4425 920 4494 qui
952 4437 1053 4478 non
1103 4429 1257 4476 erant
1287 4437 1304 4476 :
1333 4419 1471 4474 bene
1495 4458 1510 4482 ,
1544 4417 1667 4488 quia
1695 4417 1892 4488 gaudes

311 4537 435 4578 esse
463 4520 535 4575 ibi
551 4517 694 4590 quod
718 4516 790 4571 ibi
819 4530 922 4570 non
950 4522 1085 4569 erat.
1104 4511 1332 4566 Attende
1359 4525 1533 4564 arcam
1551 4509 1755 4573 cordis;
1781 4517 1894 4563 erat

312 4613 386 4668 ibi
417 4609 547 4664 ﬁdes
572 4650 586 4674 ,
620 4617 673 4662 et
708 4621 813 4661 non
855 4614 952 4659 est.
984 4601 1038 4658 Si
1066 4602 1165 4656 hac
1207 4599 1405 4671 gaudes
1427 4640 1444 4666 ,
1475 4615 1636 4669 quare
1666 4599 1761 4652 hac
1790 4614 1892 4652 non

312 4698 565 4772 plangis?
593 4696 717 4752 Plus
762 4691 1034 4766 perdidisti
1060 4707 1216 4762 quam
1261 4689 1550 4760 acquisisti.
1596 4687 1690 4742 Vis
1717 4688 1894 4742 videre

314 4791 442 4860 quid
462 4785 788 4860 perdideris?
806 4784 914 4840 Nec
938 4782 1209 4852 naufragio
1229 4781 1320 4834 tibi
1337 4789 1515 4849 posset
1536 4777 1746 4832 auferri.
1766 4776 1894 4830 Nam

315 4877 606 4949 aliquando
635 4875 861 4946 perdtmt
889 4873 1065 4930 omnia
1094 4873 1144 4926 in
1169 4871 1322 4935 mari,
1355 4870 1482 4924 nudi
1515 4876 1724 4924 exeunt.
1750 4867 1896 4922 Multi

318 4970 764 5040 naufragaverunt
793 4979 912 5021 cum
935 4963 1100 5019 Paulo
1129 4963 1263 5034 (Act.
1300 4975 1456 5025 xxvn,
1479 4958 1568 5026 4i)
1598 4977 1609 5010 :
1633 4967 1897 5012 amatores

317 5061 480 5128 hujus
503 5057 680 5113 saeculi
723 5055 863 5126 passi
890 5060 1016 5108 sunt
1059 5050 1428 5122 naufragium;
1460 5056 1513 5103 et
1542 5047 1670 5102 nudi
1711 5061 1896 5102 omnes

317 5150 596 5214 exierunt;
619 5146 698 5202 liii
721 5155 775 5201 et
796 5143 935 5216 quod
965 5141 1094 5198 foris
1120 5141 1384 5196 habebant
1410 5142 1724 5203 amiserunt,
1743 5136 1898 5192 etde-

317 5255 466 5296 mum
498 5237 675 5294 cordis
699 5237 784 5292 sui
810 5236 1127 5290 invenerunt
1152 5231 1359 5286 inanem
1388 5227 1619 5284 :Paulus
1647 5235 1822 5281 autem
1845 5226 1900 5280 in

317 5330 486 5386 corde
513 5327 716 5384 ferebat
735 5325 1108 5397 patrimonium
1135 5320 1255 5375 ﬁdei
1285 5333 1426 5383 suae;
1452 5317 1608 5372 nullis
1631 5315 1895 5382 ﬂuctibus,

320 5423 486 5479 nullis
513 5419 916 5489 tempestatibus
940 5414 1109 5486 potuit
1137 5410 1369 5477 auferri;
1393 5409 1566 5464 nudus
1591 5409 1741 5474 exiit,
1758 5417 1812 5462 et
1828 5405 1903 5462 di-

320 5528 420 5568 ves
443 5511 593 5566 exiit.
611 5508 768 5563 Tales
779 5505 990 5561 divitias
1007 5515 1247 5573 quaerere
1261 5499 1535 5555 debemus.
1556 5496 1665 5553 Sed
1684 5512 1792 5552 non
1810 5505 1902 5551 eas

323 5605 504 5667 video,
536 5601 670 5657 dicis
697 5598 847 5654 mihi.
881 5595 1055 5652 Stulta
1083 5594 1281 5657 anima,
1311 5605 1416 5646 non
1445 5605 1536 5644 eas
1561 5589 1709 5643 vides
1733 5589 1902 5644 oculis

323 5695 507 5752 carnis
532 5702 675 5758 tuae;
707 5689 907 5744 habete
925 5685 1138 5742 oculum
1162 5682 1340 5738 cordis
1359 5725 1376 5747 ,
1406 5688 1462 5736 et
1485 5679 1634 5733 vides
1657 5693 1768 5734 eas.
1799 5676 1902 5732 Sed

325 5801 436 5843 non
460 5783 605 5838 vides
632 5779 812 5834 ﬁdem.
838 5777 1014 5845 Quare
1053 5775 1196 5830 iilam
1238 5771 1386 5825 vides
1413 5770 1466 5824 in
1497 5766 1705 5821 altero?
1731 5765 1906 5836 Quare

325 5877 532 5936 clamas
555 5869 770 5945 quando
795 5867 888 5924 tibi
914 5866 1192 5935 frangitur,
1209 5865 1253 5916 si
1276 5876 1384 5916 non
1408 5873 1524 5920 eam
1552 5856 1731 5912 vides?
1748 5853 1904 5909 Fran-

1379 381 1773 442 ENARRATIO
1809 383 1875 440 IN
1914 385 2232 446 PSALMUM
2272 384 2498 444 CXXIII.

3429 395 3564 451 1646

1999 512 2084 572 gat
2109 501 2200 556 tibi
2226 502 2414 572 aliquis
2443 501 2632 568 ﬁdem;
2665 502 2880 560 clamas.
2909 502 3001 560 Vis
3027 518 3155 576 ergo
3184 506 3279 562 tibi
3303 507 3563 577 exhiberi,

1997 600 2050 646 et
2069 602 2195 648 tunc
2222 592 2399 658 vides;
2423 608 2543 648 cum
2571 593 2787 664 petitur,
2812 603 2872 649 ut
2899 595 3172 664 exhibeas,
3203 606 3328 654 tunc
3354 615 3458 654 non
3490 602 3562 654 vi-

1979 673 2131 737 des?
2171 682 2321 750 Quod
2346 682 2541 738 clamas
2563 684 2724 738 alium
2751 699 2856 740 non
2883 683 3083 743 habere
3108 702 3231 758 erga
3256 696 3307 742 te
3328 729 3344 754 ,
3375 689 3564 762 plunge

1995 780 2047 828 te
2073 789 2176 827 non
2204 773 2402 829 habere
2422 790 2544 846 erga
2567 775 2748 830 alium.
2772 775 2836 830 Et
2853 775 2974 832 vide
2988 778 3109 848 quia
3136 790 3408 854 peccatum
3424 782 3564 856 quod

1992 862 2142 931 facis,
2161 866 2276 921 sine
2293 865 2584 921 substantia
2602 876 2703 922 est.
2724 867 2875 936 Quod
2891 869 3031 924 enim
3057 872 3348 942 acquiritur
3367 873 3432 928 de
3454 889 3564 944 pec-

1992 962 2131 1021 cato,
2153 956 2360 1011 videtur
2387 971 2506 1012 esse
2535 957 2850 1013 substantia.
2879 956 2985 1016 Sed
3009 969 3064 1017 et
3090 961 3190 1018 hoc
3216 978 3320 1019 non
3345 965 3562 1035 acquiri:

1994 1053 2097 1100 tur.
2125 1043 2217 1100 Ille
2238 1047 2379 1101 enim
2407 1046 2565 1102 habet
2589 1064 2796 1114 aurum,
2815 1050 2904 1119 qui
2931 1052 3077 1105 novit
3099 1053 3172 1107 uti
3198 1069 3329 1110 auro
3347 1073 3360 1108 :
3376 1056 3464 1125 qui
3479 1071 3548 1112 au

1993 1147 2098 1199 tem
2129 1154 2259 1194 auro
2284 1141 2357 1194 uti
2388 1156 2494 1195 non
2522 1141 2704 1207 novit,
2734 1141 2957 1198 habetur
2979 1184 2995 1210 ,
3023 1159 3128 1199 non
3170 1145 3361 1213 habet;
3392 1149 3561 1218 possi-

1988 1230 2164 1316 detur,
2198 1248 2302 1286 non
2330 1233 2586 1302 possidet.
2618 1233 2801 1289 Estote
2830 1234 3032 1290 domini
3055 1238 3190 1302 auri,
3213 1248 3267 1292 et
3293 1254 3397 1296 non
3424 1241 3560 1296 servi

1991 1323 2102 1376 auri
2136 1339 2151 1377 :
2181 1321 2302 1392 quia
2332 1330 2388 1377 et
2428 1337 2614 1377 aurum
2645 1325 2780 1380 Deus
2824 1325 2951 1384 fecit
2972 1367 2985 1390 ,
3018 1338 3071 1382 et
3112 1337 3161 1383 te
3190 1344 3350 1404 super
3377 1344 3562 1403 aurum

1991 1414 2104 1484 ipse
2133 1413 2292 1479 fecit;
2324 1428 2510 1467 aurum
2540 1413 2660 1468 fecit
2700 1415 2764 1469 ad
2794 1416 3084 1472 subsidium
3111 1427 3254 1474 tuum
3280 1460 3295 1486 ,
3339 1430 3392 1476 et
3423 1429 3473 1477 te
3498 1421 3561 1478 ad

1991 1503 2270 1573 imaginem
2297 1518 2466 1558 suam.
2495 1502 2627 1558 Vide
2655 1505 2796 1574 quod
2823 1521 2982 1576 supra
3009 1517 3059 1562 te
3100 1517 3217 1574 est,
3245 1517 3300 1564 et
3339 1511 3512 1570 calcas
3543 1512 3559 1542 ⁸

1993 1595 2131 1664 quod
2149 1593 2282 1650 infra
2305 1604 2356 1651 te
2368 1603 2468 1650 est.
2487 1595 2623 1664 Quid
2643 1612 2769 1666 ergo
2785 1599 3088 1667 acquisisti?
3106 1599 3195 1655 Vis
3209 1601 3390 1658 videre
3406 1619 3561 1674 quam

1993 1703 2125 1759 aqua
2152 1691 2266 1746 sine
2291 1690 2582 1746 substantia
2609 1691 2710 1746 sit?
2731 1691 2877 1746 Tolle
2909 1703 3079 1748 tecum
3102 1695 3168 1749 ad
3200 1693 3398 1752 inferos
3423 1697 3563 1768 quod

1992 1783 2260 1852 acquisisti
2292 1798 2306 1834 :
2340 1782 2465 1853 quid
2493 1782 2726 1839 facturus
2753 1784 2855 1839 es?
2883 1785 3166 1860 Acquisisti
3193 1803 3380 1844 aurum
3405 1831 3420 1854 ,
3452 1805 3564 1862 per-

1991 1868 2170 1925 didisti
2197 1871 2351 1926 ﬁdem
2385 1888 2400 1925 :
2433 1881 2554 1943 post
2577 1889 2772 1944 paucos
2794 1873 2906 1929 dies
2935 1875 3049 1930 exis
3078 1876 3143 1930 de
3169 1871 3269 1932 hac
3295 1878 3400 1932 vita
3424 1920 3440 1946 ,
3469 1895 3564 1936 au-

1991 1976 2108 2014 rum
2134 1962 2272 2032 quod
2299 1963 2570 2033 acquisisti
2597 1965 2797 2033 perdita
2841 1964 2945 2020 ﬁde
2970 2007 2985 2032 ,
3017 1965 3227 2024 auferre
3255 1977 3427 2024 tecum
3459 1987 3564 2026 non

1993 2064 2162 2125 potes;
2187 2070 2280 2110 cor
2311 2066 2455 2111 tuum
2485 2057 2640 2112 inane
2669 2055 2808 2122 ﬁdei,
2835 2057 2900 2112 ad
2932 2073 3117 2127 pmnas
3144 2060 3270 2126 exit,
3305 2061 3445 2130 quod
3466 2063 3567 2136 ple-

1993 2162 2118 2199 num
2137 2145 2240 2202 ﬁde
2256 2145 2320 2201 ad
2336 2163 2585 2202 coronam
2602 2148 2791 2203 exiret.
2809 2147 2949 2204 Ecce
2974 2149 3100 2205 nihil
3118 2156 3202 2207 est
3217 2153 3358 2222 quod
3376 2153 3564 2222 fecisti,

1993 2248 2047 2292 et
2069 2248 2285 2310 propter
2312 2239 2444 2294 nihil
2470 2240 2633 2295 Deum
2655 2240 2939 2296 offendisti.
2965 2243 3113 2313 Aqua
3139 2244 3254 2299 sine
3277 2246 3564 2304 substantia

1992 2337 2075 2384 est
2101 2346 2216 2400 qure
2237 2338 2290 2386 te
2310 2329 2584 2386 demersit.
2615 2332 2837 2402 Propter
2861 2332 2986 2403 quid
3008 2333 3232 2389 irritavit
3259 2334 3424 2390 Deum
3453 2352 3550 2407 pec

1991 2421 2172 2475 calor?
2189 2421 2589 2476 Confundantur
2607 2421 2785 2492 inique
2817 2423 3068 2480 iacientes
3085 2440 3217 2481 vane
3234 2425 3402 2498 (Psal.
3424 2417 3562 2492 xsiv,

1991 2509 2068 2582 4).
2088 2510 2251 2567 Nemo
2268 2513 2406 2568 enim
2423 2527 2530 2566 non
2550 2513 2774 2567 inaniter
2788 2513 2966 2584 inique
2985 2512 3136 2580 facit;
3161 2514 3255 2570 sed
3273 2530 3432 2571 nemo
3445 2531 3565 2571 con-

1992 2602 2207 2658 siderat.

2065 2693 2151 2748 i0.
2185 2695 2322 2748 Eunt
2347 2694 2587 2748 homines
2608 2734 2623 2760 ,
2652 2693 2872 2748 audiunt
2913 2694 3249 2762 proverbium
3283 2696 3411 2752 illud
3445 2685 3562 2753 vul~

1991 2801 2145 2856 gare;
2173 2793 2226 2839 et
2263 2784 2539 2853 proverbia
2574 2783 2664 2838 Dei
2691 2783 2978 2838 dormitant
3005 2785 3057 2838 in
3088 2785 3166 2840 eis
3186 2787 3227 2838 ⁸.
3256 2785 3406 2854 Quod
3436 2803 3561 2858 pro-

1990 2878 2228 2931 verbium
2243 2876 2270 2930 ?
2292 2875 2430 2930 Malo
2449 2874 2592 2944 quod
2617 2885 2795 2951 teneo,
2821 2890 2975 2944 quam
2999 2870 3140 2944 quod
3167 2891 3342 2946 spero.
3367 2877 3411 2934 0
3435 2877 3567 2934 infe-

1992 2969 2096 3033 lix,
2131 2968 2254 3038 quid
2297 2967 2482 3021 tenes?
2520 2966 2660 3021 Ecce
2693 2965 2826 3021 dicis
2847 3007 2860 3031 ,
2893 2965 3030 3020 Malo
3057 2966 3198 3036 quod
3227 2977 3415 3034 teneo;
3447 2979 3567 3025 tene

1990 3059 2070 3114 sic
2096 3068 2151 3112 ut
2178 3073 2283 3114 non
2309 3059 2538 3121 amittas,
2566 3067 2620 3112 et
2645 3057 2748 3120 die,
2778 3055 2914 3111 Malo
2937 3056 3075 3128 quod
3103 3068 3277 3114 teneo.
3307 3059 3360 3115 Si
3389 3070 3564 3126 autem

1991 3161 2096 3204 non
2127 3159 2294 3215 tenes,
2321 3163 2483 3218 quare
2507 3163 2610 3201 non
2637 3148 2761 3202 illud
2785 3158 2933 3204 tenes
2953 3149 3090 3218 quod
3117 3165 3222 3204 non
3246 3160 3397 3221 potes
3421 3155 3568 3208 amit-

1991 3241 2139 3296 tere?
2161 3240 2298 3308 Quid
2327 3237 2456 3310 ergo
2483 3241 2668 3295 tenes?
2694 3243 2912 3294 Aurum.
2944 3240 3089 3297 Tene
3119 3255 3277 3313 ergo;
3310 3241 3352 3296 si
3381 3251 3528 3298 tenes
3547 3286 3562 3309 ,
3677 3307 3680 3312 _

1992 3345 2097 3384 non
2124 3330 2213 3384 tibi
2244 3329 2510 3383 auferatur
2536 3329 2718 3384 invito.
2748 3329 2801 3384 Si
2831 3340 3006 3384 autem
3035 3339 3087 3384 et
3114 3346 3207 3399 per
3233 3347 3416 3386 aurum
3455 3343 3562 3387 tra-

1992 3418 2137 3473 heris
2157 3433 2262 3488 quo
2279 3433 2386 3471 non
2407 3419 2503 3482 vis,
2527 3427 2581 3473 et
2608 3418 2726 3473 ideo
2749 3428 2800 3472 te
2818 3419 3007 3488 quaerit
3029 3421 3199 3490 major
3223 3430 3417 3491 raptOr,
3442 3423 3562 3492 quia

1993 3512 2192 3565 invenit
2238 3512 2502 3564 minorem
2547 3519 2853 3580 raptorem;
2901 3509 3020 3565 ideo
3067 3519 3118 3565 te
3161 3512 3352 3582 quaerit
3398 3512 3566 3581 major

1992 3605 2185 3673 aquila,
2210 3603 2331 3673 quia
2358 3603 2504 3673 prior
2527 3601 2712 3671 cepisti
2736 3601 2970 3672 leporem
2995 3618 3010 3656 :
3032 3602 3206 3672 praeda
3233 3603 3323 3657 tibi
3350 3599 3446 3656 fuit
3469 3605 3566 3657 mi-

1993 3708 2124 3758 nor,
2157 3692 2334 3762 praeda
2363 3693 2473 3747 eris
2505 3691 2711 3760 majori.
2742 3691 2864 3746 Haec
2899 3707 3002 3746 non
3037 3693 3217 3748 vident
3247 3687 3490 3748 homines
3513 3694 3563 3747 in

1993 3785 2154 3838 rebus
2193 3783 2471 3848 humanis;
2509 3789 2653 3836 tanta
2689 3781 2976 3853 cupiditate
3011 3791 3292 3840 caecantur.
3323 3784 3451 3839 Mira
3479 3799 3566 3839 res

1993 3883 2074 3929 est
2094 3916 2106 3936 ,
2137 3875 2354 3936 fratres;
2386 3874 2603 3928 horrent
2638 3873 2726 3941 qui
2768 3873 3123 3928 considerant.
3157 3874 3356 3942 Quaerit
3382 3884 3566 3944 poten-

1993 3966 2099 4019 tior
2135 3964 2478 4020 inﬁrmiorem
2502 4007 2516 4029 ,
2548 3971 2600 4019 et
2628 3964 2818 4034 (πεωὼ
2845 3977 2966 4018 eum
2993 3964 3322 4034 opprimere,
3355 3977 3461 4019 non
3497 3966 3564 4019 ob

1993 4057 2169 4123 aliud,
2201 4057 2300 4110 nisi
2327 4057 2448 4125 quia
2485 4055 2642 4110 habet
2671 4055 2816 4125 quod
2851 4056 2924 4109 ιιιι
2961 4054 3167 4110 auferat
3194 4073 3208 4110 :
3239 4055 3382 4111 videt
3417 4055 3564 4112 illum

1996 4149 2103 4218 pati
2129 4147 2228 4201 sub
2255 4162 2316 4202 se
2341 4146 2764 4212 tribulationem,
2793 4159 2896 4199 non
2923 4147 2994 4201 ob
3020 4145 3162 4200 aliud
3182 4187 3196 4211 ,
3223 4147 3323 4201 nisi
3353 4155 3570 4216 propter

1995 4238 2136 4307 quod
2173 4237 2364 4301 habet;
2401 4244 2460 4291 et
2495 4236 2598 4291 hoc
2635 4237 2783 4304 ipse,
2819 4245 3037 4307 propter
3071 4237 3211 4308 quod
3248 4237 3336 4291 ille
3372 4238 3566 4306 patitur

1997 4331 2410 4392 tribuiationem,
2440 4328 2508 4383 ad
2537 4343 2595 4383 se
2622 4329 2876 4398 congerit.
2904 4328 3020 4382 Non
3048 4328 3372 4394 attendebat,
3400 4343 3562 4398 quan-

1996 4423 2070 4478 do
2093 4423 2240 4477 illum
2269 4420 2716 4492 persequebatur;
2749 4419 2836 4474 ille
2875 4419 3130 4490 fugiebat,
3161 4420 3252 4475 ille
3283 4421 3565 4490 terqueba-

1996 4525 2114 4581 tur,
2141 4515 2233 4569 ille
2268 4513 2488 4567 timebat
2507 4554 2522 4578 ,
2555 4511 2645 4566 ille
2667 4511 2754 4565 ubi
2784 4525 2844 4565 se
2877 4511 3223 4565 absconderet
3253 4513 3520 4580 quaerth
3549 4529 3564 4566 :

1998 4607 2139 4661 unde
2175 4613 2445 4676 pateretur
2480 4604 2582 4656 ista
2611 4601 2782 4667 mala,
2811 4602 2910 4655 nisi
2947 4603 3067 4672 quia
3109 4600 3370 4657 habebat?
3389 4599 3485 4656 Vel
3513 4602 3565 4656 in

1998 4697 2094 4750 illo
2115 4695 2258 4750 disce
2286 4691 2412 4762 quid
2441 4691 2608 4760 fugias
2641 4708 2656 4744 :
2683 4689 2806 4760 quia
2833 4704 2920 4745 res
2945 4705 3062 4759 qua:
3089 4689 3238 4743 illum
3271 4690 3565 4760 torquebat,

2000 4795 2063 4842 te
2079 4793 2448 4856 persequente,
2470 4797 2546 4836 ne.
2559 4781 2858 4837 auferretur
2875 4796 2907 4835 a
2933 4789 3002 4846 te,
3027 4790 3079 4836 et
3101 4789 3151 4836 te
3173 4783 3250 4837 sic
3277 4781 3437 4836 habet
3461 4790 3569 4836 tor-

2000 4893 2166 4948 quere
2191 4877 2296 4931 alio
2322 4880 2689 4945 peraequata.
2718 4872 2962 4928 Attendis
2985 4873 3106 4942 quia
3138 4872 3348 4943 pinguis:
3372 4881 3496 4928 est:
3525 4871 3570 4927 si

2002 4980 2279 5041 propterea
2313 4967 2464 5022 illum
2499 4965 2726 5036 quaeris,
2759 4966 2878 5035 quia
2916 4965 3124 5035 pinguis
3148 4972 3262 5030 est;
3294 4965 3424 5019 time
3452 4965 3569 5034 pin-

2000 5045 2275 5133 guescere,
2304 5075 2369 5114 ne
2393 5058 2531 5114 alter
2550 5067 2600 5111 te
2618 5065 2842 5127 qua-rat.
2865 5058 2930 5111 Et
2953 5056 3128 5112 omnia
3153 5057 3378 5112 inaniter
3399 5057 3569 5112 ﬁunt:

2001 5169 2181 5226 quaem
2206 5148 2398 5217 ﬁnem;
2421 5149 2652 5207 tenebrae
2673 5158 2954 5205 munt
2979 5161 3196 5220 :qtuere
3219 5163 3414 5220 quare;
3439 5149 3568 5203 nihil

2002 5245 2248 5302 occurrit.

2075 5337 2160 5392 ιι.
2191 5332 2341 5406 [κη.
2367 5328 2450 5402 ϐυ]
2473 5330 2622 5399 Ergo
2637 5329 2900 5384 exsultent
2920 5337 2978 5384 et
3002 5329 3250 5386 laetentur
3271 5330 3332 5384 in
3355 5330 3576 5386 DOmino

2003 5428 2096 5499 qui
2117 5427 2332 5492 dicunt,
2361 5422 2669 5478 Permittit?
2699 5421 2876 5475 *ο
2904 5432 3081 5476 nam
3103 5436 3284 5492 aquam
3313 5424 3424 5477 sine
3453 5423 3576 5477 sub-

2004 5519 2221 5583 stantia;
2251 5523 2306 5570 et
2346 5512 2602 5582 recipiant
2639 5511 2987 5566 substantiam
3024 5525 3196 5568 suam.
3232 5512 3580 5572 Perdiderunt

2071 5676 2087 5706 ι
2113 5667 2434 5732 ωιμιάσατ
3153 5670 3328 5734 9"”:
3446 5733 3465 5734 κ
3505 5722 3516 5734 -

2070 5737 2090 5767 ‘
2114 5723 2377 5809 δίοὲωμθε
2406 5736 2511 5809 “is
2532 5733 2689 5809 ,λεξΞὲ
2719 5732 2782 5809 3}
2809 5731 2943 5809 ἕπε
3211 5723 3407 5809 ’9⁵⁸³⁸³
3431 5723 3580 5809 θέε

2008 5793 2257 5858 proverbia
2293 5788 2404 5847 Dei,
2444 5785 2772 5856 etod'ormitant
2808 5784 2964 5838 ista}
2994 5797 3011 5833 :
3285 5784 3578 5862 praestinarit

2013 5855 2135 5906 illud
2157 5852 2367 5913 strigare,
2392 5855 2436 5899 et
2456 5847 2648 5910 vigilant
2667 5859 2716 5893 ιη
2739 5857 2810 5894 eo.
2829 5848 2962 5905 quod
2978 5847 3274 5907 prgam
3289 5846 3312 5894 ,λ
3328 5844 3464 5900 muto,
3488 5848 3564 5888 etc
