4074 6480
435 412 572 470 ιδῃ
1670 392 1728 447 S.
1771 383 2021 445 AUGUS‘]

2123 385 2135 439 l
2173 386 2479 447 EPISCOPI
3557 392 3704 452 1648

434 527 576 581 illam
615 521 850 576 viventes
891 515 1136 589 prodige;
1184 510 1275 565 sed
1316 522 1441 564 num
1484 521 1681 577 pauper
1722 503 1888 559 factus
1929 510 2010 555 est

432 615 628 672 Pater?
658 613 916 676 Redeant,
944 618 997 663 et
1027 604 1292 659 invenient
1324 602 1391 655 ibi
1420 600 1628 654 divitias
1654 612 1785 668 quas
1816 596 1866 649 in
1896 594 2013 647 lon-

430 711 625 781 ginqua
658 702 1076 776 peregrinatione
1105 713 1226 755 cum
1265 678 1630 751 meretricibus
1663 704 2011 781 consumpse-

433 780 591 866 runt;
619 798 845 856 evadant
870 809 1057 866 aquam
1084 792 1201 847 sine
1230 788 1523 844 substantia
1543 829 1558 852 ,
1590 793 1645 840 et
1671 784 1847 838 dicant
1878 801 1889 835 :
1920 780 2015 834 Be-

434 894 659 947 nedictus
702 889 978 951 Dominus,
1024 886 1113 959 qui
1156 901 1256 939 non
1301 882 1436 936 dedit
1479 896 1568 933 nos
1609 880 1662 932 in
1708 877 2014 931 venationem

433 981 661 1037 dentibus
682 996 872 1034 eorum.
902 977 1170 1033 Venantes
1190 972 1330 1031 enim
1356 982 1508 1028 erant
1535 978 1931 1041 persequentes,
1963 974 2018 1021 et

438 1082 724 1144 posuerunt
754 1087 928 1127 escam
958 1070 1010 1124 in
1048 1066 1357 1136 muscipula.
1386 1065 1552 1133 Quam
1584 1063 1795 1117 escam?
1823 1059 2015 1137 Dulce-

434 1164 612 1219 dinem
638 1164 760 1218 vitae
787 1161 963 1231 hujus,
989 1168 1046 1215 ut
1068 1157 1424 1228 unusquisque
1452 1163 1664 1225 propter
1685 1151 2016 1206 dulcedinem

434 1258 594 1329 hujus
621 1258 741 1313 vita:
777 1257 950 1311 mittat
987 1264 1144 1325 caput
1183 1254 1236 1307 in
1276 1249 1561 1321 nequitiam
1587 1289 1602 1315 ,
1636 1256 1689 1302 et
1725 1245 2017 1314 muscipula

436 1351 836 1420 comprimatur.
874 1348 990 1403 Non
1028 1340 1139 1400 illi‘
1171 1347 1221 1399 in
1254 1343 1444 1413 quibus
1476 1351 1591 1398 erat
1631 1340 1912 1403 Dominus,
1946 1336 2016 1389 illi

436 1444 526 1514 qui
553 1443 753 1507 dicunt,
783 1440 898 1495 Nisi
919 1440 1035 1509 quia
1062 1436 1309 1491 Dominus
1332 1444 1439 1489 erat
1465 1434 1515 1486 in
1546 1432 1721 1495 nobis;
1749 1445 1850 1483 non
1879 1426 2019 1496 capti

436 1542 563 1591 sunt
591 1535 644 1589 in
671 1533 985 1601 muscipula.
1019 1529 1100 1584 Sit
1138 1529 1189 1582 in
1225 1536 1277 1582 te
1320 1525 1572 1580 Dominus
1594 1565 1608 1589 ,
1636 1532 1689 1577 et
1719 1537 1816 1576 nec
1847 1532 1901 1574 tu
1927 1534 2018 1574 ca-

437 1628 601 1698 pieris
635 1627 685 1681 in
723 1624 1049 1694 muscipula;
1076 1622 1244 1675 clama
1261 1662 1276 1685 ,
1304 1618 1601 1672 Benedictus
1629 1615 1876 1668 Dominus
1894 1655 1909 1681 ,
1936 1612 2021 1684 qui

437 1735 540 1776 non
565 1719 701 1773 dedit
732 1735 820 1772 nos
849 1719 902 1770 in
927 1716 1237 1770 venationem
1265 1710 1494 1765 dentibus
1520 1724 1711 1762 eorum.

512 1810 599 1865 12.
635 1809 782 1882 [vers.
811 1806 890 1880 7.]
926 1807 1107 1860 Anima
1132 1814 1304 1859 nostra
1328 1804 1456 1857 sicut
1484 1816 1654 1870 passer
1689 1806 1831 1852 eruta
1863 1804 1932 1849 est
1962 1794 2024 1848 de

438 1902 720 1971 muscipula
764 1900 1068 1954 venantium.
1118 1897 1251 1963 Quia
1292 1895 1344 1948 in
1391 1894 1503 1962 ipsa
1547 1890 1722 1944 anima
1768 1887 2023 1941 Dominus

440 2003 588 2060 erat,
618 1994 737 2048 ideo
765 1994 899 2047 sicut
929 2005 1112 2060 passer
1144 1996 1293 2043 eruta
1323 1993 1404 2041 est
1433 1983 1607 2037 anima
1636 1980 1703 2035 de
1734 1978 2023 2043 muscipula

439 2086 766 2142 venantium.
796 2083 970 2152 Quare
998 2082 1136 2136 sicut
1173 2076 1391 2148 passer?
1420 2075 1549 2141 Quia
1580 2073 1788 2126 incauta
1815 2067 2024 2123 cecide-

439 2192 521 2237 rat
551 2182 686 2235 sicut
714 2194 934 2249 passer;
963 2186 1015 2231 et
1046 2181 1253 2245 poterat
1280 2172 1461 2225 dicere
1494 2177 1708 2237 postea,
1744 2165 1983 2235 Ignoscet
2003 2163 2024 2193 ³

439 2273 571 2328 mihi
601 2273 757 2327 Deus.
791 2270 832 2327 Ο
862 2284 1043 2340 passer
1072 2265 1333 2321 instabilis
1352 2305 1367 2331 ,
1402 2264 1502 2333 ﬁge
1532 2262 1709 2331 potius
1737 2258 1901 2329 pedes
1922 2256 1941 2287 ³
1973 2256 2026 2310 in

439 2374 609 2435 petra,
641 2364 745 2418 noli
772 2363 850 2417 ire
873 2361 941 2417 ad
967 2357 1336 2429 muscipulam.
1366 2354 1584 2424 Caperis
1602 2351 1644 2417 ⁸⁵,
1673 2346 2024 2413 consumeris,

440 2458 698 2515 obtereris
714 2457 756 2511 ⁸.
785 2456 865 2511 Sit
900 2456 951 2509 in
982 2464 1033 2510 te
1058 2454 1342 2516 Dominus,
1372 2456 1428 2501 et
1450 2446 1516 2500 de
1554 2442 1844 2513 majoribus
1869 2438 2028 2493 minis

439 2562 591 2609 eruet
616 2562 687 2619 te,
716 2550 784 2606 de
808 2549 1102 2619 muscipula
1130 2546 1456 2603 venantium
1481 2536 1758 2609 Quomodo
1780 2535 1824 2589 si
1847 2532 2029 2587 videas

439 2664 591 2704 avem
610 2647 771 2702 veluti
792 2645 903 2717 jam
923 2644 1113 2699 cadere
1139 2642 1191 2696 in
1220 2638 1589 2707 muscipulam,
1611 2630 1745 2691 l‘acis
1771 2627 2028 2696 majorem

438 2741 717 2811 strepitum
737 2781 751 2805 ,
781 2748 839 2794 ut
865 2738 1006 2794 volet
1034 2736 1101 2791 de
1126 2733 1419 2803 muscipula
1448 2749 1462 2784 :
1496 2730 1573 2785 sic
1600 2738 1654 2784 et
1683 2730 1950 2794 martyres
1972 2719 2024 2788 ⁸,

438 2833 547 2903 jam
581 2835 715 2887 forte
743 2832 903 2901 aliqui
934 2831 1168 2899 ipsorum
1207 2823 1553 2881 intendebant
1589 2820 1786 2877 collum
1822 2815 1877 2869 in
1910 2811 2029 2867 dul-

439 2923 683 2979 cedinem
720 2921 844 2976 vitae
880 2920 1066 2990 hujus;
1097 2917 1352 2973 Dominus
1379 2915 1468 2985 qui
1500 2923 1613 2970 erat
1643 2913 1697 2967 in
1735 2909 1841 2966 illis
1858 2947 1879 2971 ,ί
1904 2903 2031 2960 fecit

441 3017 720 3085 strepitum
750 3014 1144 3085 gehennarum,
1173 3019 1229 3066 et
1265 3018 1447 3066 erutus
1484 3017 1566 3063 est
1598 3023 1781 3078 passer
1813 3006 1881 3062 de
1914 3015 2030 3055 mu-

441 3106 514 3163 sci
522 3106 643 3175 pula
665 3105 972 3160 venantium
1003 3122 1014 3157 :
1040 3101 1225 3156 Anima
1250 3110 1420 3155 nostra
1441 3100 1567 3153 sicut
1591 3114 1765 3169 passer
1787 3106 1929 3151 eruta
1956 3098 2030 3145 est

440 3198 503 3252 de
525 3196 803 3267 muscipula
827 3194 1130 3249 venantium.
1157 3192 1226 3247 Et
1249 3190 1408 3260 quid?
1432 3204 1644 3258 semper
1666 3188 1766 3243 erit
1794 3187 1883 3242 illa
1908 3203 2030 3242 mu‘

438 3288 682 3356 scipula?
716 3286 1004 3356 Muscipula
1032 3294 1147 3341 erat
1180 3282 1403 3338 dulcedo
1430 3283 1551 3336 vitae
1585 3281 1741 3351 hujus
1768 3298 1781 3333 :
1816 3280 1886 3334 illi
1916 3294 2024 3336 non
2121 3330 2128 3339 .

439 3378 709 3433 haeserunt
746 3377 803 3431 in
839 3376 1164 3446 muscipula,
1194 3382 1249 3430 et
1290 3372 1449 3429 occisi
1492 3379 1652 3437 sunt;
1692 3371 1797 3425 illis
1832 3369 2024 3426 occisis

438 3468 731 3538 muscipula
761 3467 926 3523 fracta
952 3477 1066 3532 est;
1091 3467 1200 3536 jam
1230 3480 1337 3520 non
1366 3463 1620 3520 remansit
1646 3461 1872 3518 dulcedo
1901 3462 2024 3517 vita;

438 3557 615 3629 hujus,
644 3573 741 3629 per
764 3573 922 3628 quam
952 3558 1157 3627 possint
1182 3557 1374 3611 iterum
1403 3555 1542 3625 capi,
1566 3553 1659 3609 sed
1686 3554 1771 3607 illa
1797 3553 2021 3608 contrita

438 3658 564 3705 est:
607 3650 861 3722 numquid
899 3658 954 3705 et
997 3664 1181 3719 passer
1226 3648 1486 3703 contritus
1518 3646 1638 3701 est?
1673 3647 1859 3711 Absit;
1900 3647 2022 3716 quia

437 3757 543 3796 non
569 3751 686 3798 erat
713 3743 766 3796 in
797 3742 1088 3813 muscipula
1118 3760 1131 3792 :
1160 3740 1452 3811 Muscipula
1483 3738 1695 3794 contrita
1723 3747 1794 3792 est
1813 3778 1828 3805 ,
1858 3747 1904 3792 et
1932 3753 2022 3793 nos

438 3834 563 3887 eruti
588 3851 781 3889 cunnis.

508 3926 596 3981 15.
626 3924 776 3997 [vam
800 3923 878 3997 8.]
906 3922 1148 3980 Clameut
1172 3938 1320 3995 ergo,
1345 3923 1465 3993 quia
1495 3923 1629 3979 eruti
1658 3931 1814 3988 sunt;
1840 3923 2021 3977 volent

438 4015 503 4070 ad
533 4017 695 4071 Deum
719 4058 733 4080 ,
762 4018 1085 4087 triumphent
1121 4018 1173 4070 in
1208 4017 1343 4082 Deo,
1372 4016 1493 4086 quia
1523 4015 1661 4069 eruti
1695 4024 1817 4069 sunt
1850 4032 1860 4065 :
1890 4030 2020 4083 quo-

439 4109 579 4163 niam
609 4110 862 4164 Dominus
888 4118 1001 4164 erat
1027 4109 1079 4163 in
1103 4110 1202 4172 eis,
1226 4125 1291 4162 ne
1312 4124 1340 4161 a
1368 4109 1660 4177 muscipula
1680 4116 2014 4176 caperentur.

437 4200 611 4268 Quare
636 4202 922 4271 muscipula
947 4204 1172 4255 contrita
1201 4213 1301 4267 est,
1325 4210 1377 4255 et
1407 4215 1502 4254 nos
1527 4201 1660 4254 eruti
1689 4199 1903 4279 sumus?
1931 4199 2019 4253 Vis

436 4293 575 4347 seire
616 4297 813 4362 quare?
856 4293 1176 4363 Adjutorium
1214 4304 1439 4347 nostrum
1468 4293 1520 4345 in
1556 4292 1753 4345 nomine
1784 4290 2014 4359 Domini,

435 4385 519 4454 qui
546 4385 661 4455 fecit
687 4387 863 4439 caelum
890 4396 935 4438 et
965 4394 1167 4438 terram.
1196 4384 1327 4438 Nam
1353 4384 1397 4439 si
1427 4384 1747 4452 adjutorium
1780 4382 1881 4437 hoc
1910 4398 2015 4436 non

436 4484 605 4541 esset,
637 4492 741 4529 non
782 4476 994 4545 quidem
1037 4486 1232 4531 aeterna
1278 4486 1512 4531 maneret
1550 4475 1879 4543 muscipula;
1921 4472 2016 4528 sed

438 4580 557 4620 cum
588 4575 773 4635 captus
797 4576 971 4633 esset,
999 4576 1364 4621 contereretur
1392 4582 1592 4636 passer.
1623 4565 1754 4619 Nam
1782 4566 1886 4619 vita
1916 4564 2015 4620 ista

437 4656 723 4712 transitura
752 4666 865 4723 est;
897 4664 954 4712 et
981 4658 1070 4725 qui
1099 4656 1379 4711 dulcedine
1404 4657 1519 4726 ejus
1542 4658 1676 4725 capti
1707 4655 1934 4722 fuerint,
1962 4665 2017 4711 et

437 4761 531 4815 per
560 4746 693 4801 hanc
719 4749 1051 4804 dulcedinem
1077 4748 1390 4804 offenderint
1418 4748 1604 4813 Deum,
1637 4763 1756 4801 cum
1784 4748 1881 4801 ista
1908 4750 2014 4802 vita

435 4842 752 4897 transibunt.
780 4842 910 4895 Nam
937 4851 1239 4897 conteretur
1276 4841 1566 4910 muscipula
1591 4857 1606 4905 ;
1633 4841 1760 4895 certi
1797 4848 1968 4895 estote
1997 4859 2009 4894 :

434 4935 608 4989 omnis
636 4934 858 4989 dulcedo
886 4935 1005 4988 vita:
1034 4934 1182 4987 istius
1213 4933 1488 5003 praesentis
1514 4948 1619 4987 non
1647 4934 1767 4997 erit,
1798 4932 2012 5002 impleta

434 5040 576 5087 Sorte
605 5030 706 5087 loci
733 5032 851 5096 sui;
881 5030 976 5085 sed
1017 5045 1151 5097 onus
1188 5038 1270 5083 est
1304 5044 1409 5083 non
1452 5028 1687 5094 haerere,
1717 5036 1775 5081 ut
1803 5008 2012 5097 quando

435 5130 739 5175 Conteretur
767 5120 1086 5190 Inuscipula,
1119 5130 1241 5173 tunc
1265 5119 1501 5173 exsultes
1525 5129 1579 5173 et
1603 5118 1747 5173 dicas
1766 5160 1780 5183 ,
1816 5117 2011 5172 Masci-

434 5213 556 5284 pnla
583 5213 795 5267 contrita
816 5222 908 5273 est.
936 5222 981 5266 et
1011 5228 1101 5266 nos
1125 5212 1251 5266 eruti
1275 5228 1465 5264 sumus.
1495 5210 1599 5264 Sed
1635 5227 1700 5265 ne
1731 5221 1883 5279 putes
1912 5211 2012 5266 hoc

432 5303 634 5359 viribus
664 5304 769 5359 tuis
795 5316 848 5360 te
874 5319 1051 5372 posse,
1082 5303 1294 5359 attende
1326 5303 1475 5372 cujus
1501 5312 1582 5357 est
1609 5318 1742 5371 opus
1767 5312 1826 5357 ut
1853 5317 2011 5357 crua-

439 5392 507 5456 vis
527 5394 548 5426 "
571 5392 718 5464 (nam
743 5394 786 5448 si
810 5393 1155 5464 superbieris,
1178 5393 1233 5447 in
1253 5393 1599 5462 muscipulam
1620 5390 1810 5464 cadis),
1834 5402 1887 5448 et
1905 5392 2009 5463 dic,

495 5523 516 5555 ⁸
535 5528 673 5585 Lov.,
698 5535 811 5585 nam
831 5520 921 5575 illi.
1018 5531 1074 5573 Μ.

495 5585 517 5616 ³
541 5583 672 5643 Low,
692 5583 900 5643 ignosce.
997 5592 1055 5634 M.

493 5597 1133 5757 :§521%aes.3ox,
1152 5644 1290 5712 fidei,
1313 5655 1344 5694 a
1363 5645 1558 5696 caeteris
1578 5643 1716 5697 libris
1728 5646 1884 5698 abest.

494 5740 949 5829 tEfWié'ﬁ,
976 5740 1217 5821 οἳίὶηενιε.
1314 5777 1369 5817 n.

496 5828 518 5893 ξ
542 5836 615 5878 mn
634 5828 781 5893 Lugd.
805 5828 1379 5893 Ven.’t.ov_.,martyrtnn.
1476 5839 1530 5893 at.

496 5889 516 5922 "
541 5893 614 5942 Sic
634 5889 857 5956 plerique
879 5900 984 5945 Mss.
1002 5889 1093 5949 Alii
1112 5889 1323 5957 quidam.
1337 5892 1545 5959 attende,
1562 5899 1661 5947 esto
1681 5891 1788 5957 pius
1801 5899 2009 5947 uterua-

2120 504 2441 574 Adjutorium
2464 513 2688 560 nostrum
2710 506 2764 561 in
2787 505 2987 561 nomine
3011 505 3239 575 Domini,
3267 506 3354 579 qui
3380 508 3499 579 fecit
3522 511 3705 565 caelum

2119 606 2162 649 et
2190 606 2395 653 terram.

2191 688 2276 743 14.
2308 689 2551 746 Psalmus
2578 697 2832 747 tractatus
2855 699 2957 759 est,
2981 699 3036 747 et
3057 701 3310 762 quantum
3336 691 3589 747 Dominus
3607 690 3703 746 ad-

2117 784 2299 855 juvare
2321 785 2564 855 dignatus
2582 795 2684 854 est,
2707 796 2764 841 ut
2787 796 2935 858 puto,
2958 788 3250 857 expositus.
3273 786 3521 842 Crastino
3542 787 3702 841 etiam

2120 876 2205 931 die
2230 892 2532 933 sermonem
2562 878 2744 934 deberi
2772 878 3025 934 Charitati
3054 888 3243 935 vestrae
3270 878 3472 949 optime
3497 880 3701 942 nostis;

2121 966 2393 1035 adestote,
2420 978 2472 1023 et
2503 968 2749 1039 adjuvate
2776 985 2872 1024 nos
2896 970 3226 1025 orationibus
3254 972 3462 1025 vestris.
3494 968 3705 1023 Pollici-

2124 1060 2335 1115 tationis
2356 1062 2496 1116 enim
2524 1070 2721 1116 nostra:
2748 1062 3054 1118 meminisse
3082 1061 3323 1125 debetis;
3350 1076 3449 1117 nec
3470 1061 3703 1116 dici‘rem

2122 1151 2244 1220 quid
2276 1167 2450 1207 essem
2492 1163 2843 1221 tractaturus,
2887 1154 2987 1209 nisi
3028 1154 3267 1224 adjuvari
3311 1155 3493 1209 Volens
3528 1152 3707 1207 studio

2122 1242 2244 1298 ﬁdei
2285 1253 2339 1299 et
2380 1246 2679 1301 orationum
2725 1255 3045 1303 vestrarum.
3089 1247 3401 1302 Meministis
3440 1248 3579 1301 enim
3622 1261 3709 1301 me

2123 1336 2430 1407 promisisse
2468 1339 2622 1394 vobis
2658 1338 2725 1394 de
2760 1339 2861 1394 hoc
2895 1348 3122 1395 tractare
3150 1339 3291 1408 quod
3320 1340 3517 1395 dictum
3544 1349 3625 1392 est
3654 1339 3707 1392 in

2124 1430 2412 1502 Evangelio
2430 1473 2445 1499 ,
2471 1431 2581 1487 Lex
2605 1449 2693 1502 per
2721 1432 2931 1504 Moysen
2960 1433 3081 1486 data
3115 1442 3224 1497 est;
3252 1430 3430 1487 Gratia
3454 1442 3498 1486 et
3529 1433 3710 1486 veritas

2125 1539 2213 1593 per
2236 1521 2410 1577 Jesum
2434 1525 2686 1578 Christum
2713 1529 2847 1596 facta
2867 1534 2940 1579 est
2963 1524 3137 1593 (Joan.
3165 1540 3203 1589 l,
3230 1526 3341 1596 17).
3363 1524 3546 1580 Solent
3565 1526 3709 1579 enim

2126 1611 2369 1669 homines
2397 1614 2631 1670 haeretici
2656 1616 2697 1683 ί,
2724 1617 2956 1671 maxime
2990 1615 3284 1681 Maniclnei,
3316 1615 3710 1685 reprehendere

2125 1708 2321 1778 Legem
2348 1750 2363 1773 ,
2391 1718 2444 1763 et
2468 1709 2647 1764 dicere
2673 1710 2792 1777 quia
2835 1710 2973 1765 Deus
3016 1710 3155 1763 illam
3184 1725 3290 1764 non
3320 1707 3485 1762 dedit.
3526 1709 3711 1777 Expo-

2128 1799 2333 1853 nendus
2370 1809 2452 1854 est
2494 1801 2634 1854 enim
2678 1801 2827 1857 locus
2868 1801 3001 1867 iste,
3044 1810 3101 1855 ut
3133 1811 3485 1870 cognoscatur
3509 1801 3629 1870 quia
3658 1808 3712 1852 et

2128 1891 2323 1962 Legem
2358 1892 2497 1948 Deus
2523 1892 2700 1960 dedit,
2728 1903 2782 1949 et
2819 1893 2935 1949 Lex
2977 1909 3069 1963 per
3108 1893 3321 1964 Moysen
3358 1892 3480 1947 data
3510 1903 3627 1956 est;
3658 1901 3713 1945 nt

2130 1999 2236 2037 non
2263 1983 2491 2039 salvaret
2511 1986 2531 2016 ¹
2551 2026 2566 2053 ,
2598 1995 2813 2056 propter
2841 1994 3039 2041 certam
3069 2000 3304 2040 causam.
3339 1985 3455 2040 Non
3496 1986 3717 2040 salvavit

2130 2075 2262 2142 Lex,
2292 2085 2348 2129 ut
2373 2076 2509 2131 lator
2534 2076 2694 2147 Legis
2718 2076 2831 2147 ipse
2866 2073 3160 2147 Imperator
3186 2076 3599 2144 desideraretur,
3626 2076 3717 2145 qui

2131 2170 2508 2240 indulgentiam
2535 2169 2689 2225 daret
2727 2171 3096 2240 peccantibus;
3123 2180 3179 2226 et
3206 2170 3327 2225 data
3354 2170 3566 2241 quidem
3606 2168 3717 2223 Lex

2132 2271 2271 2316 esset
2310 2276 2405 2331 per
2432 2261 2680 2333 Moysen,
2711 2261 2889 2317 Gratia
2917 2271 3092 2317 autem
3116 2270 3170 2317 et
3195 2263 3391 2316 veritas
3420 2278 3513 2331 per
3534 2260 3717 2316 Jesum

2131 2352 2399 2408 Christum
2424 2356 2594 2410 ﬁeret.
2622 2354 2703 2408 Ad
2730 2354 2831 2409 hoc
2852 2355 3083 2411 intentos
3105 2370 3202 2410 vos
3224 2353 3403 2411 facere
3427 2354 3587 2409 volui.
3610 2353 3719 2407 Ad-

2132 2444 2235 2499 erit
2264 2444 2471 2499 Domini
2502 2444 2887 2512 misericordia,
2918 2460 3025 2500 non
3054 2460 3121 2501 ex
3147 2446 3351 2501 meritis
3380 2446 3596 2510 nostris,
3624 2443 3719 2499 sed

2133 2535 2272 2592 forte
2313 2552 2412 2607 pro
2446 2538 2641 2594 merito
2665 2538 2915 2594 desiderii
2943 2540 3142 2601 vestri;
3176 2554 3347 2609 neque
3371 2554 3433 2594 ex
3461 2537 3720 2592 facultati-

2132 2626 2235 2683 bus
2258 2628 2489 2693 nostris,
2516 2629 2611 2684 sed
2637 2644 2702 2685 ex
2730 2628 3053 2685 abundantia
3082 2630 3343 2686 donorum
3373 2644 3591 2684 suorum
3622 2646 3636 2683 :
3666 2636 3718 2681 ut

2134 2722 2213 2778 sic
2238 2730 2493 2778 tractetur
2514 2738 2603 2778 res
2630 2724 2759 2779 satis
2787 2724 3088 2780 necessaria
3116 2722 3421 2778 hominibus
3450 2721 3637 2793 positis
3664 2721 3718 2776 in

2134 2830 2279 2870 novo
2304 2822 2622 2871 testamento
2642 2857 2656 2883 ,
2684 2824 2743 2870 ut
2779 2818 2996 2871 omnino
3026 2815 3199 2871 nullas
3234 2815 3461 2871 latebras
3486 2813 3722 2869 inveniat

2135 2903 2401 2975 inimicus,
2430 2907 2521 2963 ubi
2543 2922 2604 2964 se
2627 2907 2857 2963 occultat
2879 2907 2947 2962 ad
2971 2905 3315 2977 decipiendos
3336 2905 3540 2961 ﬁdeles.

2141 3035 3706 3064 ————————-——'

2507 3117 2592 3180 1N
2638 3115 3019 3180 PSALMUM
3060 3117 3324 3181 CXXIV
3423 3102 3427 3108 ’

2725 3260 3147 3317 ENABRATIO.

2651 3386 2821 3428 SBBMO
2850 3389 2918 3427 AD
2947 3388 3202 3429 Ρορυιυιί.
3276 3400 3279 3405 '

2201 3497 2252 3550 1,
2280 3487 2434 3566 [νοτε.
2466 3487 2516 3551 1,
2541 3485 2619 3557 2.]
2641 3486 2884 3541 Psalmus
2904 3486 3024 3550 iste,
3050 3486 3321 3555 pertinens
3344 3482 3410 3537 ad
3438 3498 3718 3540 numerum

2127 3588 2455 3641 canticorum
2485 3580 2744 3653 graduum
2775 3579 2863 3647 (de
2888 3593 2993 3645 quo
3022 3578 3172 3631 titulo
3200 3578 3250 3630 in
3277 3577 3394 3630 aliis
3417 3578 3523 3645 jam
3558 3576 3719 3633 multa

2126 3677 2372 3739 diximus,
2406 3685 2460 3731 et
2486 3686 2725 3744 repetere
2750 3677 3017 3741 nolumus,
3042 3688 3108 3731 ne
3131 3691 3222 3731 vos
3244 3668 3598 3732 obtundamus
3622 3693 3718 3748 po-

2126 3771 2229 3823 tius
2255 3784 2411 3838 quam
2442 3769 2842 3835 instruamus),
2873 3768 3029 3822 docet
3054 3784 3151 3823 nos
3177 3768 3528 3824 ascendentes
3556 3780 3610 3823 et
3639 3771 3716 3824 le-

2125 3870 2307 3915 vantcs
2344 3859 2548 3915 animas
2585 3871 2793 3914 nostras
2826 3860 2891 3914 ad
2934 3861 3214 3916 Dominum
3260 3862 3425 3916 Deum
3471 3873 3714 3917 nostrum

2124 3952 2312 4007 affectu
2339 3951 2610 4006 charitatis
2639 3961 2798 4020 atque
2830 3952 3059 4020 pietatis,
3088 3969 3193 4006 non
3233 3952 3512 4007 intendere
3540 3954 3589 4005 in
3620 3953 3718 4007 ho-

2124 4046 2297 4100 mines
2321 4046 2408 4114 qui
2438 4054 2816 4114 prosperantur
2843 4046 2892 4098 in
2930 4045 3032 4099 hoc
3069 4045 3266 4099 saeculo
3304 4045 3557 4100 felicitate
3585 4046 3716 4101 falsa

2122 4146 2281 4207 atque
2316 4144 2533 4190 ventosa
2575 4144 2628 4189 et
2668 4150 2883 4204 prorsus
2922 4136 3258 4202 seductoria;
3287 4136 3372 4189 ubi
3413 4137 3543 4189 nihil
3572 4135 3715 4209 aliud

2122 4230 2362 4284 nutriunt
2397 4245 2554 4299 quam
2594 4229 2928 4298 superbiam,
2957 4239 3012 4283 et
3046 4244 3142 4283 cor
3177 4245 3360 4283 eorum
3390 4230 3717 4300 congelascit

2121 4324 2375 4379 adversus
2402 4322 2590 4383 Deum.
2618 4332 2669 4375 et
2699 4324 2755 4375 lit
2780 4321 2969 4375 durum
2996 4321 3255 4376 adversus
3283 4322 3505 4376 imbrem
3532 4323 3716 4392 gralizn

2120 4414 2320 4482 ipsius,
2362 4428 2428 4466 ne
2468 4413 2694 4466 fructum
2738 4409 2894 4466 ferat.
2939 4411 3335 4467 Prazsnmeutes
3363 4414 3502 4466 enim
3536 4414 3712 4466 omnia

2120 4504 2220 4559 sibi
2252 4504 2539 4568 abundare,
2571 4519 2690 4572 quae
2721 4502 2968 4557 videntur
3008 4503 3129 4558 huic
3160 4502 3278 4557 vita:
3311 4509 3631 4565 necessaria,
3661 4513 3715 4557 et

2119 4596 2255 4650 ultra
2276 4611 2434 4665 quam
2458 4596 2777 4657 necessaria,
2803 4594 3161 4659 extolluntur;
3191 4605 3245 4649 et
3269 4610 3389 4649 cum
3414 4596 3521 4649 sint
3545 4596 3714 4648 homi-

2119 4702 2213 4741 nes
2255 4701 2351 4756 per
2397 4686 2722 4755 iniquitatem
2770 4685 3048 4740 inferiores
3091 4686 3337 4741 omnibus
3377 4685 3709 4752 hominibus,

2116 4796 2214 4851 per
2239 4780 2538 4850 superbiam
2568 4780 2871 4849 superiores
2899 4795 2959 4833 se
2988 4788 3173 4848 putant
3199 4779 3447 4833 omnibus
3476 4778 3711 4832 homini-

2116 4871 2235 4926 bus.
2282 4871 2456 4941 Atque
2500 4869 2697 4925 utinam
2742 4870 2826 4925 vel
2870 4871 3007 4925 sicut
3041 4870 3176 4924 alios
3215 4869 3458 4924 homines
3496 4885 3556 4924 se
3592 4884 3711 4923 esse

2116 4964 2451 5033 deputarent.
2496 4964 2601 5019 Hos
2641 4972 2816 5017 autem
2862 4964 3148 5033 aliquando
3186 4964 3442 5018 intuendo
3466 4972 3521 5018 et
3552 4964 3710 5018 nimis

2116 5055 2440 5110 attendendo
2461 5095 2477 5120 ,
2509 5056 2667 5109 etiam
2701 5056 2774 5108 illi
2804 5055 2894 5123 qui
2934 5056 3095 5109 Deum
3123 5054 3336 5118 colunt,
3367 5053 3628 5109 ﬂuctuant
3655 5064 3710 5110 et

2117 5157 2325 5213 nutant,
2352 5148 2501 5219 quasi
2531 5147 2745 5218 perierit
2776 5161 2980 5202 merces
3004 5162 3187 5201 eorum
3216 5162 3383 5216 quare
3416 5147 3584 5202 Deum
3613 5162 3708 5203 co-

2116 5240 2251 5305 lunt,
2278 5254 2399 5294 cum
2424 5254 2483 5294 se
2509 5240 2691 5295 vident
2716 5240 2767 5293 in
2796 5239 3086 5305 laboribus,
3116 5240 3166 5293 in
3197 5248 3454 5310 egestate.
3485 5240 3537 5294 in
3564 5255 3709 5295 aeru-

2115 5346 2273 5395 mna,
2306 5332 2356 5385 in
2389 5330 2606 5396 morbo,
2638 5331 2691 5385 in
2716 5330 2936 5398 dolore,
2967 5331 3020 5385 in
3058 5331 3235 5401 aliqua
3274 5332 3627 5397 necessitate,
3654 5339 3709 5386 et

2116 5422 2298 5479 vident
2315 5423 2451 5479 alios
2471 5422 2668 5479 habere
2692 5423 2971 5479 sanitatem
2991 5423 3251 5493 corporis,
3274 5422 3548 5478 abundare
3572 5431 3706 5478 tem-

2114 5580 2204 5651 ris:
2224 5588 2279 5631 At
2298 5589 2416 5651 Am.,
2442 5578 2633 5651 attende
2670 5578 2902 5651 cujusest
2925 5578 3048 5651 opis,
3076 5584 3131 5651 ut
3390 5583 3492 5639 En,

2116 5642 2256 5714 cujus
2534 5648 2632 5692 esto
2783 5646 2835 5714 ut
2856 5638 3063 5711 cruoris.
3102 5642 3324 5705 Denique
3344 5638 3481 5703 tam,
3512 5640 3578 5691 ad
3599 5638 3705 5702 ejus

2114 5705 2227 5770 fuge
2245 5705 2498 5763 auxilium,
2516 5716 2654 5766 cuius
2678 5710 2747 5753 est
2769 5710 2821 5753 ut
2841 5705 3051 5753 eruatis.

2183 5770 2201 5799 ί
2226 5769 2299 5816 sic
2446 5766 2559 5815 ωδ.
2586 5779 2724 5825 vero,
2741 5778 2901 5816 omnes
2915 5761 3149 5815 haeretici.

2115 5831 2358 5946 m’ﬁtﬁvig
2382 5835 2434 5882 ut
2456 5841 2540 5883 nos
2558 5826 2783 5881 solveret;
2804 5834 3025 5892 Propter,
3045 5834 3160 5891 etc.,
3180 5825 3541 5891 refragantibus
3556 5830 3704 5893 eate-
