4074 6482
1285 295 1320 304 ..ι
1330 299 1334 303 .

384 384 527 448 1849

385 491 683 576 poralibus,
706 491 1072 552 incolumitate
1091 502 1310 548 suorum
1330 485 1584 562 gaudere,
1605 485 1781 540 nitore
1806 482 1975 576 bono:

385 572 505 650 rum
532 591 726 645 florere
749 603 845 644 eos
869 586 957 656 qui
983 599 1089 640 non
1113 584 1283 639 solum
1309 582 1476 638 Deum
1501 594 1608 636 non
1637 577 1854 642 colunt,
1883 572 1978 631 sed

385 696 440 743 et
466 683 714 738 omnibus
743 678 1047 735 hominibus
1071 676 1455 740 adversantur;
1486 670 1820 727 attendentes
1848 683 1974 736 eos,

387 785 596 841 nutant,
619 782 678 830 et
697 772 884 827 dicunt
910 769 1048 840 apud
1076 783 1134 823 se
1161 767 1299 836 quod
1329 773 1510 837 aperte
1535 763 1792 832 scriptum
1817 759 1977 815 estin

385 869 615 942 quodam
644 865 848 936 psalmo
876 881 887 916 :
915 859 1176 928 Quomodo
1199 858 1336 912 scivit
1360 857 1516 923 Deus,
1547 864 1593 908 et
1613 855 1659 908 si
1681 863 1753 907 est
1772 851 1978 906 scientia

387 965 438 1018 in
465 960 724 1016 Altissimo
742 958 768 1011 .9
793 956 925 1010 Ecce
953 953 1053 1024 ipsi
1079 961 1362 1020 peccatores
1389 958 1437 1002 et
1467 946 1780 1002 abundantes
1806 946 1858 998 in
1882 960 1979 998 ste-

387 1055 500 1108 culo
530 1051 849 1105 obtinuerunt
883 1046 1100 1100 divitias.
1142 1043 1209 1098 Et
1245 1042 1483 1110 sequitur
1513 1058 1527 1095 :
1563 1036 1826 1102 Numquid
1853 1051 1978 1090 uane

381 1142 655 1216 justiﬁeavi
677 1158 764 1195 cor
781 1154 962 1204 meum,
984 1146 1030 1190 et
1052 1135 1150 1188 lavi
1169 1135 1221 1187 in
1243 1131 1588 1186 innocentibus
1611 1146 1790 1183 manus
1813 1126 1978 1181 meas?

385 1231 650 1302 Numquid
677 1231 814 1286 forte
841 1244 1008 1285 vanus
1033 1226 1126 1292 fui,
1150 1226 1236 1296 qui
1265 1223 1405 1278 volui
1427 1223 1568 1292 juste
1595 1222 1793 1284 vivere,
1819 1228 1874 1274 et
1898 1219 1978 1272 in-

389 1338 644 1383 nocenter
682 1325 820 1381 inler
857 1321 1101 1377 homines
1135 1316 1442 1373 conversari
1463 1357 1476 1380 ,
1507 1315 1718 1386 quando
1747 1313 1858 1368 scio
1883 1326 1977 1368 eos

387 1423 476 1493 qui
508 1422 694 1476 nolunt
723 1432 938 1474 servare
981 1413 1368 1476 innocentiam,
1402 1411 1596 1466 habere
1625 1418 1822 1462 tantam
1854 1405 1976 1462 feli-

387 1515 623 1578 citatem,
650 1520 703 1565 et
728 1509 984 1564 insultare
1002 1507 1159 1576 justis
1185 1520 1279 1574 per
1301 1503 1628 1572 iniquitatem
1652 1501 1670 1531 ¹
1696 1497 1908 1554 felices?

458 1605 513 1658 2.
542 1604 645 1659 Sed
673 1603 792 1673 quis
815 1600 942 1656 illud
964 1600 1096 1653 dixit
1125 1597 1193 1652 ibi
1219 1598 1270 1650 in
1297 1595 1532 1666 psalmo?
1552 1593 1714 1663 Cujus
1739 1590 1976 1646 nondum

387 1707 502 1752 erat
527 1705 728 1751 rectum
759 1693 994 1754 con-Sic
1023 1692 1163 1746 enim
1192 1689 1354 1758 coepit
1381 1688 1483 1742 iste
1514 1685 1751 1755 psalmus
1775 1684 1843 1739 de
1872 1697 1977 1753 quo

389 1791 549 1845 modo
581 1787 939 1843 testimonium
966 1784 1229 1845 dedimus,
1270 1797 1375 1836 non
1405 1780 1504 1834 iste
1531 1792 1688 1848 quem
1719 1774 1972 1830 conside-

389 1882 612 1937 randum
644 1889 697 1934 et
725 1877 1054 1934 tractandum
1088 1874 1246 1929 modo
1271 1871 1622 1940 suscepimus,
1655 1867 1750 1922 sed
1779 1865 1866 1920 ubi
1894 1864 1976 1920 di-

389 1982 531 2028 ctum
563 1979 664 2034 est,
702 1989 720 2021 ι
748 1967 1027 2037 Quomodo
1057 1965 1210 2022 scivit
1243 1964 1400 2027 Deus,
1436 1971 1489 2015 et
1533 1960 1577 2014 si
1626 1968 1703 2015 est
1753 1956 1975 2013 scientia

388 2066 442 2121 in
483 2062 792 2119 Altissimo?
837 2063 972 2116 Ecce
1002 2059 1101 2129 ipsi
1132 2069 1435 2128 peccatores
1470 2063 1524 2109 et
1560 2052 1890 2108 abundantes
1921 2052 1976 2106 in

388 2156 584 2212 sarculo
607 2155 950 2209 obtinuerunt
976 2151 1206 2205 divitias.
1239 2146 1503 2217 Numquid
1530 2160 1663 2200 vane
1687 2143 1976 2214 justiﬁcavi

387 2263 482 2304 cor
511 2263 708 2311 meum,
731 2254 785 2302 et
810 2245 908 2298 lavi
936 2244 987 2298 in
1019 2241 1386 2297 innocentibus
1415 2254 1603 2293 manus
1624 2235 1810 2292 meas?
1829 2255 1848 2288 ›
1886 2237 1977 2292 ille

387 2359 514 2412 ergo
547 2343 798 2413 psalmus,
831 2339 918 2394 ubi
950 2337 1142 2393 videtis
1168 2338 1289 2407 quia
1313 2334 1642 2404 periclitatur
1659 2331 1855 2394 anima,
1887 2330 1974 2386 ubi

353 2437 580 2495 'videtis
616 2437 738 2507 quia
781 2441 968 2490 nutant
1010 2431 1208 2502 pedes,
1258 2431 1334 2485 sic
1371 2427 1575 2498 cmpit:
1609 2426 1776 2494 Quam
1815 2423 1976 2479 bonus

389 2529 527 2585 Deus
560 2529 721 2584 Israel
743 2527 888 2582 rectis
913 2525 1098 2580 corde!
1123 2523 1230 2578 Mei
1253 2531 1441 2589 autem,
1473 2518 1664 2591 inquit,
1693 2533 1820 2589 pene
1841 2533 1976 2572 com-

387 2626 510 2678 moti
532 2632 644 2678 sunt
671 2623 839 2694 pedes,
869 2620 1024 2690 paulo
1062 2618 1228 2672 minus
1272 2615 1420 2683 effusi
1457 2622 1574 2670 sunt
1615 2629 1814 2684 gressus
1853 2611 1972 2666 mei.

389 2714 600 2784 Quare?
641 2714 773 2781 Quia
796 2711 952 2767 πεωυί
975 2712 1028 2765 in
1057 2707 1421 2781 peccatoribus,
1454 2721 1628 2778 pacem
1654 2711 1976 2774 peccatorum

389 2809 590 2862 intuens
617 2806 788 2879 (Psal.
813 2821 978 2871 Lxxn,
1009 2801 1182 2875 l-l5).
1215 2801 1342 2857 lude
1365 2815 1492 2872 ergo
1522 2799 1654 2854 dixit
1674 2804 1974 2853 commotos

388 2901 555 2972 pedes
579 2915 705 2956 suos
723 2907 778 2955 et
800 2914 934 2970 pene
958 2897 1154 2956 effusos
1180 2910 1414 2969 gressus,
1445 2894 1595 2964 lapsu
1621 2892 1688 2948 ad
1714 2892 1920 2947 ruinam
1942 2905 1974 2946 a

389 2995 519 3058 Deo,
546 2993 666 3066 quia
697 2993 915 3048 intuitus
939 3001 1022 3047 est
1051 3000 1106 3047 et
1141 2989 1370 3060 inspexit
1397 2987 1698 3043 felicitatem
1725 2994 1975 3055 peccato-

390 3102 509 3142 rum
530 3129 544 3149 ,
581 3094 634 3141 et
660 3086 792 3140 v'idit
821 3100 915 3140 eos
941 3084 1138 3138 habere
1167 3097 1374 3152 pacem,
1411 3095 1470 3135 se
1507 3087 1683 3134 autem
1712 3077 1972 3133 laborem.

391 3179 629 3235 Narravit
650 3187 826 3234 autem
855 3179 958 3233 hoc
984 3193 1104 3233 cum
1131 3176 1240 3246 jam
1267 3175 1546 3240 evasisset,
1565 3188 1688 3229 cum
1711 3171 1821 3240 jam
1851 3185 1976 3225 cor-

391 3283 540 3330 recto
562 3273 723 3329 corde
752 3273 864 3326 Deo
891 3270 1210 3335 inhwsisset,
1252 3267 1486 3322 narravit
1521 3264 1790 3336 praeterita
1834 3261 1977 3332 peri-

393 3367 507 3422 cula
535 3381 647 3420 sua.
681 3365 843 3435 Ergo,
879 3363 1048 3417 Bonus
1089 3361 1223 3415 Deus
1258 3359 1462 3415 Israel:
1491 3357 1584 3414 sed
1612 3355 1843 3428 quibus?
1870 3353 1978 3408 Re-

393 3459 484 3514 clis
525 3458 692 3512 corde.
739 3455 838 3525 Qui
869 3464 993 3510 sunt
1013 3454 1143 3510 recti
1169 3452 1368 3509 corde?
1410 3451 1507 3520 Qui
1553 3465 1656 3504 non
1687 3445 1980 3518 reprehen-

394 3550 526 3606 dunt
565 3551 750 3604 Deum.
799 3549 898 3616 Qui
945 3557 1067 3602 sunt
1111 3545 1239 3602 recti
1279 3543 1480 3600 corde?
1523 3542 1623 3610 Qui
1655 3540 1976 3595 voluntatem

395 3659 544 3698 suam
585 3643 650 3697 ad
692 3642 1017 3695 voluntatem
1068 3639 1159 3694 Dei
1205 3637 1471 3706 dirigunt;
1510 3651 1618 3690 non
1651 3634 1976 3688 voluntatem

396 3737 490 3792 Dei
535 3736 599 3790 ad
641 3735 964 3790 voluntatem
1012 3747 1162 3786 suam
1211 3745 1434 3785 curvare
1479 3736 1758 3783 conantur.
1815 3726 1980 3779 Breve

396 3839 718 3899 prmcepluui
745 3836 846 3888 est,
871 3835 928 3880 ut
955 3824 1118 3879 homo
1142 3822 1334 3892 dirigat
1357 3835 1451 3874 cor
1469 3835 1642 3874 suum.
1671 3817 1762 3871 Vis
1786 3816 1982 3870 habere

397 3929 602 3974 rectum
634 3919 762 3973 cor?
793 3918 870 3972 Tu
901 3915 983 3970 fac
1011 3914 1150 3983 quod
1174 3915 1287 3968 vult
1309 3913 1478 3976 Deus;
1511 3909 1618 3964 noli
1655 3911 1814 3964 Deum
1843 3907 1983 3962 velle

397 4010 575 4066 facere
601 4009 738 4080 quod
771 4010 849 4063 vis
879 4019 952 4060 tu.
986 4004 1328 4060 Pravicordes
1355 4016 1484 4072 ergo
1509 4008 1653 4062 sunt,
1686 3998 1735 4053 id
1763 4007 1866 4063 est,
1891 3995 1984 4066 qui

397 4111 601 4157 rectum
632 4115 725 4154 cor
755 4115 856 4154 non
895 4098 1110 4162 habent,
1148 4097 1235 4166 qui
1272 4094 1460 4149 sedent
1480 4101 1534 4148 et
1557 4091 1829 4161 disputant
1853 4103 1985 4159 quo-

399 4193 562 4248 nimio
590 4190 768 4245 debuit
799 4189 968 4244 facere
997 4189 1169 4251 Deus;
1215 4201 1319 4240 non
1359 4181 1621 4239 laudando
1647 4181 1787 4250 quod
1829 4179 1981 4249 fecit,

401 4287 494 4340 SCII
542 4282 1002 4352 reprehendendo.
1056 4281 1336 4350 Corrigere
1367 4277 1512 4332 illum
1544 4275 1728 4329 volunt
1755 4291 1766 4326 :
1799 4287 1985 4344 parum

372 4380 374 4382 ’
402 4391 483 4433 est
514 4381 632 4448 quia
663 4379 852 4447 corrigi
884 4377 950 4431 ab
978 4391 1044 4431 eo
1070 4374 1293 4436 nolunt;
1336 4381 1389 4427 et
1427 4370 1628 4435 dicunt,
1659 4367 1773 4423 Non
1805 4365 1988 4420 debuit

408 4473 545 4526 Dens
569 4469 743 4525 facere
766 4483 1043 4538 pauperes,
1063 4465 1156 4522 sed
1178 4465 1278 4519 soli
1298 4463 1494 4518 divites
1514 4476 1634 4516 esse
1655 4460 1984 4523 debuerunt;

405 4574 458 4618 et
500 4564 597 4633 ipsi
633 4564 728 4616 soli
759 4564 1020 4616 viverent.
1060 4557 1256 4628 thnid
1293 4555 1462 4611 factus
1501 4563 1582 4610 est
1623 4551 1854 4624 pauper?
1901 4557 1988 4604 ut-

407 4659 530 4724 quid
571 4656 733 4710 vivit?
786 4652 1147 4724 Reprehendit
1186 4652 1351 4706 Deum
1393 4650 1739 4720 pauperum’.
1781 4647 1990 4716 Quanto

407 4749 596 4802 melius
635 4755 775 4801 esset
817 4760 1015 4815 pauper
1050 4743 1169 4808 Dei,
1200 4751 1254 4797 et
1277 4742 1428 4797 dives
1456 4749 1599 4796 esset
1624 4739 1692 4794 de
1714 4738 1857 4802 Deo;
1890 4736 1992 4792 hoc

407 4850 507 4899 0",,
545 4845 855 4909 sequeretur
879 4837 1201 4890 voluntatem
1229 4834 1322 4889 Dei
1349 4875 1364 4901 ,
1395 4841 1450 4888 et
1477 4831 1684 4887 videret
1712 4839 1994 4901 pauperta-

409 4946 513 4988 tesn
550 4948 699 4987 suam
739 4931 1088 5002 temporalem
1120 4944 1240 4985 esse
1259 4971 1273 4992 ,
1303 4937 1356 4984 et
1386 4928 1750 4991 transituram,
1778 4926 1993 4981 divitias

408 5035 581 5080 autem
632 5025 733 5080 sibi
787 5023 1088 5095 spirituales
1127 5020 1199 5076 ita
1244 5029 1516 5085 venturas,
1545 5027 1600 5073 ut
1647 5018 1794 5072 nullo
1839 5024 1993 5087 pacto

410 5127 628 5189 possunt
650 5118 952 5189 pra-terire;
980 5124 1034 5170 et
1062 5115 1282 5169 haberet
1310 5111 1362 5168 in
1389 5110 1588 5168 divitiis
1611 5109 1788 5166 cordis
1813 5108 1991 5174 fidem,

410 5211 454 5264 si
485 5211 536 5267 ei
567 5226 671 5266 non
699 5209 958 5281 contingit
976 5223 1161 5264 aurum
1185 5205 1383 5262 habere
1411 5203 1465 5258 in
1486 5201 1644 5257 arca?
1672 5199 1804 5269 Quia
1833 5202 1876 5254 si
1901 5215 1997 5255 au-

411 5320 529 5359 rum
574 5303 796 5360 haberet
839 5303 891 5356 in
930 5316 1075 5365 arca,
1125 5299 1294 5355 furem
1340 5296 1574 5363 timeret,
1605 5302 1659 5350 et
1698 5307 1886 5348 aurum
1930 5291 1998 5348 de

411 5415 532 5456 arca
579 5402 741 5456 etiam
781 5397 967 5454 nolens
1007 5395 1288 5468 perderet;
1334 5392 1495 5448 ﬁdem
1532 5399 1709 5446 autem
1734 5387 1802 5444 de
1834 5385 1998 5442 corde

414 5509 521 5550 non
551 5493 831 5563 perderet,
872 5492 914 5545 si
947 5490 1060 5562 ipse
1084 5489 1225 5543 illam
1258 5485 1380 5542 inde
1404 5501 1512 5542 non
1540 5483 1850 5554 expelleret.
1881 5479 2000 5536 Cito

411 5594 594 5642 autem
618 5582 927 5656 responderi
963 5589 1156 5654 potest,
1187 5577 1508 5636 charissimi.
1539 5574 1688 5632 Fecit
1713 5574 1852 5630 Deus
1874 5588 2002 5644 pau-

482 5765 502 5798 ι
529 5770 631 5826 Am.
659 5770 714 5815 et
733 5770 865 5824 ttss.,
888 5761 1178 5826 utiauitates.

418 5825 756 5952 “me
777 5818 902 5879 Isid
928 5818 1248 5891 Reprehendit
1279 5829 1434 5876 Deum
1455 5831 1657 5885 pauper.
1691 5818 2007 5879 Fossatensis.

712 5909 724 5937 δ

1461 361 1855 426 ENARRA'I'IO
1881 361 1949 419 IN
1985 359 2309 424 PSALMUM
2345 364 2576 426 CXXIV.

3530 374 3672 436 £050

2083 497 2286 554 peram,
2315 493 2371 540 ut
2402 485 2594 557 probet
2626 486 2930 543 hominem'
2957 505 2971 556 ;
3007 494 3064 545 et
3087 489 3219 546 fecit
3253 489 3398 548 Deus
3423 488 3667 564 divitem,

2081 586 2138 632 ut
2167 578 2355 648 probet
2381 577 2529 634 illum
2557 579 2625 636 de
2643 594 2896 652 paupere.
2919 581 3182 638 Etomnia
3205 597 3325 655 quae
3354 584 3480 640 fecit
3502 585 3667 656 Deus,

2080 681 2226 728 recte
2273 672 2414 728 fecit.
2465 674 2533 729 Et
2580 677 2624 729 si
2675 689 2781 730 non
2830 690 3114 745 possumus
3154 676 3336 734 videre
3382 679 3666 738 consilium

2081 761 2266 833 ipsius,
2299 781 2462 836 quare
2500 766 2629 822 illud
2664 767 2742 824 sic
2787 769 2908 824 fecit
2945 779 2998 825 et
3037 767 3168 825 illud
3191 771 3302 836 sic;
3345 771 3545 828 bonum
3586 782 3672 830 est

2081 855 2236 911 nobis
2255 866 2312 910 ut
2340 857 2632 913 subdamur
2651 861 2926 929 sapientize
2951 861 3136 933 ipsius,
3155 872 3208 918 et
3233 863 3514 921 credamus
3542 866 3666 937 quia

2082 945 2216 1003 bene
2243 948 2387 1014 fecit,
2413 959 2466 1006 et
2488 951 2530 1006 si
2559 952 2793 1007 nondum
2825 955 3070 1011 novimus
3102 971 3264 1024 quare
3294 957 3420 1014 fecit
3453 977 3465 1011 :
3495 969 3550 1014 et
3569 958 3669 1014 ha-

2080 1039 2326 1096 bebimus
2359 1057 2453 1096 cor
2481 1055 2710 1110 rectum,
2740 1055 2796 1100 ut
2825 1060 3210 1114 praesumamus
3242 1056 3298 1104 et
3334 1051 3669 1106 confidamus

2081 1132 2133 1186 in
2167 1132 2409 1200 Domino,
2441 1143 2494 1190 et
2521 1152 2628 1190 non
2656 1139 3011 1193 movebuntur
3035 1140 3200 1210 pedes
3229 1141 3416 1209 nostri,
3449 1151 3502 1198 et
3530 1143 3582 1196 fit
3615 1144 3670 1200 in

2080 1225 2233 1280 nobis
2255 1227 2662 1286 ascendentibus
2684 1231 2822 1286 unde
2841 1233 3003 1302 coepit
3024 1232 3124 1289 iste
3147 1235 3405 1304 psalmus,
3433 1235 3534 1303 Qui
3556 1252 3669 1292 con-

2081 1318 2244 1388 ﬁdunt
2264 1321 2316 1373 in
2340 1319 2588 1390 Domino,
2618 1325 2744 1378 sicut
2768 1341 2912 1380 mons
2946 1326 3106 1395 Sion,
3141 1345 3242 1382 non
3277 1330 3664 1385 commovebun-

2082 1418 2165 1464 tur
2183 1414 2203 1442 ²
2233 1412 2288 1465 in
2317 1419 2580 1498 aeternum.

2151 1503 2204 1559 5.
2237 1503 2336 1572 Qui
2364 1514 2488 1560 sunt
2512 1506 2636 1562 isti?
2659 1508 2761 1576 Qui
2780 1508 3059 1565 inhabitant
3083 1510 3372 1567 Jerusalem
3393 1530 3412 1568 :
3435 1514 3536 1584 ipsi
3564 1533 3664 1571 non

2081 1597 2520 1653 commovebuntur
2547 1601 2600 1654 in
2624 1611 2869 1655 aternum
2886 1643 2902 1666 ,
2927 1605 3012 1672 qui
3039 1603 3320 1658 inhabitant
3356 1603 3663 1661 Jerusalem.

2080 1690 2135 1746 Si
2180 1691 2315 1746 hanc
2355 1693 2653 1750 Jerusalem
2704 1695 3140 1763 intellexerimus,
3192 1713 3378 1754 omnes
3424 1702 3512 1771 qui
3560 1702 3666 1756 illic

2080 1781 2476 1852 inhabitabant,
2520 1785 2676 1842 bellis
2714 1797 2768 1842 et
2809 1788 3093 1844 eversione
3123 1791 3286 1860 ipsius
3315 1792 3543 1846 civitatis
3571 1808 3667 1847 ex-

2079 1877 2210 1931 clusi
2241 1887 2366 1932 sunt
2394 1897 2406 1932 :
2437 1880 2598 1934 modo
2629 1882 2825 1950 quieris
2863 1882 3104 1937 Judzuum
3135 1883 3184 1937 in
3213 1885 3426 1938 civitate
3452 1885 3668 1940 Jerusa-

2080 1968 2184 2023 lem
2204 2011 2218 2035 ,
2247 1979 2303 2024 et
2329 1986 2434 2026 non
2463 1971 2688 2028 invenis.
2730 1973 2907 2041 Quare
2941 1973 3104 2045 crgo’
3133 1992 3238 2030 non
3264 1974 3590 2029 movebuntur
3614 1977 3668 2030 in

2079 2073 2340 2129 wternum,
2371 2066 2458 2135 qui
2481 2065 2760 2120 inhabitant
2785 2065 3102 2131 Jerusalem,
3147 2068 3246 2122 nisi
3289 2069 3411 2138 quia
3453 2078 3535 2123 est
3564 2068 3665 2124 alia

2078 2154 2396 2221 Jerusalem,
2421 2157 2488 2211 de
2513 2174 2613 2228 qua
2643 2158 2804 2212 multa
2826 2159 3012 2214 soletis
3035 2158 3257 2214 audire?
3285 2159 3401 2229 lpsa
3436 2168 3520 2214 est
3551 2174 3666 2213 ma-

2080 2256 2162 2304 ter
2201 2257 2402 2314 nostra,
2431 2249 2519 2306 cui
2554 2250 2882 2320 suspiramus
2919 2259 2972 2306 et
3009 2251 3274 2320 gemimus
3323 2250 3376 2304 in
3420 2253 3518 2306 ista
3549 2267 3668 2321 per-

2079 2344 2430 2414 egrinatione,
2469 2351 2527 2398 ut
2566 2344 2632 2397 ad
2673 2345 2816 2398 illam
2855 2343 3156 2399 redeamus.
3191 2344 3570 2399 Erraveramus
3597 2343 3666 2399 ab

2080 2451 2144 2492 ea
2164 2436 2208 2503 ⁸,
2232 2448 2285 2492 et
2306 2438 2444 2492 viam
2476 2453 2580 2491 non
2603 2437 2970 2494 habebamus:
2994 2437 3108 2493 Rex
3135 2438 3300 2508 ipsius
3321 2439 3483 2502 venit,
3508 2449 3562 2493 et
3581 2439 3666 2493 via

2079 2525 2235 2582 nobis
2265 2527 2436 2582 factus
2456 2537 2555 2594 est,
2581 2537 2638 2582 ut
2666 2528 2731 2582 ad
2756 2529 2900 2583 illam
2927 2527 3101 2584 redire
3126 2528 3410 2598 possimus.
3436 2529 3553 2598 Ipsa
3585 2537 3668 2584 est

2079 2619 2188 2686 illa,
2212 2617 2300 2672 ubi
2314 2627 2502 2676 stantes
2518 2628 2659 2673 erant
2673 2621 2824 2691 pedes
2840 2620 2998 2674 nostri
3009 2621 3061 2674 in
3078 2619 3219 2674 atriis
3235 2618 3540 2685 Jerusalem,
3560 2620 3666 2674 sic-

2078 2720 2139 2768 ut
2174 2712 2396 2768 audistis
2417 2713 2469 2768 in
2492 2713 2698 2782 psalmo
2726 2713 3054 2767 canticorum
3077 2713 3335 2784 graduum
3358 2711 3665 2782 superiore“,

2075 2806 2185 2876 jam
2228 2805 2379 2860 vobis
2421 2806 2666 2874 exposito
2707 2813 2761 2859 et
2801 2813 3023 2860 tractato
3060 2806 3149 2877 qui
3195 2804 3541 2871 interfuistis;
3579 2804 3666 2860 cui

2078 2896 2379 2966 suspirabat
2401 2896 2507 2951 .ille
2539 2896 2626 2966 qui
2649 2895 2914 2961 cantabat,
2941 2895 3228 2949 Jerusalem
3252 2911 3363 2966 qua:
3386 2896 3669 2964 azdi/icatur

2079 2996 2134 3042 ut
2176 2988 2350 3042 civitas
2378 2989 2561 3058 ;cujus
2598 2987 2916 3058 participatio
2963 2987 3072 3053 ejus
3109 2989 3163 3040 in
3209 2986 3433 3056 idipsum
3478 2985 3666 3058 (Psal.

2079 3098 2222 3148 cum,
2249 3080 2307 3149 2,
2339 3082 2418 3151 ὅ).
2447 3082 2546 3149 Qui
2573 3096 2702 3152 ergo
2730 3081 2800 3136 ibi
2844 3080 3084 3134 habitant
3131 3097 3233 3134 non
3267 3080 3596 3135 movebuntur
3615 3079 3670 3133 in

2079 3186 2344 3231 wternum.
2391 3173 2492 3240 Qui
2533 3182 2710 3227 autem
2757 3173 3059 3228 habitarunt
3107 3173 3160 3226 in
3202 3173 3299 3227 ista
3332 3171 3664 3238 Jerusalem,

2083 3268 2214 3322 moti
2240 3275 2394 3329 sunt;
2428 3266 2598 3335 primo
2619 3266 2805 3332 corde,
2826 3273 3011 3336 postea
3042 3265 3250 3320 exsilio.
3293 3263 3516 3333 Quando
3541 3263 3672 3318 moti

2083 3368 2206 3414 sunt
2229 3358 2392 3414 corde
2417 3367 2469 3412 et
2497 3358 2823 3422 ceciderunt,
2853 3367 2980 3412 tunc
3003 3357 3202 3428 Regem
3235 3357 3400 3426 ipsius
3424 3370 3670 3427 superna:

2082 3450 2377 3508 Jerusalem
2403 3449 2797 3505 crucifixerunt.
2826 3449 2944 3505 Jam
2967 3449 3315 3520 spiritualiter
3339 3448 3469 3504 foris
3496 3459 3667 3515 erant,

2084 3553 2139 3600 et
2177 3545 2349 3614 ipsum
2391 3543 2590 3613 Regem
2623 3543 2766 3599 foras
2792 3543 3167 3598 excludebant.
3209 3543 3500 3613 Ejecerunt
3528 3543 3673 3597 enim

2085 3636 2236 3690 illum
2278 3644 2426 3690 extra
2474 3637 2746 3690 civitatem
2786 3650 2972 3702 suam,
3018 3644 3072 3690 et
3117 3635 3246 3690 foris
3295 3636 3677 3690 crucitixerunt

2087 3729 2267 3799 (Joan.
2298 3745 2387 3783 xux
2413 3771 2428 3795 ,
2459 3729 2545 3795 l7,
2580 3728 2691 3801 l8).
2734 3730 2798 3784 Et
2825 3731 2937 3799 ipse
2965 3729 3122 3798 ejecit
3162 3729 3280 3785 illos
3306 3739 3461 3784 extra
3485 3729 3676 3784 civita-

2087 3831 2194 3878 tem
2225 3838 2394 3885 suam,
2428 3821 2478 3876 id
2501 3830 2584 3876 est
2601 3831 2857 3876 aeternam
2877 3821 3170 3876 Jerusalem
3191 3831 3415 3876 matrem
3435 3821 3675 3877 omnium

2088 3925 2352 3979 nostrum,
2384 3928 2502 3983 quae
2527 3922 2610 3967 est
2638 3915 2690 3966 in
2721 3913 2891 3968 caelis.

2159 4009 2212 4062 4.
2264 4007 2446 4074 Qualis
2492 4015 2575 4060 est
2620 4005 2719 4059 ista
2762 4003 3096 4060 Jerusalem?
3140 4003 3378 4059 Breviter
3424 4001 3681 4060 describit

2089 4118 2229 4158 eam.
2264 4100 2462 4154 Montes
2503 4101 2556 4153 in
2585 4099 2797 4152 circuitu
2840 4099 2968 4168 eius.
3016 4097 3259 4166 Magnum
3303 4095 3535 4166 aliquid,
3579 4109 3680 4152 nos

2090 4209 2210 4250 esse
2231 4193 2284 4247 in
2307 4208 2368 4247 ea
2388 4192 2600 4247 civitate
2620 4205 2776 4261 quam
2798 4188 3266 4245 circumdederunt
3290 4187 3534 4242 montes?
3561 4187 3680 4256 Ipsa

2091 4298 2173 4342 est
2213 4295 2322 4342 tota
2367 4284 2590 4340 felicitas
2622 4295 2800 4339 nostra
2826 4324 2840 4345 ,
2887 4283 3008 4353 quia
3052 4281 3363 4337 habebimus
3409 4281 3679 4336 civitatem

2091 4398 2250 4454 quam
2277 4378 2744 4436 circumdederunt
2776 4375 3023 4431 montes?
3049 4375 3186 4430 Num
3221 4375 3362 4430 enim
3395 4389 3498 4429 non
3527 4373 3679 4427 novi-

2094 4492 2214 4532 mus
2242 4474 2488 4530 montes?
2519 4483 2608 4528 aut
2631 4471 2758 4542 quid
2788 4479 2912 4525 sunt
2932 4477 3160 4534 montes,
3186 4467 3287 4521 nisi
3311 4476 3544 4521 tumores
3573 4475 3682 4521 ter-

2092 4568 2308 4626 rarum?
2339 4567 2438 4620 Alii
2472 4573 2596 4620 sunt
2619 4578 2747 4634 ergo
2791 4571 2999 4617 montes
3025 4560 3308 4626 amabiles,
3342 4569 3551 4614 montes
3584 4574 3682 4614 ex-

2094 4661 2258 4725 celsi,
2290 4658 2665 4730 prcedicatores
2690 4655 2959 4719 veritatis,
2978 4653 3109 4708 ‘sive
3145 4651 3363 4720 Angeli,
3395 4652 3507 4706 sive
3536 4650 3682 4719 Apo-

2097 4752 2239 4816 stoli,
2272 4751 2384 4805 sive
2406 4747 2706 4818 Prophetas.
2737 4745 2840 4816 Ipsi
2870 4753 2994 4800 sunt
3016 4744 3066 4798 in
3097 4743 3320 4797 circuitu
3347 4741 3679 4803 Jerusalem;

2097 4844 2338 4899 ambiunt
2378 4842 2556 4906 illam,
2586 4849 2639 4894 et
2673 4839 2822 4910 quasi
2861 4852 3072 4891 murum
3113 4835 3190 4890 illi
3237 4834 3450 4889 faciunt.
3486 4833 3559 4886 De
3601 4831 3684 4886 his

2098 4936 2369 4994 montibus
2393 4933 2707 4989 amabilibus
2749 4940 2803 4986 et
2847 4929 3249 4986 delectabilibus
3285 4925 3497 4981 assidue
3537 4923 3684 4979 Scri-

2099 5043 2250 5104 ptura
2299 5029 2551 5098 loquitur.
2602 5025 2874 5081 Advertite
2923 5039 3043 5079 cum
3092 5021 3285 5076 auditis
3333 5019 3419 5072 vel
3472 5015 3682 5088 legitis;

2100 5123 2340 5196 pluribus
2363 5120 2494 5175 locis
2522 5119 2769 5174 invenitis
2791 5125 2996 5172 montes
3020 5111 3380 5174 delectabiles,
3409 5123 3564 5178 quam
3590 5120 3688 5162 nos

2101 5229 2384 5289 possumus
2409 5225 2852 5270 commemorare.
2886 5209 3265 5263 Verumtamen
3293 5211 3548 5273 quantum
3577 5199 3690 5254 Do-

2105 5311 2282 5367 minus
2307 5307 2574 5379 suggerit,
2603 5306 2834 5361 delectat
2864 5316 2960 5356 nos
2989 5301 3056 5355 de
3101 5298 3182 5353 his
3225 5295 3491 5351 montibus
3523 5291 3690 5347 multa

2105 5404 2322 5470 dicere;
2353 5411 2408 5458 et
2432 5400 2610 5456 divina
2639 5393 2940 5454 testimonia
2985 5391 3052 5448 de
3096 5389 3311 5445 Litteris
3352 5384 3550 5443 sanctis
3594 5397 3691 5441 oc-

2172 5563 2191 5595 ι
2215 5565 2422 5620 Quatuor
2442 5562 2570 5620 Mss,
2594 5556 2649 5603 ut
2669 5550 2835 5620 probet
2849 5547 2988 5620 illum
3012 5548 3075 5620 de
3096 5544 3261 5620 divite.

2172 5627 2194 5657 ι
2219 5603 2413 5685 λ’ἦῖιῖἶᾶί
2427 5603 2938 5685 Ιῆ)ἰ“ἶ,ὀουῖηιρυςὺίρζςν
2958 5611 3075 5685 :qui
3097 5618 3262 5660 tamen
3283 5603 3407 5658 infra
3421 5615 3534 5655 cum
3551 5608 3693 5654 cate-

2110 5691 2181 5740 ris
2199 5675 2383 5736 habent
2406 5675 2701 5740 constanter,
2735 5675 3016 5740 inhabitant.
3103 5732 3114 5740 .
3350 5738 3356 5740 _

2175 5728 2555 5804 FEFeEies'ga
2570 5728 2663 5792 non
2905 5732 3143 5798 Quonwdo
3163 5743 3296 5796 ergo,
3313 5738 3409 5782 etc.
3428 5728 3534 5791 Alii,
3554 5729 3692 5778 certe

2113 5823 2305 5921 eratsic
2325 5868 2506 5931 aliquot
2526 5872 2634 5918 In.
2659 5870 2716 5916 At
2734 5862 2868 5916 addc
2888 5869 3230 5916 moverimus
3245 5870 3277 5907 a
3291 5854 3387 5908 via.
