4074 6470
430 406 559 464 1651

430 528 708 576 currerunt
733 522 748 550 ¹
779 520 947 574 nobis.
991 514 1094 587 lpsi
1137 522 1260 571 sunt
1289 519 1496 566 montes
1526 508 1617 579 qui
1640 504 2007 560 illuminantur

432 627 462 668 a
500 612 644 669 Deo:
674 620 727 667 et
766 611 1010 685 primitus
1054 606 1431 670 illuminantur,
1480 610 1539 657 ut
1574 601 1643 657 ab
1672 598 1801 669 ipsis
1829 596 2008 651 lumen

433 701 722 760 descendat
759 703 823 756 ad
861 700 1058 767 val-les,
1096 697 1177 754 vel
1215 696 1283 752 ad
1313 694 1510 759 colles;
1554 694 1677 763 quia
1719 707 1822 745 non
1852 695 2011 744 tantae

434 803 559 851 sunt
586 792 907 857 altitudinis,
952 798 1161 860 quantas
1203 798 1325 843 sunt
1352 794 1579 841 montes.
1626 782 1727 855 Ipsi
1765 790 1889 837 sunt
1918 794 2013 851 per

437 899 571 956 quos
595 883 747 940 nobis
772 892 1097 955 prterogatur
1126 882 1418 951 Scriptura,
1451 880 1563 935 sive
1584 878 1636 932 in
1667 874 1940 947 prophetia
1964 874 2007 941 ',

436 976 550 1032 sive
579 975 633 1031 in
661 972 945 1045 Apostolis,
981 972 1093 1028 sive
1125 974 1176 1027 in
1203 972 1509 1042 Evangelio.
1535 970 1634 1041 Ipsi
1659 976 1780 1023 sunt
1804 974 2012 1021 montes

436 1066 503 1123 de
544 1065 737 1137 quibus
776 1074 1080 1131 cantamus,
1121 1063 1299 1119 Levavi
1335 1063 1505 1117 oculos
1532 1077 1666 1114 meos
1694 1060 1747 1112 in
1788 1066 2009 1138 montes,

436 1158 570 1213 unde
598 1157 756 1212 veniet
782 1157 1029 1211 auxilium
1061 1157 1225 1222 mihi;
1256 1155 1373 1225 quia
1403 1153 1468 1208 de
1495 1150 1781 1222 Scripturis
1819 1148 2014 1203 sanctis

432 1249 489 1304 in
522 1248 622 1304 hac
644 1249 750 1304 vita
778 1247 1035 1303 habemus
1063 1244 1338 1301 auxilium.
1372 1242 1481 1299 Sed
1507 1244 1626 1314 quia
1666 1242 1763 1310 ipsi
1810 1248 2013 1294 montes

438 1355 546 1395 non
576 1356 604 1394 a
635 1355 692 1394 se
719 1349 1087 1410 proteguntur,
1125 1352 1223 1392 nec
1246 1353 1273 1390 a
1305 1336 1493 1406 seipsis
1521 1335 1673 1389 nobis
1697 1332 2009 1397 consulunt,

438 1446 534 1485 nec
561 1446 684 1499 spes
710 1439 886 1485 nostra
914 1430 1073 1484 debet
1101 1444 1218 1483 esse
1252 1429 1305 1481 in
1334 1426 1597 1481 montibus
1617 1466 1632 1491 ,
1663 1439 1726 1483 ne
1752 1420 2015 1477 maledicti

433 1526 604 1579 simus
626 1525 716 1594 qui
745 1539 891 1593 spem
919 1523 969 1577 in
1000 1522 1214 1576 homine
1242 1521 1483 1590 ponimus
1511 1516 1722 1588 (Jercm.
1752 1530 1859 1571 xvn
1879 1558 1893 1581 ,
1923 1513 2013 1587 5);

434 1617 541 1687 jam
570 1617 796 1683 dixerat,
828 1614 1010 1670 Levavi
1034 1615 1202 1669 oculos
1228 1629 1361 1667 meos
1387 1614 1437 1665 in
1465 1620 1674 1674 montes,
1706 1610 1838 1663 unde
1861 1608 2017 1661 veniet

439 1707 682 1759 auat-ilium
710 1706 834 1759 mihi
851 1721 870 1769 ;
898 1704 1176 1767 Auxilium,
1207 1704 1392 1773 inquit,
1419 1717 1582 1754 meum
1612 1716 1643 1753 a
1668 1698 1904 1763 Domino,
1934 1698 2018 1768 qui

440 1800 555 1868 fecit
582 1797 761 1852 calum
791 1807 838 1852 et
870 1806 1051 1850 terram
1078 1793 1246 1867 (Psal.
1270 1808 1394 1853 cxx,
1420 1793 1470 1858 1,
1491 1791 1567 1862 ‘2).
1595 1790 1695 1859 ipsi
1720 1798 1843 1843 sunt
1866 1804 2019 1843 mon-

438 1899 519 1945 tcs
548 1890 611 1944 de
635 1890 823 1959 quibus
852 1893 975 1943 item
999 1887 1123 1942 dicit
1150 1905 1166 1941 τ
1200 1886 1490 1955 Suscipiunt
1516 1892 1705 1936 montes
1732 1897 1901 1951 pacem
1924 1897 2017 1949 po-

445 1984 563 2053 pulo
593 1992 708 2046 tuo,
755 1991 800 2035 et
828 1980 978 2035 colles
998 1980 1247 2049 justitiam
1293 1974 1460 2045 (Psal.
1500 1989 1656 2031 an.
1695 1971 1772 2042 3).
1818 1971 2019 2025 Montes

446 2075 619 2143 magni
660 2082 782 2128 sunt
806 2113 819 2137 ,
860 2080 912 2126 et
936 2070 1098 2126 colles
1125 2070 1360 2123 minores
1385 2074 1527 2121 sunt.
1554 2064 1759 2119 Montes
1781 2078 1908 2132 ergo
1938 2062 2017 2115 vi-

444 2165 589 2231 dent,
618 2164 782 2219 colles
809 2161 1065 2217 credunt:
1098 2161 1185 2229 qui
1218 2158 1430 2223 vident,
1461 2170 1644 2226 pacem
1675 2163 2021 2222 susceperunt

444 2264 497 2311 et
525 2255 813 2310 attulerunt
852 2252 916 2307 ad
946 2265 1039 2306 eos
1064 2252 1157 2321 qui
1188 2250 1431 2305 credunt.
1460 2248 1561 2313 Qui
1594 2247 1734 2301 enim
1761 2245 2017 2310 credunt,

443 2347 735 2416 suscipiunt
772 2344 1063 2415 justitiam;
1105 2342 1226 2413 quia
1252 2342 1427 2411 justus
1455 2355 1520 2394 ex
1550 2338 1653 2394 ilde
1678 2339 1808 2419 vivit
1840 2335 2017 2405 (Rom.

443 2456 481 2507 ι,
514 2438 621 2510 17).
652 2437 837 2508 Angeli
863 2436 1061 2501 vident.
1092 2435 1406 2489 annuntiant
1426 2431 1568 2502 quod
1596 2431 1796 2496 vident,
1824 2439 1879 2483 et
1907 2442 2022 2483 cre-

444 2531 618 2587 dimus
656 2545 773 2585 nos.
810 2528 1040 2584 Joannes
1070 2526 1157 2581 ille
1190 2542 1203 2581 :
1234 2524 1300 2579 In
1340 2524 1585 2595 principio
1622 2530 1730 2576 erat
1776 2518 2018 2583 Verbum,

445 2632 492 2678 et
523 2621 737 2676 Verbum
760 2628 865 2675 erat
884 2619 1021 2689 apud
1046 2618 1219 2681 Deum,
1246 2625 1293 2671 et
1318 2614 1451 2670 Deus
1472 2624 1577 2669 erat
1607 2611 1821 2666 Verbum
1842 2610 2021 2676 (locis.

448 2730 492 2778 ι,
525 2713 615 2783 l):
648 2711 893 2775 videbat,
937 2707 1244 2780 praedicavit
1284 2706 1438 2762 nobis
1469 2714 1527 2760 nt
1550 2701 1913 2760 crederemus.
1958 2702 2022 2755 Et

448 2822 542 2878 per
563 2815 771 2861 montes
791 2803 1138 2873 suscipientes
1159 2816 1363 2871 pacem,
1387 2806 1732 2867 susceperunt
1755 2796 1918 2851 colles
1940 2794 2025 2864 ju-

447 2898 642 2957 stitiam
676 2914 691 2953 :
724 2897 840 2967 quia
873 2896 937 2951 de
969 2896 1097 2965 ipsis
1122 2893 1392 2948 montibus
1420 2890 1546 2960 quid
1580 2889 1686 2944 ait?
1726 2888 1839 2942 Non
1869 2887 2019 2954 dixit,

449 2992 491 3044 A
537 3004 594 3044 se
635 2987 833 3042 habent
872 3000 1077 3057 pacem,
1110 2984 1216 3050 vel,
1249 2982 1530 3037 instituunt
1559 2992 1761 3049 pacem,
1798 2978 1898 3042 vel,
1930 2994 2022 3047 ge-

449 3090 636 3139 nerant
662 3095 882 3151 pacem;
929 3078 1043 3140 sed,
1085 3077 1377 3145 suscipiunt
1414 3088 1620 3143 pacem.
1673 3072 1825 3128 Unde
1851 3073 2022 3125 succi-

449 3177 598 3247 piunt
622 3187 803 3244 pacem
825 3214 839 3239 ,
866 3171 1123 3225 Dominus
1151 3176 1251 3224 est.
1284 3166 1371 3222 Sic
1397 3178 1524 3234 ergo
1551 3165 1665 3219 leva
1690 3164 1875 3218 oculos
1902 3172 2023 3218 tuos

450 3267 513 3321 ad
560 3271 773 3319 montes
810 3270 1027 3332 propter
1064 3273 1270 3329 pacem,
1312 3267 1369 3313 ut
1406 3257 1656 3311 auxilium
1696 3266 1841 3310 tuum
1883 3256 1953 3309 sit
1993 3269 2023 3308 a

448 3357 698 3422 Domino,
742 3354 831 3424 qui
884 3352 1009 3408 fecit
1048 3351 1243 3406 omium
1293 3358 1347 3403 et
1390 3358 1605 3403 terram.
1656 3346 1860 3401 Rursus
1908 3346 2023 3401 illos

451 3457 660 3502 montes
686 3455 1112 3500 commemorans
1136 3440 1359 3509 Spiritus
1384 3449 1598 3493 sanctus
1627 3438 1726 3491 hoc
1751 3438 1823 3491 ait
1848 3453 1861 3489 :
1894 3434 2027 3489 litu-

449 3540 648 3591 minans
673 3546 725 3590 tu
748 3532 1106 3589 admirabibiter
1127 3548 1159 3584 a
1182 3530 1428 3584 montibus
1453 3530 1649 3582 teter-nis
1672 3527 1843 3596 (Psat.
1865 3542 2021 3589 sxxv,

450 3630 487 3685 5
509 3632 545 3700 ).
582 3627 693 3683 Non
722 3627 876 3690 dixit,
907 3624 1207 3679 lliuminant
1228 3629 1469 3684 montes;
1499 3619 1614 3680 sed.
1648 3617 1948 3671 llluminans
1974 3626 2026 3671 tu

451 3737 484 3775 α
507 3720 756 3776 montibus
790 3719 988 3773 amis
1015 3731 1036 3771 :
1058 3729 1153 3785 per
1193 3721 1405 3769 montes
1449 3714 1579 3766 istos
1618 3726 1752 3779 quos
1798 3720 2025 3763 aeternos

448 3826 573 3868 esse
593 3811 825 3875 voluisti,
870 3806 1165 3877 praedicans
1206 3803 1568 3873 Evangelium,
1593 3812 1646 3854 tu
1670 3802 1960 3855 illan-inuno
1981 3800 2021 3867 ⁸,

454 3922 558 3961 non
590 3914 814 3959 montes.
849 3902 1007 3957 Tales
1031 3915 1159 3970 ergo
1184 3907 1375 3951 montes
1395 3898 1449 3950 in
1474 3895 1683 3949 circuitu
1708 3893 2023 3948 Jerusaiem.

525 3999 577 4054 ὅ.
608 3996 675 4052 Et
703 4003 763 4051 ut
789 3992 1042 4049 noveritis
1074 3993 1257 4063 quales
1301 3990 1408 4044 sint
1452 3996 1660 4043 montes
1706 3987 1760 4040 in
1802 3986 2027 4040 circuitu

449 4091 604 4160 estis;
644 4086 735 4143 ubi
776 4084 1212 4141 commemoravit
1255 4091 1463 4136 montes
1504 4080 1673 4160 bonos
1711 4079 1983 4147 Scriptum
2009 4119 2023 4143 ,

451 4158 604 4234 valde
635 4194 758 4233 raro
781 4186 835 4233 et
861 4176 1095 4240 difﬁcile,
1126 4182 1215 4228 aut
1240 4172 1377 4227 forte
1409 4158 1677 4239 nunqdam
1709 4183 1812 4223 non
1838 4178 1891 4225 et
1919 4179 2027 4222 sta-

452 4271 549 4325 tim
595 4269 666 4324 ibi
710 4268 947 4322 nominat
984 4265 1285 4329 Dominum,
1330 4270 1421 4315 aut
1452 4260 1607 4315 simul
1651 4257 1928 4327 signiﬁcat,
1960 4272 2028 4313 ne

451 4377 575 4431 spes
616 4368 888 4417 remaneat
914 4359 967 4412 in
1000 4356 1288 4423 montibus.
1318 4354 1459 4409 Ecce
1484 4352 1658 4407 videte
1681 4366 1841 4420 quam
1865 4350 2027 4405 multa

451 4451 881 4508 commemoravi.
913 4448 1093 4504 lanci
1118 4447 1288 4501 oculos
1312 4460 1446 4498 meos
1469 4444 1521 4497 in
1546 4452 1755 4506 montes,
1788 4440 1920 4493 unde
1944 4455 2027 4494 oe-
2114 4462 2117 4463 ν

454 4545 556 4598 niet
601 4543 846 4596 nantium
893 4538 1132 4592 mihi:et
1175 4551 1240 4589 ne
1283 4535 1350 4589 ibi
1406 4545 1721 4595 remaneas,
1770 4530 2029 4583 Auxilium

454 4649 638 4697 meum,
673 4631 861 4700 inquit,
892 4646 923 4683 a
964 4629 1198 4691 Domino,
1236 4626 1321 4696 qui
1364 4625 1482 4693 fecit
1520 4623 1698 4676 calum
1735 4631 1781 4674 et
1822 4631 2025 4673 terram.

457 4725 687 4785 Rursus,
736 4720 1030 4789 Suscipiunt
1071 4725 1261 4771 montes
1302 4730 1475 4786 pacem
1520 4711 1705 4783 populo
1747 4722 1832 4765 tuo
1864 4726 2026 4765 :cum

452 4817 605 4881 dixit,
638 4813 949 4881 Suscipiunt,
977 4808 1210 4864 ostendit
1249 4807 1409 4861 alium
1449 4818 1567 4861 esse
1608 4800 1845 4856 fontem‘
1885 4802 2027 4870 pacis

452 4906 594 4962 unde
625 4905 699 4959 illi
739 4902 1051 4971 suscipiunt.
1083 4899 1309 4961 Rursus,
1337 4898 1381 4948 Α
1411 4894 1659 4949 montibus
1691 4891 1981 4946 illuminans
2012 4907 2029 4945 :

450 5000 567 5065 sed,
596 4998 699 5061 Tu,
729 4996 895 5058 dixit;
934 4993 1241 5047 “luminum
1270 4999 1322 5042 tu
1349 4988 1709 5041 admirabiliter
1728 5002 1759 5038 a
1780 4984 2029 5038 montibus

450 5091 665 5147 aeternis.
695 5087 827 5144 ltem
848 5086 949 5140 hoc
975 5086 1093 5139 loco
1113 5096 1231 5136 cum
1254 5078 1493 5140 dixisset,
1521 5074 1719 5128 Montes
1741 5076 1790 5127 in
1817 5075 2029 5127 circuitu

448 5185 595 5250 eius;
638 5197 704 5235 ne
755 5190 809 5234 tu
848 5192 1055 5232 rursum
1098 5186 1400 5227 remaneres
1441 5170 1490 5223 in
1532 5168 1767 5222 montibu
1806 5208 1821 5233 ,
1851 5168 2027 5221 statim

447 5274 755 5344 subjunxit,
788 5272 850 5325 Et
884 5269 1127 5323 Dominus
1158 5267 1210 5318 in
1231 5264 1443 5317 circuitu
1484 5261 1637 5329 plebis
1667 5278 1809 5314 sum:
1846 5271 1902 5312 ut
1942 5274 2026 5314 tua

449 5382 570 5435 spes
600 5381 705 5419 non
741 5363 809 5417 sit
847 5360 901 5414 in
951 5356 1237 5419 montibus,
1278 5353 1370 5407 sed
1416 5353 1467 5406 in
1514 5352 1603 5405 illo
1642 5352 1731 5419 qui
1770 5351 2028 5404 illuminat

453 5466 677 5511 montes.
708 5454 841 5509 Cum
868 5451 1008 5506 enim
1039 5448 1127 5502 ille
1159 5447 1358 5500 habitat
1386 5445 1437 5496 in
1467 5442 1754 5505 montibus,
1785 5440 1836 5494 id
1863 5451 1943 5494 est
1972 5440 2025 5494 in

513 5618 529 5645 ι
560 5610 693 5669 gdd.,
717 5613 992 5672 occurrunt.
1022 5611 1076 5658 At
1098 5612 1221 5672 MSS”
1245 5605 1603 5672 Wcmmn
1766 5670 1774 5672 Α
1984 5656 1997 5672 .-

512 5679 531 5706 ³
560 5660 724 5722 Plures
763 5680 895 5725 Mss,
920 5669 967 5717 in
990 5660 1241 5731 ‘I’rophetis
1272 5676 1296 5731 7:
1315 5669 1386 5731 _et
1420 5674 1530 5711 mox
1558 5660 1811 5723 plerique,
1850 5660 1946 5707 sive
1979 5660 2030 5705 in

456 5733 697 5797 .rpastdt's.
721 5739 780 5797 at
795 5724 904 5780 Edd.
919 5766 934 5790 ,
958 5728 1053 5780 sive
1481 5790 1517 5797 η
1666 5758 1671 5765 .

516 5800 535 5830 ⁸
560 5805 635 5846 Pr.
656 5794 798 5859 Lugd.
825 5787 941 5842 ven’.
969 5787 1445 5859 Lota,
1481 5790 1535 5830 Μ.

511 5861 532 5892 ⁸
554 5868 624 5909 Sic
648 5849 869 5923 plquue
893 5860 995 5904 Mss.
1020 5859 1072 5900 At
1092 5849 1227 5906 κω,
1246 5852 1465 5897 momen

1655 390 1709 447 S.
1752 380 2115 443 AUGUSTINI
2152 384 2452 448 EPISCOPI

3544 408 3683 469 1652

2117 504 2333 571 sanctis,
2364 502 2477 573 ipse
2497 516 2577 561 est
2606 506 2657 562 in
2686 509 2905 566 circuitu
2934 512 3100 583 plebis
3130 530 3263 585 sure;
3297 528 3350 575 et
3374 518 3486 592 ipse
3509 541 3685 584 mura-

2117 592 2190 646 vit
2206 594 2222 623 ¹
2257 595 2465 663 plebem
2488 611 2637 653 suam
2662 601 2988 659 munimento
3013 605 3291 675 spirituali,
3324 627 3393 667 ne
3415 626 3686 677 moveatur

2116 684 2168 781 in
2194 695 2474 743 aeternum.
2520 692 2589 747 At
2621 710 2746 750 vero
2775 696 2840 752 de
2867 698 2970 753 illis
2996 704 3262 759 montibus
3294 709 3447 766 malis
3471 716 3687 781 quando

2116 774 2347 848 loquitur
2387 782 2685 855 Scriptura,
2739 806 2841 845 non
2883 792 2960 847 eis
2996 793 3143 850 addit
3181 774 3503 857 Dominum:
3529 803 3689 865 Tales

2117 884 2343 971 montes,
2368 877 2477 949 jam
2509 898 2649 952 saepe
2685 882 2914 939 diximus
2953 887 3119 956 vobis,
3148 892 3442 964 signiﬁcant
3470 914 3689 971 magnas

2117 968 2370 1037 quasdam
2396 971 2618 1040 animas,
2651 973 2743 1029 sed
2771 975 2955 1032 malas.
2998 978 3112 1034 Non
3153 983 3294 1037 enim
3334 988 3548 1056 putetis,
3564 968 3688 1044 vira-

2118 1064 2224 1112 tres
2247 1100 2262 1125 ,
2292 1060 2411 1129 quia
2439 1070 2719 1130 potuerunt
2746 1064 2855 1121 ﬁeri
2894 1066 3126 1126 haereses
3154 1088 3247 1143 per
3274 1072 3475 1145 aliquas
3499 1093 3690 1149 parvas

2118 1149 2338 1204 animas.
2368 1150 2481 1205 Non
2508 1150 2749 1210 fecerunt
2781 1156 3031 1225 hereses,
3074 1162 3173 1215 nisi
3206 1166 3378 1234 magni
3404 1164 3688 1225 homines:

2120 1242 2211 1296 sed
2237 1252 2490 1313 quantum
2523 1248 2716 1317 magni,
2751 1258 2949 1304 tantum
2977 1253 3100 1307 mali
3131 1265 3358 1311 montes.
3404 1252 3519 1314 Non
3548 1262 3691 1316 enim

2120 1345 2326 1390 montes
2353 1347 2506 1391 erant
2540 1341 2671 1394 tales
2710 1344 2796 1409 qui
2843 1346 3171 1414 susciperent
3209 1364 3418 1419 pacem,
3449 1361 3504 1407 ut
3530 1355 3693 1411 colles

2119 1430 2486 1497 susciperent’
2517 1431 2808 1501 justitiam;
2849 1437 2940 1491 sed
2978 1438 3053 1491 illi
3089 1439 3471 1498 dissensionem
3507 1463 3694 1502 susce-

2118 1527 2309 1588 perunt
2338 1536 2365 1573 a
2396 1520 2605 1577 diabolo
2640 1533 2788 1593 patre
2829 1542 2945 1582 suo.
2992 1527 3195 1586 Montes
3238 1548 3365 1604 ergo
3402 1548 3554 1590 erant
3582 1578 3594 1590 .
3627 1539 3695 1594 ad

2121 1610 2253 1664 lales
2278 1621 2482 1666 montes
2509 1628 2637 1668 cave
2666 1632 2730 1669 ne
2761 1616 2947 1687 fugias.
2974 1620 3191 1675 Venturi
3219 1626 3357 1678 enim
3385 1636 3507 1680 sunt
3535 1627 3696 1683 homi-

2122 1716 2236 1767 nes,
2270 1711 2322 1755 et
2360 1704 2547 1757 dicturi
2597 1704 2685 1759 tibi
2721 1726 2735 1762 :
2766 1707 2979 1779 Magnus
3016 1713 3102 1766 ille
3127 1715 3225 1779 vir,
3259 1723 3313 1770 et
3341 1732 3566 1789 magnus
3607 1721 3695 1777 ille

2123 1789 2300 1845 homo.
2348 1790 2527 1859 Qualis
2554 1796 2649 1849 fuit
2678 1795 2765 1851 ille
2812 1798 3078 1856 Donatus!
3122 1805 3291 1874 qualis
3318 1814 3398 1861 est
3422 1808 3696 1865 Maximia‘

2123 1883 2295 1940 nus’!
2339 1894 2391 1940 et
2428 1888 2607 1942 nescio
2647 1890 2764 1958 quis
2803 1889 3061 1947 Photinus
3077 1893 3118 1959 ⁸,
3150 1896 3320 1965 qualis
3360 1898 3485 1955 fuit!
3530 1910 3580 1955 et
3612 1902 3697 1958 ille

2123 1974 2280 2029 Arius
2303 1976 2472 2045 qualis
2511 1976 2638 2033 fuit!
2679 1979 2874 2036 Omnes
2904 1984 3034 2038 iStos
3061 1996 3265 2043 montes
3290 1991 3573 2058 nominavi,
3603 1994 3697 2047 sed

2122 2065 2487 2137 naufragosos.
2524 2070 2721 2125 Videtis
2750 2076 2869 2143 quia
2891 2075 3029 2131 lucet
3052 2076 3117 2131 de
3148 2079 3253 2133 illis
3283 2080 3456 2151 aliqua
3486 2082 3697 2141 ﬂamma

2122 2160 2417 2225 Sermonis,
2444 2170 2496 2215 et
2525 2163 2715 2232 aliquis
2740 2161 2806 2219 de
2830 2165 2956 2234 ipsis
2988 2167 3121 2236 ignis
3148 2170 3471 2228 accenditur.
3519 2174 3571 2230 Si
3601 2192 3696 2229 na-

2123 2248 2310 2320 vigatis
2341 2253 2391 2305 in
2421 2253 2582 2322 ligno,
2612 2263 2666 2309 et
2692 2266 2901 2313 noctem
2926 2261 3186 2329 patimini,
3220 2262 3271 2318 id
3292 2274 3391 2331 est,
3421 2267 3696 2337 caliginem

2125 2340 2281 2414 hujus
2302 2346 2455 2414 vitaz;
2485 2361 2589 2401 non
2612 2364 2704 2403 vos
2723 2344 2926 2418 fallant,
2952 2369 3051 2409 nec
3069 2356 3307 2427 dirigatis
3334 2359 3457 2415 illuc
3482 2361 3656 2415 navim
3681 2380 3695 2415 :
3732 2420 3750 2443 ι

2122 2436 2195 2493 ibi
2238 2449 2360 2494 sunt
2400 2456 2545 2505 saxa,
2576 2443 2645 2498 ibi
2690 2444 2957 2515 naufragia
2999 2464 3183 2519 magna
3220 2450 3367 2506 liunt.
3410 2450 3545 2507 Cum
3573 2468 3700 2523 ergo

2126 2529 2217 2583 tibi
2250 2529 2443 2585 laudati
2476 2530 2670 2588 fuerint
2700 2536 2782 2590 isti
2815 2550 3042 2603 montes,
3062 2542 3350 2611 ctcmperit
3378 2542 3468 2597 tibi
3490 2544 3698 2599 suaderi

2122 2632 2183 2677 ut
2209 2622 2387 2678 venias
2423 2626 2487 2680 ad
2524 2622 2670 2696 ipsos
2695 2641 2922 2696 montes,
2961 2634 3109 2703 quasi
3147 2633 3212 2689 ad
3246 2624 3520 2704 auxilium,
3548 2645 3601 2691 et
3629 2635 3699 2690 ibi

2126 2718 2462 2785 requiescas;
2508 2718 2771 2791 responde
2805 2742 2815 2777 :
2844 2720 2909 2776 In
2951 2723 3166 2780 Domino
3192 2728 3427 2796 conﬁdo;
3452 2729 3699 2797 quomodo

2126 2805 2290 2862 dicitis
2316 2808 2499 2865 anima:
2522 2827 2660 2879 mere,
2695 2809 3016 2885 Transmigra
3058 2818 3110 2871 in
3145 2823 3336 2872 montes
3367 2816 3493 2873 sicut
3530 2835 3701 2889 passer

2126 2896 2298 2969 (Psal.
2333 2917 2383 2965 x,
2415 2902 2509 2971 2)?
2540 2902 2741 2959 Bonum
2772 2915 2853 2961 est
2872 2907 3012 2962 enim
3042 2906 3132 2964 tibi
3162 2920 3219 2965 ut
3252 2910 3305 2966 in
3338 2908 3454 2967 illos
3492 2923 3701 2970 montes

2127 2992 2269 3047 leves
2297 2993 2478 3050 oculos
2509 2997 2647 3053 unde
2672 2996 2765 3054 tibi
2792 3000 3043 3056 auxilium
3074 3017 3103 3056 a
3135 3000 3359 3059 Domino
3384 3006 3469 3071 sit,
3495 3016 3551 3061 ut
3580 3022 3700 3061 eva-

2126 3082 2221 3139 das
2248 3082 2386 3143 sicut
2412 3098 2600 3156 passer
2626 3088 2694 3146 de
2720 3092 3015 3162 muscipula
3045 3094 3371 3162 venantium,
3394 3101 3496 3152 nun
3526 3109 3699 3153 trans-

2128 3178 2323 3251 migres
2350 3181 2400 3234 in
2429 3192 2654 3238 montes.
2685 3182 2874 3239 Passer
2900 3188 3037 3240 enim
3070 3184 3327 3243 instabilis
3350 3204 3433 3244 res
3460 3200 3570 3255 est;
3595 3190 3700 3244 cito

2128 3280 2403 3336 movetur,
2441 3272 2547 3327 cito
2581 3274 2723 3329 volat
2761 3272 2884 3331 hinc
2922 3284 2975 3330 et
3010 3276 3151 3333 inde.
3199 3278 3303 3334 Sed
3333 3289 3385 3334 tu
3413 3280 3620 3335 conﬁde
3648 3280 3697 3334 in

2126 3359 2374 3426 Domino,
2405 3373 2458 3419 et
2486 3364 2591 3420 eris
2617 3366 2752 3420 sicut
2780 3382 2932 3422 mons
2957 3365 3116 3435 Sion;
3150 3384 3257 3424 non
3282 3373 3701 3427 commoveberis

2124 3454 2180 3509 in
2220 3462 2477 3510 aeternum
2500 3498 2515 3520 ,
2557 3465 2611 3512 et
2646 3474 2750 3512 non
2795 3460 3193 3531 transmigrabis
3230 3463 3281 3517 in
3324 3474 3532 3519 montes
3566 3466 3701 3519 sicut

2130 3559 2332 3615 passer.
2380 3544 2645 3617 Numquid
2689 3549 2759 3605 ibi
2802 3552 2881 3605 sic
2920 3553 3210 3608 nominavit
3251 3563 3480 3623 montes,
3529 3565 3588 3612 ut
3632 3554 3699 3612 de

2130 3638 2352 3693 Domino
2380 3640 2619 3695 diceret?

2199 3730 2252 3786 6.
2285 3732 2387 3787 Sed
2414 3743 2621 3789 montes
2647 3733 2776 3791 tales
2798 3748 2914 3791 ama
2936 3780 2948 3801 ,
3000 3737 3053 3792 in
3088 3738 3277 3809 quibus
3305 3739 3563 3796 Dominus
3592 3754 3695 3799 est.

2128 3822 2277 3882 Tunc
2303 3835 2476 3880 autem
2505 3834 2556 3883 te
2582 3840 2760 3883 amant
2786 3828 2882 3899 ipsi
2908 3838 3136 3897 montes,
3157 3832 3200 3885 si
3222 3846 3325 3887 non
3349 3834 3400 3887 in
3424 3832 3525 3889 illis
3551 3850 3699 3904 spem

2133 3922 2391 3988 posueris.
2425 3920 2607 3975 Videte
2628 3964 2642 3985 ,
2691 3919 2882 3977 fratres
2907 3965 2920 3988 ,
2968 3924 3152 3994 quales
3180 3935 3301 3981 sunt
3330 3936 3537 3982 montes
3586 3928 3699 3983 Dei.

2130 4010 2259 4067 Nam
2292 4012 2412 4068 inde
2447 4014 2523 4068 sic
2549 4013 2804 4069 nominati
2831 4024 2952 4070 sunt
2982 4015 3033 4069 in
3066 4016 3169 4071 alio
3198 4017 3313 4072 loco
3340 4038 3350 4070 :
3381 4017 3591 4073 Justitia
3612 4030 3700 4072 tua

2130 4105 2256 4159 sicut
2286 4114 2473 4159 montes
2510 4103 2608 4159 Dei
2636 4104 2656 4177 (
2687 4103 2829 4161 Psal.
2861 4123 3020 4171 xxxv,
3051 4104 3087 4163 7
3112 4108 3149 4177 ).
3177 4107 3291 4165 Non
3329 4109 3529 4181 justitia
3560 4112 3702 4181 ipso-

2130 4210 2247 4249 rum
2268 4238 2281 4259 ,
2314 4196 2404 4250 sed
2420 4197 2621 4266 justitia
2644 4204 2748 4251 tua.
2772 4197 2901 4252 Audi
2923 4198 3078 4253 talem
3104 4208 3335 4256 montem
3357 4201 3698 4270 Apostolnm:

2137 4282 2204 4341 Ut
2229 4287 2453 4341 inveniar
2482 4288 2534 4341 in
2559 4288 2678 4355 illo,
2708 4288 2908 4359 inquit,
2941 4304 3040 4343 non
3064 4289 3248 4345 habens
3259 4292 3514 4362 justitiam
3542 4309 3704 4345 meum

2132 4394 2243 4451 qua!
2288 4394 2351 4433 ea:
2392 4378 2497 4449 lege
2543 4388 2643 4444 est,
2693 4378 2781 4432 sed
2827 4395 2936 4433 eam
2985 4395 3096 4448 qua:
3132 4389 3203 4435 est
3229 4397 3316 4450 per
3340 4381 3491 4450 [idem
3518 4383 3705 4437 Clu-isti

2135 4464 2406 4539 (Philipp.
2438 4484 2514 4534 ιιι,
2544 4468 2577 4523 9
2611 4470 2648 4539 ).
2682 4467 2757 4523 llli
2808 4478 2987 4525 autem
3019 4471 3106 4539 qui
3139 4485 3233 4541 per
3266 4471 3522 4541 justitiam
3553 4487 3703 4527 suam

2134 4569 2341 4613 mentes
2369 4573 2486 4614 esse
2510 4559 2819 4627 voluerunt,
2853 4561 2989 4614 sicut
3016 4559 3182 4615 Judaei
3214 4561 3425 4631 quidam
3452 4563 3532 4617 vel
3570 4563 3707 4617 Pha-

2134 4648 2274 4704 risaei
2314 4650 2578 4719 principes
2624 4664 2842 4715 eorum,
2891 4652 2969 4705 sic
3011 4651 3509 4721 reprehenduntur:
3542 4652 3703 4723 Igno-

2132 4752 2300 4797 rantes
2330 4743 2458 4794 enim
2490 4738 2587 4794 Dei
2600 4742 2875 4811 justitiam,
2904 4751 2950 4795 et
2977 4759 3119 4795 suam
3149 4744 3366 4798 volentes
3384 4747 3703 4811 constituere,

2125 4836 2341 4906 justitiae
2367 4834 2459 4888 Dei
2479 4849 2577 4888 non
2605 4845 2721 4889 sunt
2750 4836 2960 4903 subjecti
2983 4833 3174 4907 (Rom.
3200 4852 3253 4901 κ,
3281 4837 3316 4892 5
3339 4836 3377 4906 ).
3406 4837 3507 4904 Qui
3529 4847 3704 4892 autem

2134 4931 2353 4993 subiecti
2389 4935 2543 4993 sunt,
2574 4928 2652 4983 sic
2676 4936 2801 4982 sunt
2823 4928 2947 4990 alti,
2983 4936 3039 4982 ut
3069 4927 3299 4985 humiles
3336 4930 3463 4984 sint;
3495 4930 3558 4983 Et
3583 4930 3703 4999 quia

2134 5023 2311 5092 magni
2354 5032 2504 5087 sunt,
2556 5028 2764 5075 montes
2805 5020 3082 5085 dicuntur;
3133 5021 3254 5089 quia
3305 5034 3438 5075 vero
3480 5021 3705 5089 subjecti

2135 5125 2256 5169 sunt
2285 5117 2423 5182 Deo,
2450 5114 2613 5168 valles
2638 5122 2763 5168 sunt
2794 5132 2809 5169 :
2852 5120 2906 5167 et
2950 5113 3072 5182 quia
3123 5112 3320 5167 habent
3361 5112 3703 5183 capacitatem

2134 5206 2378 5278 pictatis,
2406 5206 2697 5273 suscipiunt
2745 5203 3117 5258 abundantiam
3151 5204 3291 5273 pacis
3316 5212 3372 5257 et
3408 5201 3707 5257 inundatio-

2134 5315 2254 5354 nem
2288 5298 2648 5353 transmittunt
2671 5296 2737 5351 ad
2757 5296 2942 5351 colles.
2973 5296 3129 5350 Modo
3148 5304 3326 5350 tamen
3350 5303 3405 5349 tu
3432 5292 3553 5350 vide
3575 5310 3709 5365 quos

2196 5467 2214 5499 ι
2239 5460 2583 5523 mv.,mutavit
2600 5476 2619 5524 ;
2639 5463 2779 5526 cujus
2798 5460 2904 5511 loco
2924 5460 3041 5526 editi
3064 5459 3141 5510 alii
3168 5470 3219 5511 et
3242 5468 3367 5526 Mss,
3390 5458 3615 5526 instravit.

2197 5530 2215 5559 ²
2242 5535 2290 5575 In
2319 5520 2367 5574 B.
2393 5527 2538 5575 deest
2561 5520 2761 5575 verbum
2780 5559 2794 5584 ,
2832 5522 3150 5586 susciperent,
3196 5522 3321 5585 quod
3358 5534 3419 5570 ex
3460 5524 3532 5568 Er.
3559 5520 3706 5582 Lugd.

2135 5595 2460 5654 Ven._ett.ov.
2487 5588 2802 5637 restituimus.
2900 5593 2954 5654 ΜΪ
3240 5644 3249 5654 Ι
3303 5642 3367 5653 η
3545 5650 3568 5654 _
3641 5644 3655 5654 ,

2199 5654 2219 5684 ³
2244 5652 2313 5698 Sic
2339 5659 2433 5696 Ain.
2464 5657 2511 5697 ct
2536 5657 2640 5699 Mss.
2670 5656 2723 5697 At
2744 5654 2817 5695 Er.
2857 5654 2906 5696 et
2940 5653 3070 5703 Lov.,
3118 5646 3501 5694 .iiaa‘iminianus.
3539 5646 3711 5691 Conler

2136 5720 2296 5760 Enarr.
2325 5713 2370 5757 in
2393 5710 2509 5757 usa].
2535 5712 2612 5769 '56,
2638 5723 2787 5759 serm.
2807 5708 2853 5757 2.
3218 5766 3227 5770 _
3340 5762 3352 5770 ,
3413 5766 3429 5770 ᾉ
3659 5763 3687 5770 η

2140 5771 2475 5899 rh"ftgpudutir.
2511 5762 2655 5831 Lugd.
2691 5779 2810 5818 Ven.
2836 5777 2976 5827 l.ov.,
3016 5772 3061 5818 et
3098 5766 3251 5817 nescis
3298 5762 3521 5817 Photinus
