4074 6482
403 372 542 441 1653

403 507 618 557 montes
642 509 809 550 ames.
860 488 919 550 Si
968 490 1048 548 vis
1073 489 1243 547 amari
1282 504 1309 544 a
1341 488 1492 545 bonis
1523 486 1822 555 montibus,
1870 486 1979 542 noli

402 609 551 653 suem
581 598 782 661 ponere
806 602 906 643 nec
925 578 977 641 in
1004 583 1159 641 bonis
1174 582 1460 639 montibus.
1486 580 1614 637 Nam
1637 581 1807 653 qualis
1829 595 1984 635 mons

400 695 517 742 erat
534 681 764 738 Paulus?
789 678 1002 751 quando
1029 676 1294 735 invenitur
1320 670 1478 730 talis?
1502 674 1602 745 (Dc
1621 668 1983 745 magnitudine

401 777 668 849 loquimur
697 766 1020 843 hominum.)
1050 769 1234 825 Tanta:
1279 769 1463 841 gratiae
1493 768 1768 838 quisquam
1811 764 1985 835 potest

399 869 556 926 facile
588 858 850 922 inveniri?
899 860 967 919 Et
1011 870 1187 917 tamen
1240 861 1462 917 timebat
1490 876 1557 916 ne
1584 874 1767 931 passer
1796 857 1887 913 ille
1932 857 1982 912 in

400 962 493 1019 illo
521 968 743 1033 poneret
769 970 919 1029 spem
952 974 963 1010 :
999 953 1065 1011 Et
1094 952 1217 1025 quid
1244 952 1353 1007 ait?
1386 946 1647 1023 Numquid
1670 951 1865 1005 Paulus
1892 966 1983 1019 pro

400 1052 538 1110 vobis
566 1053 838 1118 cruci/imus
863 1057 933 1103 est
963 1049 979 1119 (
1007 1046 1028 1101 1
1054 1046 1167 1101 Cor.
1196 1063 1235 1108 ι,
1270 1045 1338 1101 1⁸5
1365 1042 1383 1116 )
1406 1044 1428 1098 ?
1455 1042 1559 1099 Sed
1591 1041 1765 1098 levate
1801 1040 1983 1097 oculos

400 1144 452 1202 in
483 1153 693 1199 montes
715 1184 727 1207 ,
763 1140 901 1194 unde
929 1138 1182 1194 auxilium
1212 1135 1390 1193 veniat
1424 1133 1612 1199 vobis;
1663 1132 1780 1204 quia
1808 1174 1822 1201 ,
1875 1122 1985 1203 Ego

403 1234 626 1308 plantuvi
652 1275 668 1302 ,
698 1232 880 1303 Apollo
909 1231 1089 1303 rigavit
1123 1245 1139 1283 :
1162 1220 1255 1284 sed
1272 1227 1527 1305 auxilium
1552 1235 1793 1281 vestrum
1821 1241 1850 1280 a
1876 1224 1983 1297 Do-

402 1330 579 1393 mino,
611 1314 699 1396 qui
730 1320 850 1380 fecit
888 1323 1081 1380 cmlum
1111 1330 1163 1376 et
1209 1329 1437 1387 terram;
1488 1319 1610 1390 quia
1662 1317 1799 1372 Deus
1825 1318 1986 1371 incre-

400 1429 625 1475 mentum
653 1418 790 1473 dedit
825 1416 844 1489 (
874 1414 960 1471 Id.
994 1431 1071 1482 nl,
1123 1416 1155 1470 6
1183 1416 1221 1484 ).
1274 1414 1413 1483 Ergo
1452 1419 1643 1466 montes
1675 1411 1726 1464 in
1774 1408 1986 1489 circuitu

401 1513 531 1582 eius.
566 1504 670 1565 Sed
703 1502 969 1580 quomodo
1000 1512 1190 1561 montes
1215 1507 1267 1560 in
1296 1505 1507 1559 circuitu
1533 1505 1640 1575 ejus
1662 1545 1676 1568 ,
1705 1503 1781 1558 sic
1809 1511 1855 1556 et
1883 1500 1986 1554 Do-

402 1603 569 1656 minus
595 1602 649 1656 in
669 1599 881 1655 circuitu
903 1598 1059 1671 plebis
1080 1614 1205 1663 sure,
1235 1614 1299 1652 ea:
1314 1596 1408 1649 hoc
1431 1613 1563 1649 nunc
1588 1605 1632 1649 et
1656 1611 1812 1663 usque
1826 1590 1879 1647 in
1899 1609 1988 1647 sw-

402 1694 593 1746 culum.
608 1690 663 1747 Si
677 1706 804 1762 ergo
825 1700 1013 1744 montes
1040 1690 1091 1743 in
1112 1689 1323 1750 circuitu
1341 1689 1467 1760 ejus,
1490 1696 1535 1740 et
1552 1685 1799 1740 Dominus
1820 1685 1871 1739 in
1890 1685 1987 1737 cir-

402 1786 538 1839 cuitu
562 1782 715 1854 plebis
736 1799 860 1850 sure,
883 1781 1198 1852 constringit
1231 1781 1483 1836 Dominus
1509 1779 1713 1850 plebem
1745 1793 1893 1831 suam
1934 1777 1987 1831 in

335 1878 345 1891 '
402 1888 567 1931 unum
585 1872 849 1931 vinculum
871 1872 1144 1927 eharitatis
1168 1880 1222 1926 et
1252 1873 1414 1942 pacis,
1440 1879 1493 1925 ut
1521 1870 1607 1939 qui
1631 1867 1904 1924 conﬁdunt
1935 1868 1986 1923 in

402 1964 630 2023 Domino
664 1965 799 2020 sicut
829 1978 983 2019 mons
1003 1963 1153 2031 Sion,
1174 1978 1278 2017 non
1299 1964 1734 2018 commoveantur
1755 1960 1806 2015 in
1835 1971 1990 2014 aeter-

402 2072 528 2113 num
560 2075 572 2111 :
604 2066 654 2111 et
682 2050 787 2111 hoc
829 2065 944 2123 est,
996 2071 1057 2110 ea:
1092 2054 1185 2109 hoc
1212 2063 1259 2109 el
1285 2071 1440 2125 usque
1467 2054 1517 2106 in
1544 2052 1783 2107 saeculum
1810 2052 1850 2105 ¹.

474 2150 525 2203 7.
554 2142 722 2222 [vers.
753 2140 847 2220 3.]
911 2144 1162 2211 Quoniam
1233 2161 1333 2199 non
1396 2142 1703 2213 derelinquel
1741 2126 1989 2196 Dominus

402 2240 594 2311 virgam
637 2247 951 2308 peccatorum
999 2252 1147 2307 super
1195 2243 1377 2289 sortem
1418 2236 1677 2304 justoruin
1700 2275 1716 2300 ,
1783 2242 1836 2287 ut
1887 2249 1987 2286 non

403 2329 674 2386 extendant
695 2329 826 2401 justi
853 2329 920 2382 ad
957 2328 1269 2400 iniquitatem
1298 2343 1479 2380 manus
1520 2341 1654 2380 suas.
1690 2323 1846 2379 Modo
1873 2320 1989 2395 qui-

402 2420 524 2476 dem
549 2419 678 2491 justi
722 2419 1049 2490 aliqunntum
1101 2416 1378 2479 laborant,
1411 2422 1464 2471 et
1495 2416 1652 2471 modo
1699 2412 1988 2486 aliquando

403 2514 585 2584 injusti
609 2514 950 2567 dominantur
962 2508 1139 2583 justis.
1181 2508 1385 2578 Quibus
1414 2506 1625 2563 mobis?
1656 2498 1988 2579 Aliquando"

402 2606 585 2676 iniusti
633 2604 950 2676 perveniunt
979 2603 1043 2658 ad
1072 2601 1303 2657 honores
1334 2600 1513 2655 sreculi
1561 2618 1573 2654 :
1619 2615 1740 2655 cum
1796 2615 1985 2670 perve-

402 2697 582 2751 nerint
606 2702 659 2751 et
687 2692 809 2750 facti
831 2694 1024 2749 fuerint
1049 2694 1131 2749 vel
1157 2692 1399 2771 iudices,
1424 2690 1505 2747 vel
1532 2706 1684 2762 reges
1704 2732 1718 2758 ,
1744 2693 1862 2762 quia
1889 2688 1988 2745 hoc

406 2787 534 2843 facit
576 2782 718 2843 Deus
770 2788 987 2859 propter
1035 2786 1368 2857 disciplinam
1399 2785 1567 2855 plebis
1595 2799 1705 2841 sure
1726 2827 1739 2851 ,
1771 2784 1990 2854 propter

402 2877 739 2948 disciplinam
792 2874 967 2948 populi
1009 2876 1129 2942 sui;
1178 2892 1283 2931 non
1311 2882 1486 2947 potest
1528 2875 1643 2929 ﬁeri
1680 2875 1777 2930 nisi
1808 2882 1863 2929 ut
1891 2890 1986 2929 ex-

401 2970 649 3026 hibeatur
668 2970 771 3025 illis
798 2968 969 3024 honor
997 2968 1205 3025 debitus
1232 2968 1502 3039 potestati.
1536 2965 1811 3022 Ordinavit
1841 2964 1987 3021 enim

401 3063 481 3118 sic
502 3063 639 3118 Deus
668 3061 961 3118 Ecclesiam
989 3072 1139 3117 suam
1161 3102 1177 3128 ,
1202 3067 1260 3114 ut
1285 3060 1459 3114 omnis
1485 3060 1718 3129 potestas
1743 3058 1985 3112 ordinata

403 3154 460 3209 in
484 3152 676 3211 smcuio
706 3154 898 3209 habeat
922 3153 1202 3221 honorem,
1220 3163 1275 3207 et
1294 3150 1578 3222 aliquando
1602 3166 1630 3204 a
1655 3149 1983 3206 melioribus.

405 3243 509 3303 Sed
550 3245 777 3316 exempli
806 3244 973 3316 gratia
1005 3252 1164 3300 unam
1215 3258 1326 3298 rem
1375 3240 1525 3305 dico;
1583 3241 1706 3296 hinc
1742 3241 1989 3310 conjicite

403 3337 597 3408 gradus
625 3326 863 3393 omnium
887 3340 1230 3406 potestatum.
1257 3334 1434 3389 Prima
1465 3340 1519 3388 et
1547 3331 1850 3403 quotidiana
1894 3348 1989 3401 po-

404 3437 569 3483 testas
597 3427 830 3485 hominis
882 3427 937 3481 in
980 3425 1250 3481 hominem
1297 3422 1501 3479 domini
1533 3430 1615 3478 est
1652 3424 1704 3477 in
1750 3437 1982 3477 servum.

403 3517 577 3589 Prope
604 3530 791 3574 omnes
838 3517 1032 3573 domus
1080 3513 1280 3571 habent
1319 3512 1621 3585 huiusmodi
1649 3514 1985 3584 potestatem.

401 3609 536 3666 Sunt
579 3611 815 3675 domini,
863 3619 988 3665 sunt
1012 3619 1065 3666 et
1094 3609 1269 3675 servi;
1300 3609 1514 3663 diversa
1557 3616 1682 3664 sunt
1722 3608 1936 3661 nomina
1969 3625 1981 3661 :

404 3702 497 3757 sed
528 3704 775 3757 homines
799 3711 857 3765 et
883 3702 1126 3757 homines
1152 3702 1298 3770 paria
1334 3709 1457 3755 sunt
1485 3701 1718 3762 nomina.
1754 3698 1818 3758 Et
1862 3697 1988 3768 quid

405 3797 535 3851 dicit
561 3797 849 3866 Apostolus
873 3837 887 3862 ,
910 3795 1110 3851 docens
1140 3808 1329 3851 servos
1354 3793 1587 3851 dominis
1614 3794 1725 3847 suis
1746 3791 1986 3846 subditos

404 3892 550 3945 esse?
569 3888 735 3955 Servi,
779 3887 1012 3942 obaudite
1038 3886 1252 3939 dominis
1275 3886 1447 3939 vestris
1472 3885 1743 3940 secundant
1764 3900 1987 3938 carnem:

401 3981 525 4050 quia
554 3988 637 4035 est
658 3979 904 4033 dominus
937 3968 1227 4032 secundum
1256 3976 1518 4046 spiritum.
1566 3977 1658 4030 llle
1704 3986 1785 4029 est
1827 3990 1987 4030 verus

402 4071 656 4126 dominus
685 4077 740 4125 et
767 4078 1033 4134 aeternus;
1067 4068 1152 4123 isti
1200 4077 1376 4122 autem
1425 4067 1745 4137 temporales
1791 4078 1984 4122 secun-

401 4162 537 4217 dum
567 4170 795 4232 tempus.
824 4160 903 4215 Tu
928 4149 1050 4215 eum
1074 4159 1317 4213 ambulas
1347 4158 1399 4213 in
1440 4159 1522 4213 via
1544 4196 1558 4223 ,
1589 4172 1709 4212 eum
1752 4158 1888 4211 vivis
1933 4159 1997 4211 in

404 4257 505 4310 hac
550 4254 689 4319 vita,
743 4268 849 4309 non
908 4254 1018 4309 vult
1065 4260 1119 4307 te
1163 4251 1339 4308 facere
1380 4249 1671 4320 superbum
1719 4249 1984 4306 Christus.

404 4348 638 4420 Contigit
665 4348 756 4404 tibi
783 4356 840 4402 ut
862 4347 1186 4404 christianos
1215 4345 1527 4411 et'ﬁcereris,
1554 4353 1609 4399 et
1632 4343 1859 4399 haberes
1882 4343 1980 4398 do—

406 4443 606 4496 minum
646 4440 915 4496 hominem
950 4455 964 4493 :
994 4454 1101 4494 non
1146 4438 1268 4493 ideo
1296 4436 1620 4491 christianos
1638 4435 1859 4491 eﬁectus
1885 4449 1946 4490 es
1968 4476 1983 4502 ,

407 4541 466 4588 ut
478 4532 780 4604 dedigneris
798 4532 1022 4588 servire.
1046 4531 1178 4586 Cum
1194 4530 1337 4585 enim
1355 4526 1567 4589 Christo
1579 4528 1798 4598 jubente
1818 4527 1989 4582 servis

408 4625 648 4691 homini,
704 4624 915 4695 non‘illi
944 4625 1147 4689 servis,
1201 4621 1295 4677 sed
1328 4621 1404 4675 illi
1430 4621 1518 4691 qui
1550 4619 1725 4690 jussit.
1769 4619 1838 4673 Et
1886 4618 1987 4673 hoc

407 4717 517 4770 ait:
553 4714 805 4771 Obastdite
831 4715 1049 4769 dominis
1088 4713 1264 4768 vestris
1290 4711 1567 4766 “cundum
1593 4724 1797 4764 carnem
1821 4750 1835 4775 ,
1866 4725 1982 4762 cum

408 4810 583 4862 timore
608 4816 654 4861 et
679 4818 893 4862 trenwre
911 4848 925 4871 ,
956 4807 1011 4859 in
1039 4804 1360 4873 simplicitate
1385 4803 1590 4867 cordis;
1637 4818 1736 4855 non
1765 4801 1834 4853 ad
1860 4817 1985 4855 ocu-

409 4899 515 4952 lum
533 4899 798 4971 servientes
817 4939 832 4964 ,
875 4896 1020 4967 quasi
1069 4895 1351 4949 hominibus
1380 4892 1632 4962 placentes
1652 4932 1670 4959 ,
1715 4893 1802 4947 sed
1841 4893 1987 4961 quasi

406 4990 534 5044 servi
557 4988 782 5052 Christi,
812 4987 1049 5059 facientes
1091 4986 1398 5039 voluntatem
1421 4981 1517 5037 Dei
1547 4998 1609 5037 ea:
1634 4983 1803 5035 animo
1828 5023 1843 5047 ,
1874 4999 1988 5036 cum

407 5082 540 5136 bona
566 5082 820 5135 voluntate
851 5076 1083 5153 (Ephes.
1113 5094 1197 5144 vt,
1239 5076 1293 5141 ὅ,
1330 5073 1424 5147 6).
1468 5074 1608 5129 Ecce
1634 5089 1738 5128 non
1775 5074 1895 5129 fecit
1921 5075 1988 5129 de

406 5173 576 5227 servis
626 5173 860 5238 liberos,
915 5171 1008 5226 sed
1060 5170 1127 5225 de
1176 5168 1330 5224 malis
1359 5167 1528 5222 servis
1584 5167 1752 5222 bonos
1782 5181 1986 5223 servos.

407 5267 672 5331 Quantum
724 5264 922 5320 debent
947 5264 1138 5318 divites
1165 5262 1379 5317 Christo
1402 5302 1416 5327 ,
1444 5258 1533 5328 qui
1588 5258 1694 5312 illis
1717 5260 1994 5330 componit

407 5357 660 5414 domum!
692 5357 810 5412 utsi
832 5348 1021 5411 fuitibi
1050 5369 1238 5410 servus
1259 5352 1508 5416 inﬁdelis,
1536 5361 1812 5407 convertat
1841 5352 1992 5407 illum

407 5448 684 5521 Christus,
715 5459 770 5507 et
794 5466 899 5504 non
928 5449 979 5505 ei
1005 5448 1177 5513 dicat,
1220 5446 1437 5503 Dimitte
1478 5444 1749 5499 dominum
1803 5451 1986 5511 tuum;

432 5611 501 5685 η¹ί
516 5607 743 5685 Plerique
761 5615 869 5659 uss.
893 5606 1153 5657 omittunt:
1176 5609 1231 5655 Et
1252 5601 1341 5653 hoc
1375 5606 1466 5664 est,
1489 5613 1554 5657 ea:
1573 5599 1662 5651 hoc
1692 5606 1739 5651 et
1771 5613 1919 5663 usque
1940 5599 1991 5652 ίη

474 5709 711 5799 imago
731 5740 834 5782 Mss
859 5731 1116 5799 animi;
1350 5722 1507 5799 *ηεαδ*
1526 5724 1551 5774 ~’
1571 5724 1908 5799 ῼιιὲάθωιθτο
1922 5724 1995 5775 δία

411 5796 566 5865 verba
582 5786 932 5858 interpungunt
957 5806 970 5842 :
991 5786 1167 5854 Quibus
1187 5787 1342 5842 nodis
1361 5786 1622 5852 aliquanto
1827 5799 1991 5851 perve-

1457 331 1853 430 Ensnnsrto
1889 369 1955 427 IN
1993 366 2314 428 PSALMUM
2351 364 2583 427 cum.

3535 368 3667 433 1654

2088 488 2197 558 jam
2224 487 2517 560 cognovisti
2547 504 2666 543 eum
2692 489 2782 560 qui
2806 502 2970 545 verus
2994 499 3076 546 est
3102 488 3349 547 dominus
3382 510 3396 546 :
3428 492 3517 548 ille
3543 494 3676 551 forte

2090 580 2283 663 impius
2311 589 2393 638 est
2420 591 2473 637 et
2512 581 2723 653 iniquus
2746 621 2762 648 ,
2788 590 2844 636 tu
2865 580 2974 653 jam
3008 580 3176 638 ﬁdelis
3203 591 3258 638 et
3274 580 3482 657 justus;
3534 583 3673 640 indi-

2088 689 2250 746 gnum
2280 683 2362 730 est
2391 685 2448 729 ut
2468 675 2648 741 justus
2696 683 2750 730 et
2786 674 2959 731 ﬁdelis
3006 674 3204 730 serviat
3248 668 3429 747 iniquo
3463 686 3515 732 et
3557 674 3674 731 iuli-

2089 763 2210 820 deli.
2258 765 2374 822 Non
2399 763 2500 821 hoc
2522 766 2571 822 ei
2593 765 2726 822 dixit
2748 809 2765 835 ,
2816 764 2911 824 sed
2934 768 3136 839 magis,
3167 765 3319 824 Servi
3355 766 3368 822 ἐ
3393 778 3446 824 et
3472 777 3528 822 ut
3551 783 3670 822 cor-

2088 855 2399 925 roboraret;
2433 874 2646 914 servum
2672 901 2685 925 ,
2714 858 2817 914 hoc
2840 858 3003 928 dixit,
3053 850 3312 930 Exemplo
3343 874 3463 915 meo
3491 858 3630 915 servi
3656 874 3673 927 ;

2088 949 2233 1019 prior
2272 948 2462 1005 servivi
2507 946 2720 1021 iniquis.
2765 942 3021 1006 Dominus
3078 948 3221 1006 enim
3269 958 3415 1007 tanta
3453 950 3505 1006 in
3555 966 3676 1022 pas-

2088 1038 2237 1126 sione
2251 1044 2536 1113 sustinens,
2559 1060 2587 1099 a
2612 1043 2804 1119 quibus
2826 1044 3093 1113 sustinuit,
3129 1045 3228 1099 nisi
3244 1042 3489 1100 dominus
3512 1061 3540 1099 a
3572 1060 3675 1099 ser-

2087 1135 2206 1210 vis?
2230 1144 2284 1191 et
2302 1134 2555 1206 aquibus,
2574 1132 2673 1191 nisi
2692 1154 2720 1191 a
2735 1132 2886 1192 malis
2904 1137 3095 1195 servis?
3113 1136 3239 1191 Nam
3258 1137 3299 1192 si
3316 1136 3534 1193 fuissent
3551 1137 3673 1192 boni

2089 1228 2268 1303 servi,
2323 1226 2647 1285 honorarent
2692 1226 2986 1286 dominum.
3040 1229 3143 1288 Sed
3187 1230 3309 1303 quia
3358 1230 3481 1285 mali
3532 1226 3672 1286 servi

2090 1329 2264 1399 erant,
2297 1321 2700 1392 injuriaverunt.
2756 1321 2847 1379 Ille
2876 1322 2999 1395 quid
3022 1321 3244 1378 contra?
3267 1320 3518 1378 Reddidit
3542 1322 3675 1377 dile-

2089 1413 2317 1468 ctionem
2352 1429 2446 1483 pro
2479 1410 2602 1467 odio
2628 1430 2643 1467 :
2665 1412 2740 1468 ait
2768 1414 2931 1477 enim,
2972 1410 3150 1480 Pater,
3181 1416 3385 1486 ignosce
3408 1408 3532 1482 illis,
3554 1414 3675 1486 quia

2091 1503 2319 1558 nesciunt
2349 1486 2472 1575 quid
2518 1503 2710 1575 faciunt
2741 1503 2911 1576 (Luc.
2945 1522 3095 1574 mu,
3150 1505 3219 1579 54
3240 1505 3281 1578 ).
3313 1504 3368 1561 Si
3420 1498 3675 1560 Dominus

2090 1597 2213 1653 cmli
2243 1606 2297 1651 et
2328 1606 2486 1651 terrae
2505 1638 2520 1662 ,
2552 1611 2649 1667 per
2692 1611 2848 1667 quem
2879 1594 3014 1651 facta
3061 1606 3187 1653 sunt
3225 1598 3432 1665 omnia,
3460 1597 3676 1653 servivit

2092 1688 2354 1761 indignis,
2402 1689 2607 1761 rogavit
2656 1704 2751 1761 pro
2800 1688 3138 1743 saevientibus
3178 1700 3230 1744 et
3272 1689 3597 1756 furentibus,
3624 1697 3678 1745 et

2094 1790 2343 1852 tanquam
2399 1780 2663 1838 medicum
2719 1796 2777 1836 se
2821 1779 3061 1836 exhibuit
3110 1780 3575 1853 adveniens(nam
3624 1787 3678 1835 et

2093 1873 2285 1929 medici
2312 1882 2366 1928 et
2395 1882 2508 1928 arte
2536 1883 2589 1928 et
2614 1871 2838 1927 sanitate
2865 1872 3116 1927 meliores
3138 1873 3379 1928 serviunt
3399 1871 3611 1943 ingratis
3634 1872 3674 1939 );

2092 1970 2293 2034 quanto
2345 1962 2514 2035 magis
2565 1979 2672 2018 non
2717 1963 2877 2018 debet
2923 1958 3194 2034 dedignari
3227 1962 3418 2029 homo,
3473 1978 3537 2017 ex
3570 1968 3680 2016 toto

2092 2057 2304 2125 animo,
2336 2067 2388 2113 et
2420 2074 2484 2111 ex
2537 2065 2640 2112 tota
2688 2056 2825 2112 bona
2885 2057 3193 2121 voluntate,
3235 2070 3355 2110 cum
3383 2063 3493 2110 tota
3538 2052 3670 2109 dile-

2093 2151 2272 2205 ctione
2300 2149 2504 2204 servire
2532 2146 2748 2203 domino
2767 2148 2925 2203 etiam
2950 2146 3129 2202 malo?
3152 2146 3287 2202 Ecce
3308 2146 3471 2202 servit
3493 2142 3682 2200 melior

2093 2241 2380 2309 deteriori,
2408 2240 2500 2295 sed
2527 2240 2594 2293 ad
2620 2248 2851 2310 tempus.
2869 2239 3025 2308 Quod
3049 2239 3354 2303 autemdixi
3377 2239 3444 2294 de
3464 2237 3683 2294 domino

2092 2337 2147 2388 et
2174 2346 2329 2390 servo
2352 2371 2368 2397 ,
2400 2328 2502 2385 hoc
2527 2329 2802 2401 intelligite
2842 2330 2908 2385 de
2949 2331 3297 2401 potestatibus
3327 2339 3382 2386 et
3421 2328 3635 2401 regibus
3662 2371 3677 2393 ,

2092 2423 2160 2479 de
2184 2423 2430 2479 omnibus
2454 2418 2774 2477 culminibus
2805 2423 2960 2492 hujus
2981 2420 3180 2477 saeculi.
3212 2419 3513 2493 Aliquando
3538 2422 3678 2476 enim

2093 2509 2384 2586 potestates
2439 2516 2594 2570 home
2644 2524 2803 2580 sunt,
2851 2524 2903 2569 et
2947 2515 3129 2570 timent
3162 2512 3367 2580 Deum;
3398 2510 3682 2584 aliquando

2093 2596 2200 2661 non
2228 2606 2417 2661 timent
2446 2602 2634 2661 Deum.
2680 2605 2924 2661 Julianus
2975 2604 3176 2660 exstitit
3224 2600 3452 2659 inﬁdelis
3507 2603 3682 2674 impe-

2091 2708 2260 2766 rator,
2296 2698 2498 2754 exstitit
2526 2705 2763 2769 apostata
2789 2738 2807 2764 ,
2833 2698 3047 2767 iniquus
3068 2740 3083 2766 ,
3132 2696 3411 2753 idololatra
3442 2713 3454 2749 :
3486 2696 3681 2751 milites

2092 2788 2368 2846 christiani
2397 2790 2695 2845 servierunt
2741 2788 3043 2858 imperatori
3096 2786 3328 2853 inﬁdeli;
3362 2784 3449 2841 ubi
3493 2786 3680 2842 venie-

2094 2883 2251 2938 batur
2275 2880 2343 2936 ad
2369 2894 2583 2936 causam
2615 2876 2808 2935 Christi
2834 2921 2850 2947 ,
2884 2894 2986 2933 non
3015 2877 3378 2949 agnoscebant
3406 2878 3506 2933 nisi
3531 2874 3679 2932 illum

2092 2977 2183 3047 qui
2214 2976 2265 3031 in
2294 2975 2433 3033 creto
2454 2983 2607 3047 erat:
2621 2972 2678 3029 Si
2702 2972 2916 3044 quando
2940 2972 3150 3028 volebat
3179 2981 3236 3026 ut
3258 2966 3397 3027 idola
3424 2973 3678 3033 colerent,

2096 3044 2156 3127 ut
2187 3044 2612 3132 thuriiicarent;
2636 3065 3017 3139 praeponebant
3062 3062 3138 3121 illi
3193 3060 3358 3121 Deum
3409 3082 3421 3118 :
3470 3062 3682 3134 quando

2091 3170 2267 3217 autem
2290 3160 2520 3226 dicebat,
2546 3157 2827 3214 Producite
2848 3156 3039 3223 aciem,
3068 3156 3140 3212 ite
3163 3165 3346 3212 contra
3373 3152 3513 3210 illam
3536 3172 3635 3226 gen
3654 3186 3671 3193 -

2093 3262 2199 3308 tem
2223 3268 2237 3317 ;
2264 3253 2440 3307 statim
2472 3250 2932 3320 obtemperabant.
2964 3246 3368 3318 Distinguebant
3402 3247 3677 3302 dominum

2092 3355 2351 3400 aeternum
2383 3357 2411 3396 a
2434 3341 2652 3395 domino
2669 3338 2982 3409 temporali;
3012 3348 3064 3393 et
3087 3347 3264 3392 tamen
3298 3332 3494 3392 subditi
3529 3348 3681 3391 erant

2092 3443 2312 3506 propter
2336 3433 2609 3489 deminum
2636 3442 2920 3496 aeternum,
2950 3430 3109 3486 etiam
3132 3428 3351 3484 domino
3375 3428 3676 3498 temporali.

2165 3529 2216 3583 8.
2243 3526 2348 3581 Sed
2380 3524 2631 3595 numquid
2655 3523 2731 3578 sic
2757 3522 2859 3578 erit
2877 3537 3111 3593 semper,
3151 3530 3208 3577 ut
3233 3522 3398 3592 iniqui
3421 3521 3683 3592 imperent

2087 3621 2285 3693 justis?
2313 3618 2429 3674 Non
2455 3621 2531 3673 sic
2557 3617 2679 3674 erit.
2708 3615 2899 3673 Videte
2924 3615 3065 3671 enim
3095 3614 3219 3687 quid
3246 3613 3387 3670 dicat
3408 3615 3506 3669 iste
3535 3613 3678 3685 psal-

2094 3730 2211 3769 mus
2245 3728 2258 3765 :
2294 3709 2549 3778 Quoniam
2596 3725 2694 3763 non
2734 3708 3042 3779 derelinquet
3068 3705 3316 3761 Dominus
3344 3707 3537 3779 virgam
3566 3722 3656 3777 pec

2092 3813 2315 3857 calorum
2362 3816 2514 3873 super
2555 3810 2739 3855 sortem
2757 3803 3037 3871 justorurn.
3091 3796 3330 3855 Sentitur
3359 3798 3424 3854 ad
3468 3806 3681 3868 tempus

2092 3892 2237 3964 virga
2271 3902 2605 3964 peccatorum
2652 3906 2815 3960 super
2853 3900 3053 3946 sortem
3098 3892 3397 3959 justorum;
3427 3889 3522 3945 sed
3570 3904 3679 3947 non

2093 3984 2163 4040 ibi
2192 3980 2534 4054 relinquitur,
2568 3998 2675 4037 non
2707 3983 2808 4036 crit
2836 3980 2888 4036 in
2919 3990 3199 4036 aeternum.
3233 3981 3423 4037 Veniet
3448 3988 3677 4059 tempus,

2091 4072 2304 4146 quando
2331 4089 2466 4129 UlltIS
2485 4081 2803 4143 agnoscatur
2824 4073 2985 4137 Deus;
3011 4072 3187 4127 veniet
3209 4081 3441 4142 tempus,
3465 4070 3680 4142 quando

2091 4166 2338 4223 Christus
2364 4167 2416 4221 in
2447 4166 2687 4221 claritate
2716 4181 2808 4219 sua
2839 4176 3099 4235 apparens
3143 4168 3432 4234 congreget
3457 4171 3583 4217 ante
3620 4177 3679 4217 se

2092 4262 2281 4314 omnes
2308 4266 2496 4330 gentes
2519 4301 2533 4324 ,
2583 4264 2639 4312 et
2677 4257 2877 4331 dividat
2931 4268 3052 4323 eas,
3105 4257 3243 4312 sicut
3283 4255 3470 4312 dividit
3499 4262 3680 4326 pastor

2094 4352 2279 4408 haedos
2308 4352 2377 4406 ab
2399 4351 2588 4406 ovibus
2615 4369 2627 4404 :
2660 4362 2789 4407 oves
2819 4359 2979 4420 ponet
3024 4349 3091 4406 ad
3118 4350 3439 4416 deXteram;
3494 4349 3680 4407 hmdos

2093 4443 2159 4498 ad
2205 4440 2474 4498 sinistram
2519 4441 2751 4513 (Matth.
2782 4458 2908 4506 xxv,
2963 4440 3053 4509 32,
3096 4440 3228 4514 '55).
3261 4441 3327 4496 Et
3374 4440 3577 4497 videbis
3607 4440 3679 4497 ibi

2094 4534 2294 4591 milites
2318 4546 2503 4590 servos
2551 4533 2691 4588 inter
2719 4547 2881 4597 oves,
2932 4543 2986 4589 et
3033 4534 3228 4589 multos
3266 4534 3514 4590 dominos
3542 4535 3685 4590 inter

2094 4620 2298 4684 bmdos;
2321 4626 2375 4674 et
2402 4632 2589 4674 rursus
2616 4619 2814 4675 multos
2840 4614 3089 4675 dominos
3114 4620 3256 4675 inter
3282 4630 3417 4676 oves
3439 4663 3454 4689 ,
3483 4616 3680 4677 multos

2094 4725 2280 4766 servos
2307 4710 2445 4765 inter
2468 4709 2679 4765 haedos.
2704 4709 2816 4764 Non
2846 4711 2990 4766 enim
3017 4711 3138 4780 quia
3182 4711 3261 4766 sic
3286 4712 3544 4767 consolati
3584 4726 3678 4765 su-

2096 4810 2212 4858 mus
2239 4817 2422 4858 servos
2442 4842 2457 4869 ,
2487 4817 2673 4857 omnes
2700 4802 2839 4857 servi
2870 4802 2993 4856 boni
3020 4812 3176 4867 sunt;
3205 4808 3298 4856 aut
3319 4802 3441 4872 quin
3473 4802 3552 4857 sic
3578 4818 3671 4858 re-

2096 4894 2389 4963 pressimus
2428 4893 2731 4961 superbiam
2796 4892 3136 4948 dominorum
3161 4930 3176 4957 ,
3223 4904 3412 4947 omnes
3475 4889 3678 4947 domini

2099 4985 2223 5040 mali
2253 4992 2395 5039 sunt.
2428 4984 2566 5040 Sunt
2590 4984 2714 5039 boni
2748 4984 2932 5039 ﬁdeles
2969 4983 3208 5049 domini,
3237 4990 3293 5037 et
3341 4990 3467 5038 sunt
3509 4984 3674 5037 mali:

2095 5085 2220 5133 sunt
2238 5077 2363 5131 boni
2394 5074 2577 5131 ﬁdeles
2607 5075 2782 5140 servi,
2835 5084 2891 5130 et
2932 5084 3057 5130 sunt
3106 5066 3385 5129 mali.‘Sed
3426 5072 3679 5144 quamdiu

2097 5169 2235 5224 servi
2262 5167 2384 5222 boni
2415 5167 2654 5222 serviunt
2681 5167 2835 5221 malis
2862 5166 3110 5228 dominis,
3145 5164 3318 5219 {erant
3337 5164 3403 5218 ad
3433 5173 3675 5234 tempus:

2101 5260 2233 5328 Quia
2261 5276 2361 5313 non
2384 5259 2689 5330 derelinquat
2713 5257 2960 5311 Dominus
2980 5258 3173 5325 virgam
3191 5265 3506 5327 peccatorum
3526 5272 3682 5328 super

2097 5362 2281 5406 sortem
2301 5353 2576 5424 justorum.
2625 5350 2799 5418 Quare
2846 5348 2980 5403 hoc?
3029 5346 3098 5403 Ut
3126 5365 3227 5402 non
3260 5349 3530 5403 extendant
3548 5350 3682 5421 justi

2097 5442 2164 5496 ad
2192 5442 2503 5513 iniquitatem
2542 5455 2723 5494 manus
2745 5455 2863 5494 suas
2886 5453 2905 5491 :
2932 5446 2991 5493 ut
3010 5438 3076 5493 ad
3114 5446 3325 5508 tempus
3364 5437 3677 5510 ferantjusti

2099 5536 2307 5603 iniquos
2332 5533 2670 5588 dominantes
2688 5572 2702 5596 ,
2731 5539 2786 5585 et
2812 5529 3109 5601 intelligent
3137 5544 3241 5584 non
3263 5545 3383 5586 esse
3408 5530 3511 5586 hoc
3531 5547 3680 5587 ωηι-
3709 5598 3717 5608 ι

2100 5626 2367 5695 piternum
2391 5664 2408 5691 ,
2435 5622 2526 5677 sed
2554 5628 2855 5694 praeparent
2882 5635 2942 5677 se
2978 5618 3045 5676 ad
3084 5620 3460 5693 possidendam
3488 5623 3683 5694 sempi-
3705 5665 3722 5687 ,

2162 5786 2181 5817 ι
2206 5784 2280 5834 sic
2300 5788 2400 5841 sm.
2427 5786 2501 5830 Er.
2527 5786 2581 5830 et
2600 5776 2770 5841 plures
2790 5784 2897 5841 ttae.
2922 5784 3129 5841 stum,
3160 5750 3425 5830 servium
3445 5784 3680 5831 inconu-

2102 5846 2308 5897 bararet.
2332 5840 2521 5907 Aliquot
2542 5838 2646 5891 Mss.
2661 5874 2679 5903 ,
2702 5838 2873 5893 tendet
2890 5844 2943 5895 ut
2962 5838 3249 5893 corroboret.
