4074 6476
445 306 587 366 1658

442 430 649 478 ternam
693 421 1083 480 haereditatem.
1132 422 1301 490 Quam
1349 420 1757 480 hazreditatem?
1785 420 1886 478 Ubi
1930 421 2028 477 de-

438 522 677 570 struetur
714 516 889 572 omnis
935 523 1274 588 potentatus,
1305 524 1359 571 et
1392 515 1566 571 omnis
1587 523 1854 586 potestas,
1877 524 1935 571 ut
1959 515 2030 572 sit

439 608 582 664 Deus
607 610 784 666 omnia
809 612 864 666 in
886 610 1133 666 omnibus
1171 609 1191 679 (
1214 609 1234 662 l
1259 608 1376 664 Cor.
1409 625 1497 674 xv,
1523 608 1595 664 28
1638 607 1680 682 ).
1711 608 1793 665 Ad
1819 607 1923 665 hoc
1968 623 2028 664 se

437 714 714 760 servantes
734 745 750 771 ,
778 711 832 759 et
859 703 962 759 hoc
986 701 1150 758 corde
1178 701 1605 772 contemplantes
1623 743 1638 768 ,
1686 709 1741 758 et
1768 700 1942 756 adhuc
1971 701 2024 756 in

436 796 542 852 fide
573 800 588 828 ²
619 798 940 862 retinentes,
976 805 1032 851 et
1057 805 1114 850 ut
1133 795 1350 851 videant
1379 795 1732 866 perdurantes
1757 838 1772 862 ,
1801 812 1904 850 non
1923 811 2024 852 ex-

439 889 667 944 tendunt
715 905 894 944 manus
936 905 1056 944 suas
1102 889 1155 942 in
1198 889 1532 960 iniquitatem.
1561 887 1692 942 Nam
1719 888 1764 942 si
1809 888 2025 944 videant

433 981 557 1051 quia
583 995 796 1050 semper
824 988 907 1036 est
953 980 1100 1050 virga
1132 990 1470 1052 peccatorum
1510 994 1672 1048 super
1697 993 1896 1036 sortem
1932 982 2022 1052 ju-

431 1081 663 1136 storum,
690 1071 924 1142 cogitant
949 1073 1087 1142 apud
1113 1089 1192 1140 se,
1216 1081 1270 1127 et
1290 1072 1476 1128 dicunt
1500 1089 1514 1126 :
1546 1073 1682 1140 Quid
1704 1073 1833 1130 mihi
1855 1075 2019 1146 prode

430 1171 514 1217 est
578 1163 700 1233 quia
743 1164 918 1232 justus
967 1164 1129 1218 sum?
1202 1163 1428 1234 Semper
1476 1165 1606 1220 mihi
1660 1165 2021 1223 dominabitur

428 1256 641 1326 iniquus
659 1300 674 1324 ,
703 1266 757 1312 et
780 1273 996 1329 semper
1019 1274 1208 1314 servus
1235 1260 1371 1314 ero?
1417 1259 1630 1314 Faciam
1680 1276 1809 1331 ergo
1837 1269 1892 1316 et
1919 1276 2019 1331 ego

428 1349 802 1420 iniquitatem;
835 1351 958 1421 quia
989 1351 1118 1404 nihil
1150 1351 1369 1421 prodest
1414 1361 1600 1408 tenere
1624 1352 1907 1421 justitiam.
1939 1353 2018 1409 Ne

427 1447 606 1496 autem
651 1441 754 1497 hoc
774 1442 950 1504 dicat,
981 1443 1280 1497 insinuatur
1307 1442 1380 1496 illi
1415 1443 1547 1497 fides
1572 1484 1585 1509 ,
1615 1444 1736 1514 quia
1766 1443 1831 1498 ad
1877 1454 2015 1500 tem-

428 1548 530 1604 pus
556 1543 733 1603 potest
781 1549 900 1589 esse
938 1535 1084 1606 virga
1114 1544 1456 1604 peccatorum
1511 1549 1677 1603 super
1701 1544 1900 1590 sortem
1932 1535 2016 1606 ju-

426 1639 673 1682 storum:
727 1643 828 1681 non
875 1642 993 1682 eam
1046 1628 1290 1698 relinquet
1338 1626 1586 1680 Dominus
1635 1643 1787 1698 super
1831 1637 2013 1683 sortem

418 1718 673 1790 justorum
699 1760 712 1782 ,
744 1727 796 1771 ut
826 1737 926 1773 non
970 1720 1238 1773 extendant
1255 1719 1386 1790 justi
1405 1720 1455 1772 in
1483 1719 1797 1788 iniquitatem
1830 1737 2012 1777 manus

423 1827 584 1877 suas;
611 1811 703 1866 sed
736 1819 956 1867 teneant
982 1813 1050 1867 ab
1070 1813 1345 1884 iniquitate
1372 1828 1559 1868 manus
1579 1828 1704 1867 suas
1722 1854 1737 1878 ,
1767 1823 1821 1868 et
1842 1816 2012 1869 ferant

423 1903 785 1976 iniquitatem,
819 1922 924 1960 non
955 1906 1166 1960 iaciant.
1198 1905 1387 1962 Melius
1409 1914 1493 1960 est
1513 1906 1654 1960 enim
1700 1906 2008 1974 injustitiam

419 1997 562 2056 ferre
591 2017 746 2071 quam
775 2000 968 2056 facere.
1001 2000 1152 2057 Unde
1180 2015 1284 2056 non
1312 2015 1526 2070 semper
1554 2001 1696 2056 erit?
1726 2001 1860 2069 Quia
1908 2019 2008 2057 non

418 2093 728 2163 derelinquet
754 2093 1003 2162 Dominus
1027 2096 1219 2166 virgam
1267 2104 1584 2164 peccatorum
1630 2111 1783 2162 super
1822 2105 2007 2150 sortem

413 2184 686 2256 iustorum.

478 2275 532 2332 9.
569 2274 715 2348 [νει-ε.
745 2277 799 2344 4,
827 2275 906 2349 5.]
954 2276 1064 2332 lloc
1091 2279 1324 2348 cogitant
1355 2279 1441 2348 qui
1490 2278 1620 2333 recti
1651 2287 1774 2333 sunt
1800 2280 1962 2336 corde
1983 2320 2000 2346 ,

416 2368 483 2424 de
508 2371 700 2438 quibus
738 2371 895 2438 paulo
919 2379 1044 2426 ante
1084 2372 1229 2435 dixi,
1277 2373 1366 2442 qui
1408 2372 1734 2428 voluntatem
1769 2373 1860 2428 Dei
1911 2389 2000 2429 se-

412 2473 664 2533 quuntur,
695 2481 798 2518 nun
829 2466 1155 2520 voluntatem
1174 2481 1344 2520 suam.
1372 2466 1475 2520 Sed
1495 2466 1586 2535 qui
1611 2467 1632 2497 ⁸
1655 2468 1800 2536 sequi
1832 2467 1998 2524 Deum

410 2557 625 2624 volunt,
661 2556 857 2612 faciunt
879 2557 1024 2612 illum
1056 2557 1443 2626 praecedentem
1469 2599 1482 2620 ,
1513 2565 1567 2613 et
1590 2573 1648 2612 se
1679 2569 1995 2629 sequentes;

411 2663 516 2702 non
544 2657 724 2703 autem
766 2663 825 2704 se
855 2650 1219 2718 prmcedrntes
1239 2693 1253 2713 ,
1285 2659 1339 2705 et
1378 2650 1527 2705 illum
1558 2659 1866 2721 sequentem
1898 2669 1910 2705 ί
1944 2660 1999 2709 et

409 2739 464 2795 in
486 2741 733 2796 omnibus
755 2756 876 2796 eum
902 2741 1097 2796 bonum
1121 2743 1424 2809 inveniunt,
1454 2743 1567 2798 sive
1593 2745 1992 2812 ernendantem,

407 2832 520 2888 sive
549 2834 935 2898 consolantem,
968 2835 1081 2890 sive
1109 2843 1467 2896 exercentem,
1491 2835 1604 2890 sive
1624 2847 1990 2904 coronantem,

407 2924 521 2979 sive
549 2934 860 2996 purgantem
887 2968 902 2992 ,
937 2926 1047 2982 sive
1075 2927 1457 2983 illuminantem
1479 2969 1494 2993 ,
1524 2928 1664 2982 sicut
1701 2931 1996 2998 Apostolus

407 3014 514 3082 ait,
545 3014 746 3071 Scimus
771 3018 1010 3084 quoniam
1037 3018 1354 3087 diligentibus
1387 3019 1550 3074 Deum
1573 3062 1587 3084 ,
1617 3021 1785 3075 omnia
1813 3039 1994 3094 coope-

405 3114 583 3160 rantur
599 3108 652 3161 in
682 3107 1080 3180 bonum(Rom.
1132 3126 1240 3176 vru,
1281 3110 1352 3166 28
1380 3111 1424 3180 ).
1475 3111 1538 3165 Et
1565 3111 1687 3168 ideo
1727 3115 1988 3185 sequitur,

404 3195 626 3271 Benefac
649 3242 664 3264 ,
697 3199 913 3256 Domine
935 3243 949 3265 ,
989 3202 1131 3256 bonis
1153 3244 1167 3267 ,
1201 3211 1247 3257 et
1280 3206 1428 3259 rectis
1454 3206 1626 3259 corde.

474 3291 561 3346 10.
595 3291 742 3347 Sicut
769 3299 946 3348 autem
978 3293 1206 3350 declinat
1235 3311 1266 3350 a
1295 3297 1466 3362 malo,
1516 3306 1569 3352 et
1618 3297 1741 3354 facit
1786 3301 1984 3357 bonum

400 3390 581 3438 rectus
626 3384 790 3440 corde
820 3383 840 3458 (
868 3385 1014 3442 Psal.
1046 3403 1202 3442 xxxvi
1227 3429 1242 3453 ,
1286 3385 1356 3442 27
1382 3389 1422 3458 ),
1462 3391 1585 3461 quia
1630 3407 1736 3446 non
1766 3393 1903 3448 zclat
1934 3395 1985 3450 in

401 3477 804 3545 peccatoribus,
867 3493 1052 3548 pacem
1101 3489 1442 3550 peccatorum
1512 3482 1721 3540 intuens
1765 3486 1782 3554 (
1836 3484 1983 3541 Psal.

401 3581 584 3633 Lxxu,
629 3565 730 3642 5);
783 3569 861 3624 sic
905 3571 1051 3640 pravi
1089 3573 1329 3639 cordis’,
1379 3575 1468 3645 qui
1499 3575 1893 3633 scandalizatur
1932 3580 1985 3635 in

400 3658 499 3713 viis
524 3659 771 3728 Domini,
800 3661 1029 3718 declinat
1055 3679 1082 3718 a
1114 3665 1222 3720 Deo
1241 3705 1256 3730 ,
1281 3674 1335 3720 et
1359 3665 1483 3721 facit
1505 3668 1700 3724 malum
1721 3711 1736 3737 ,
1765 3678 1818 3724 et
1844 3671 1986 3725 ines-

397 3760 551 3808 eatur
579 3751 865 3809 dulcedine
913 3756 1126 3822 saeculi,
1159 3765 1212 3811 et
1242 3772 1302 3811 ea
1335 3757 1651 3829 illaqueatus
1697 3770 1753 3816 et
1797 3770 1984 3831 captus

405 3860 619 3903 amaras
649 3862 834 3916 penes
878 3847 994 3903 luit.
1030 3849 1330 3906 Declinauti
1359 3861 1536 3908 autem
1568 3869 1596 3907 a
1631 3854 1740 3910 Deo
1765 3896 1778 3919 ,
1830 3856 1984 3926 cujus

396 3935 733 4008 disciplinam
785 3941 925 3995 ferre
977 3941 1177 4009 noluit,
1228 3942 1287 3998 ﬁt
1327 3943 1403 3998 illi
1461 3961 1553 4015 per
1572 3945 1833 4015 judicium
1885 3949 1978 4004 Dei

397 4042 554 4086 verus
582 4032 804 4104 laqueus
829 4031 958 4088 falsa
982 4034 1241 4090 malorum
1275 4037 1518 4092 felicitas.
1549 4037 1701 4095 Unde
1721 4041 1977 4098 continuo

396 4125 666 4196 subjungit
698 4145 712 4183 :
747 4128 1067 4185 Declinantes
1095 4139 1262 4185 autem
1306 4132 1360 4186 in
1409 4135 1859 4204 strangulationem
1885 4136 1978 4191 ab-

395 4217 543 4273 ducet
575 4218 597 4250 ⁸
624 4218 874 4276 Dominus
915 4239 1029 4275 cum
1053 4225 1374 4293 operantibus
1398 4226 1698 4296 injustitiam
1730 4245 1749 4282 :
1777 4229 1829 4284 id
1855 4238 1936 4285 est
1959 4272 1974 4295 ,

395 4327 625 4381 quorum
673 4312 810 4369 facta
863 4315 1050 4371 imitati
1096 4326 1252 4381 sunt;
1286 4318 1406 4389 quia
1455 4335 1638 4376 eorum
1684 4331 1977 4393 praesentes

395 4403 606 4460 lmtitias
629 4418 978 4472 amaverunt,
1015 4415 1069 4463 et
1095 4409 1265 4464 futura
1295 4411 1550 4483 supplicia
1596 4429 1701 4470 non
1732 4416 1976 4472 credide-

394 4504 538 4552 runt.
570 4497 670 4565 Qui
696 4514 822 4570 ergo
845 4499 982 4556 recti
1013 4509 1138 4556 sunt
1163 4502 1326 4558 corde
1349 4545 1365 4570 ,
1410 4513 1464 4558 et
1513 4520 1616 4561 non
1665 4506 1973 4577 declinant,

393 4589 522 4659 quid
549 4589 840 4646 habebunt?
864 4591 980 4648 Jam
998 4593 1276 4664 veniamus
1296 4595 1360 4650 ad
1382 4596 1552 4666 ipsam
1581 4597 1971 4671 hasreditatem,

391 4680 622 4749 fratres,
655 4684 776 4754 quia
825 4684 917 4740 filii
959 4700 1162 4743 sumus.
1209 4687 1345 4756 Quid
1385 4691 1813 4760 possidebimus?
1853 4709 1974 4764 quas

391 4781 477 4828 est
505 4772 824 4830 hmreditas?
877 4793 997 4848 quae
1049 4779 1217 4850 patria
1271 4783 1492 4837 nostra?
1537 4783 1666 4854 quid
1709 4788 1972 4842 vocatur?

391 4863 522 4919 Pax.
570 4865 673 4922 Per
697 4865 838 4924 hanc
866 4884 961 4926 vos
989 4870 1315 4942 salutamus,
1341 4873 1479 4930 hanc
1505 4876 1655 4933 vobis
1686 4881 1972 4938 annuntia-

387 4973 507 5014 mus
530 5000 547 5027 ,
583 4959 720 5016 hanc
771 4962 1066 5032 suscipiunt
1102 4973 1313 5021 montes
1335 5008 1350 5032 ,
1405 4974 1460 5022 et
1497 4968 1663 5025 colles
1710 4970 1970 5040 justitiam

387 5049 407 5118 (
446 5049 595 5106 Psal.
644 5067 806 5119 Lxxt,
861 5052 965 5127 '5).
1024 5053 1141 5125 Ipsa
1191 5064 1276 5112 est
1327 5055 1617 5114 Christus:
1665 5058 1788 5132 Ipse
1839 5064 1971 5118 enim

389 5153 462 5198 est
491 5162 594 5217 pax
619 5155 793 5202 nostra
815 5188 847 5233 ,ο
878 5147 963 5217 qui
993 5149 1110 5221 fecit
1154 5158 1366 5220 utraque
1413 5167 1605 5219 unum,
1651 5163 1696 5207 et
1750 5156 1970 5211 medium

391 5240 631 5310 parietem
670 5241 906 5297 maceria:
929 5241 1075 5296 solvit
1125 5240 1362 5316 (Ephes.
1408 5259 1467 5310 ιι,
1516 5246 1585 5301 14
1612 5247 1650 5317 ).
1691 5246 1823 5315 Quia
1876 5249 1970 5305 lilii

449 5397 470 5465 ξ
493 5403 625 5459 Lov.,
645 5398 803 5450 ethoc
827 5398 890 5465 in
911 5397 1012 5465 ﬁde
1034 5411 1053 5450 :
1074 5398 1476 5465 dissentientibus
1495 5399 1608 5465 md.
1625 5400 1740 5465 aliis
1754 5409 1806 5453 et
1830 5411 1934 5453 Mss.

450 5460 472 5528 ξ
496 5467 597 5528 am.
623 5467 698 5510 Er.
724 5470 776 5528 e_t
797 5460 1107 5528 aliquot_Mss.
1143 5464 1389 5528 omittunt,
1424 5463 1511 5514 sed
1550 5463 1634 5528 qui
1657 5477 1674 5513 :
1697 5463 1777 5514 alii
1799 5465 1967 5528 plures

386 5520 434 5572 id
453 5520 656 5588 habent,
676 5523 763 5572 sed
788 5520 1267 5588 non'addunysequi.

450 5584 473 5616 s
495 5589 570 5632 κιι,
610 5591 831 5662 eruum:
975 5584 1276 5662 prauicoi‘dis
1297 5592 1393 5662 est,
1437 5587 1537 5650 qui.
1573 5586 1834 5662 Particula,
1861 5595 1931 5640 est
1947 5625 1962 5650 ,

384 5657 486 5696 non
506 5647 751 5715 reperitur
773 5649 900 5715 apud
937 5647 1037 5715 Am.
1061 5661 1228 5712 neque
1249 5651 1426 5715 instss.
1451 5647 1658 5713 quorum
1682 5647 1830 5715 aliqui
1852 5647 1962 5701 cum

381 5716 486 5757 Am.
509 5707 709 5769 habent,
729 5707 1064 5774 prrivicordius
1091 5724 1110 5762 :
1135 5707 1187 5760 et
1202 5712 1419 5774 quidam,
1443 5707 1619 5774 pravus
1639 5707 1801 5764 corde.

443 5774 474 5839 ξ
485 5781 585 5819 Am.
612 5771 760 5839 licet
783 5771 1004 5839 plerique
1023 5779 1156 5839 _Mss.,
1192 5771 1244 5822 in
1286 5771 1705 5839 strmtqulatiawm
1730 5774 1960 5828 adducet.

379 5837 440 5884 At
456 5837 589 5896 tam
611 5829 830 5887 abducet.
848 5829 995 5887 eris.
1018 5829 1342 5888 meum

1689 307 1751 366 S.
1789 301 2157 364 AUGUSTINI
2193 304 2500 371 EPISCOPI

3585 332 3721 392 1656

2139 437 2354 516 sumus,
2386 427 2753 490 hmreditatem
2806 434 3138 498 habebimus.
3167 441 3237 500 Et
3275 445 3402 516 quid
3445 451 3721 512 vocabitur

2137 513 2251 586 ipsa
2280 515 2565 578 haereditas
2591 565 2608 591 ,
2638 526 2740 581 nisi
2770 529 2907 599 pax?
2931 529 2998 587 Et
3043 533 3221 592 videte
3247 513 3370 608 quia
3390 539 3720 603 exharedati

2135 616 2259 663 sunt
2285 611 2374 680 qui
2399 629 2502 667 non
2537 627 2720 673 amant
2746 635 2931 690 pacem
2966 641 2980 678 :
3010 640 3117 681 non
3165 637 3344 685 autem
3390 644 3575 691 amant
3619 653 3716 708 pa-

2134 714 2288 771 cem,
2338 706 2428 775 qui
2456 706 2700 766 dividunt
2729 715 3005 772 unitatem.
3046 718 3156 776 Pax
3197 726 3466 793 possessio
3507 706 3715 798 piorum

2133 802 2253 860 est,
2296 799 2564 864 possessio
2593 801 2881 862 baeredum.
2911 809 2978 864 Et
3002 811 3092 882 qui
3113 825 3238 870 sunt
3263 815 3544 874 hmredes?
3569 821 3713 879 Filii.

2130 883 2327 982 audite
2351 889 2694 961 Evangelium
2725 895 2905 952 :Beati
2947 903 3148 973 paciﬁci
3170 947 3185 968 ,
3215 911 3452 977 quoniam
3489 912 3588 982 ipsi
3617 914 3716 982 ﬁlii

2129 974 2225 1030 Dei
2262 982 2566 1036 vocabuntur
2595 985 2614 1055 (
2645 985 2833 1044 Matth.
2866 1006 2917 1058 v,
2941 993 2974 1048 9
2998 997 3038 1062 ).
3086 974 3276 1054 Audite
3315 1008 3372 1055 et
3412 974 3714 1061 conclusio-

2129 1084 2251 1125 nem
2279 1071 2436 1143 hujus
2470 1078 2694 1146 psalmi:
2728 1080 2844 1137 Pax
2866 1101 3018 1157 super
3060 1087 3244 1146 Israel.
3278 1093 3438 1150 Israel
3465 1139 3479 1158 ,
3511 1097 3713 1157 Videris

2127 1162 2330 1232 Deum;
2358 1167 2690 1242 Jerusalem,
2740 1175 2884 1232 Visio
2931 1183 3076 1250 pacis
3123 1187 3518 1256 interpretatur.
3552 1193 3711 1248 Intel-

2126 1256 2253 1329 ligat
2280 1259 2525 1321 Charitas
2571 1277 2746 1323 vestra
2795 1287 2810 1325 :
2864 1271 3024 1329 Israel
3071 1277 3472 1350 interpretatur,
3511 1286 3708 1342 Vide-ns

2125 1351 2326 1421 Deum;
2378 1357 2673 1415 Jerusalem
2727 1363 3150 1436 interpretatur,
3201 1371 3342 1427 Visio
3389 1378 3549 1444 pacis.
3607 1379 3707 1444 Qui

2122 1459 2224 1498 non
2248 1449 2684 1506 commovebuntur
2707 1453 2761 1507 in
2791 1465 3033 1513 azternum
3057 1459 3082 1512 ἲ
3113 1461 3215 1527 Qui
3241 1464 3520 1521 inhabitant
3546 1469 3700 1523 Jeru-

2121 1534 2297 1589 salem.
2328 1537 2442 1593 Non
2471 1544 2950 1602 commovebuntur
2986 1565 3114 1621 ergo
3161 1552 3214 1607 in
3265 1565 3558 1625 aeternum,
3614 1563 3704 1630 qui

2121 1623 2418 1682 inhabitant
2448 1631 2707 1688 visionem
2741 1637 2904 1704 pacis.
2940 1638 3008 1693 Et
3035 1658 3137 1711 pax
3163 1659 3314 1714 super
3343 1623 3702 1722 IsraelaEr'go

2120 1717 2280 1772 Israel
2308 1722 2396 1789 qui
2436 1722 2622 1779 videns
2663 1726 2831 1782 Deum
2867 1739 2980 1794 cst,
3014 1733 3199 1790 videns
3247 1753 3429 1806 pacem
3474 1754 3553 1796 εει
3589 1761 3602 1799 :
3639 1717 3702 1799 et

2120 1809 2231 1880 ipse
2251 1810 2410 1868 Israel
2439 1825 2518 1869 est
2538 1825 2592 1870 et
2610 1817 3062 1892 Jerusalem;quia
3088 1829 3314 1896 populus
3333 1831 3420 1884 ille
3439 1832 3555 1900 Dei,
3586 1835 3699 1904 ipsa

2117 1913 2199 1956 est
2227 1906 2414 1960 civitas
2438 1907 2554 1963 Dei.
2585 1909 2640 1966 Si
2666 1928 2794 1983 ergo
2821 1914 3007 1972 videns
3036 1934 3245 1989 paceni,
3280 1923 3381 1978 hoc
3405 1935 3486 1980 est
3514 1929 3700 1984 videns

2117 1993 2312 2060 Deum;
2345 1999 2536 2053 merito
2559 2010 2613 2055 et
2641 2003 2779 2057 Deus
2810 2005 2922 2075 ipse
2946 2017 3026 2061 est
3053 2025 3176 2079 pax.
3237 2014 3376 2081 Ergo
3401 2016 3522 2086 quia
3552 2018 3700 2073 Chri-

2113 2094 2227 2139 stus
2252 2085 2416 2144 Filius
2443 2091 2536 2146 Dei
2565 2107 2666 2162 pax
2690 2104 2806 2162 est,
2851 2097 2970 2153 ideo
2997 2103 3142 2156 venit
3161 2085 3565 2176 colligeresuos
3587 2150 3606 2176 ,
3645 2121 3700 2167 et

2112 2194 2393 2238 secernere
2419 2184 2487 2240 ab
2517 2185 2730 2256 iniquis.
2780 2191 2823 2244 A
2854 2192 3046 2258 quibus
3075 2195 3306 2267 iniquis?
3336 2199 3436 2267 Qui
3467 2202 3698 2260 oderunt

2110 2270 2406 2329 Jerusalem
2431 2315 2449 2343 ,
2475 2278 2565 2346 qui
2597 2279 2825 2334 oderunt
2855 2298 3036 2350 pacem
3055 2328 3069 2346 ,
3097 2289 3185 2356 qui
3214 2291 3397 2344 volunt
3443 2296 3692 2349 conscin-

2109 2364 2238 2420 dere
2266 2367 2522 2422 unitatem
2544 2411 2560 2435 ,
2584 2371 2672 2441 qui
2700 2388 2802 2426 non
2839 2375 3064 2432 credunt
3088 2381 3242 2448 paci,
3265 2383 3353 2452 qui
3385 2382 3572 2439 falsam
3596 2402 3694 2456 pa-

2108 2471 2224 2512 cem
2253 2464 2607 2536 pronuntiant
2657 2465 2710 2519 in
2763 2469 2990 2538 populo,
3024 2478 3078 2525 et
3121 2488 3226 2526 nou
3282 2475 3425 2530 illam
3475 2477 3690 2535 habent.

2106 2550 2308 2620 Quibus
2357 2556 2731 2624 respondetur,
2760 2574 2880 2614 cum
2923 2561 3190 2630 dixerint,
3228 2566 3334 2622 Pax
3377 2571 3644 2626 vobiscum
3670 2615 3686 2640 ,

2105 2641 2319 2700 Etcum
2349 2648 2538 2716 spiritu
2593 2659 2725 2705 tuo:
2764 2650 2954 2708 falsum
2994 2655 3211 2724 dicunt,
3262 2669 3318 2715 et
3372 2662 3557 2718 falsum
3589 2681 3687 2720 au-

2103 2735 2272 2792 diunt.
2302 2737 2505 2806 Quibus
2537 2740 2749 2809 dicunt,
2782 2744 2889 2800 Pax
2922 2747 3236 2804 vobiscum?
3275 2767 3408 2822 quos
3437 2767 3688 2826 separant

2101 2843 2132 2883 a
2161 2845 2294 2899 pace
2331 2832 2476 2887 orbis
2508 2842 2788 2892 terrarum.
2821 2837 2890 2892 Et
2939 2841 3131 2909 quibus
3181 2843 3396 2910 dicitur,
3447 2847 3513 2902 Et
3559 2864 3682 2905 cum

2100 2921 2289 2991 Spiritu
2318 2923 2442 2978 tuo?
2462 2924 2559 2992 Qui
2581 2925 2946 2985 dissensiones
2974 2933 3387 3004 amplectuntur,
3419 2949 3472 2995 et
3499 2941 3684 2998 odiunt

2098 3028 2284 3084 pacem
2316 3017 2357 3069 ί.
2390 3017 2444 3073 Si
2473 3019 2615 3074 enim
2638 3020 2690 3074 in
2722 3023 2913 3092 spiritu
2944 3041 3128 3081 eorum
3151 3040 3293 3084 esset
3320 3047 3418 3099 pax
3447 3075 3460 3096 ,
3506 3051 3683 3091 nonne

2097 3107 2355 3162 unitatem
2381 3107 2698 3180 diligerent,
2745 3121 2800 3169 et
2851 3117 3219 3188 relinquerent
3248 3105 3682 3182 dissensionem?

2098 3201 2315 3257 Falsum
2368 3218 2498 3274 ergo
2551 3209 2981 3274 pronuntiantes,
3033 3210 3223 3268 falsum
3279 3216 3522 3273 audiunt.
3572 3220 3680 3276 Nos

2095 3308 2280 3349 verum
2334 3301 2772 3368 pronuntiemus,
2828 3313 2881 3358 et
2930 3321 3113 3363 verum
3159 3310 3457 3368 audiamus.
3501 3313 3680 3372 Simus

2095 3386 2256 3442 Israel
2280 3429 2296 3455 ,
2327 3398 2379 3444 et
2408 3391 2794 3461 amplectamur
2839 3412 3057 3467 pacem;
3103 3403 3223 3472 quia
3254 3403 3555 3463 Jerusalem
3595 3417 3680 3466 est

2095 3477 2231 3534 visio
2259 3481 2403 3550 pacis
2421 3524 2436 3550 ,
2467 3492 2521 3538 et
2543 3499 2642 3539 nos
2673 3485 2833 3543 Israel
2856 3531 2870 3554 ,
2897 3501 2949 3544 et
2974 3509 3078 3563 pax
3103 3510 3256 3564 super
3277 3494 3462 3552 Israel.

2487 3694 2570 3755 IN
2612 3696 2997 3762 PSALMUM
3038 3701 3269 3766 CXXV

2655 3817 3073 3876 ENARRATlO.

2616 3946 2787 3990 εειυίο
2812 3950 2880 3990 AD
2903 3951 3130 3995 PLEBBI.

2159 4046 2210 4101 1.
2242 4045 2392 4120 [υενε.
2421 4047 2498 4122 1.]
2523 4047 2669 4106 Sicut
2687 4051 2798 4122 jam
2830 4055 3165 4123 meministis,
3195 4071 3265 4113 ex
3287 4057 3476 4116 ordine
3515 4061 3672 4118 nobis

2085 4142 2432 4198 tractantibus
2459 4143 2561 4199 iste
2604 4146 2840 4215 psalmus
2889 4157 2973 4204 est
3021 4152 3344 4209 centesimus
3386 4156 3670 4212 vicesimus

2085 4233 2322 4304 quintus,
2349 4237 2440 4306 qui
2486 4237 2624 4293 inter
2652 4239 2772 4294 illos
2798 4241 3030 4312 psalmos
3057 4253 3159 4312 est,
3188 4260 3412 4316 quorum
3434 4259 3517 4304 est
3545 4250 3670 4304 titu-

2084 4326 2188 4396 lus,
2224 4327 2486 4384 Canticum
2526 4333 2793 4403 graduum.
2834 4333 2929 4390 Est
2948 4343 3147 4402 autem,
3179 4337 3315 4393 sicut
3343 4342 3531 4406 nostis,
3563 4353 3667 4397 vox

2082 4422 2480 4479 ascendentium
2513 4440 2674 4495 :quo,
2704 4426 2803 4481 nisi
2828 4425 2895 4482 ad
2938 4428 3081 4483 illam
3127 4444 3408 4500 supernam
3450 4432 3667 4488 Jerusa-

2083 4512 2209 4581 lem,
2259 4525 2486 4570 matrem
2537 4518 2775 4572 omnium
2825 4527 3090 4588 nostrum,
3129 4537 3246 4593 quae
3289 4533 3370 4579 est
3418 4525 3470 4579 in
3513 4527 3665 4581 oculis

2081 4605 2279 4677 (Galat.
2305 4623 2379 4673 ιν,
2407 4602 2540 4681 26)?
2566 4609 2694 4677 Quae
2740 4625 2968 4682 superna
3017 4622 3120 4682 est,
3171 4615 3283 4685 ipsa
3327 4626 3381 4672 et
3417 4627 3614 4674 aeterna
3647 4639 3661 4674 :

2081 4697 2197 4756 haec
2223 4710 2400 4757 autem
2431 4717 2549 4773 quae
2576 4701 2630 4758 in
2658 4711 2797 4760 terra
2827 4703 2946 4772 fuit,
2973 4707 3215 4763 utnbram
3243 4709 3474 4766 habebat
3497 4712 3661 4768 illius.

2079 4790 2261 4864 Itaque
2305 4794 2406 4850 ista
2463 4796 2685 4865 cecidit,
2736 4797 2821 4851 illa
2874 4809 3151 4869 permanet
3197 4820 3210 4856 :
3255 4802 3370 4859 haec
3423 4806 3664 4877 implevit

2078 4892 2288 4956 tempus
2320 4887 2730 4957 prmdicationis,
2764 4890 2854 4944 illa
2877 4899 3019 4948 tenet
3062 4895 3413 4951 aeternitatem
3465 4907 3662 4954 nostra:

2075 4983 2444 5054 reparationis.
2486 4984 2569 5040 Ab
2610 4985 2700 5040 illa
2741 4987 3141 5057 pcregrinamur
3187 4989 3240 5044 in
3286 4989 3385 5047 hac
3424 4992 3552 5060 vita,
3593 4993 3663 5048 ad

2076 5076 2192 5146 ejus
2214 5076 2441 5131 reditum
2482 5079 2842 5148 suspiramus:
2875 5079 3074 5134 tamdiu
3117 5081 3298 5137 miseri
3323 5092 3379 5138 et
3407 5083 3662 5140 laboran-

2075 5176 2178 5235 tes,
2209 5168 2379 5224 donec
2407 5169 2472 5224 ad
2504 5169 2648 5225 illam
2678 5169 2978 5226 redeamus.
3008 5171 3116 5228 Nec
3156 5175 3302 5230 cives
3341 5177 3506 5231 nostri
3553 5179 3664 5232 An-

2072 5260 2176 5330 geli
2206 5260 2520 5318 dimiserunt
2561 5277 2660 5317 nos
2699 5263 2750 5317 in
2780 5265 3227 5335 peregrinatione,
3259 5267 3352 5323 sed
3378 5271 3663 5325 annuntia-

2073 5361 2264 5406 verunt
2317 5352 2469 5406 nobis
2517 5352 2690 5423 ipsum
2737 5352 2935 5425 Regem
2981 5365 3265 5412 venturum
3313 5359 3380 5414 ad
3432 5376 3549 5416 nos.
3594 5362 3664 5417 Et

2072 5443 2220 5499 venit
2255 5444 2320 5499 ad
2349 5459 2466 5510 nos,
2496 5453 2550 5500 et
2575 5454 2912 5518 contemptus
2936 5457 3018 5504 est
3045 5449 3183 5505 inter
3217 5465 3315 5507 nos
3341 5467 3370 5506 a
3401 5453 3581 5519 nobis,
3609 5464 3665 5510 et

2072 5545 2254 5606 postea
2325 5537 2664 5591 uobiscum':
2695 5549 2749 5592 et
2807 5539 2988 5596 docuit
3047 5557 3144 5596 nos
3201 5546 3490 5611 contemni,
3538 5548 3662 5617 quia

2134 5653 2148 5682 ι
2179 5650 2344 5719 tsthaec
2367 5651 2548 5719 verba:
2575 5648 2665 5710 Qui
2689 5651 3007 5719 dissensiones
3021 5655 3407 5719 implectuntur,
3426 5665 3475 5710 et
3495 5660 3666 5711 adiurit

2067 5725 2252 5786 pacem,
2277 5712 2452 5790 absunt
2483 5713 2668 5790 alium.
2712 5721 2764 5763 et
2794 5717 2877 5790 ab
2901 5712 3129 5768 omnibus
3148 5725 3276 5782 Mss,
3316 5712 3507 5772 necnon
3542 5734 3663 5790 sen-

2068 5775 2604 5838 tentiassuhsequentis
2619 5787 2734 5838 vox,
2758 5775 2902 5838 enim.

2139 5839 2160 5870 ι
2187 5835 2321 5894 add”
2343 5831 2587 5887 nobiscum
2602 5831 2901 5904 fuilt'Abest‘,
2932 5833 3039 5902 ’uit.
3061 5850 3089 5892 tt
3111 5845 3218 5892 Ius.
