4074 6470
259 346 404 408 ἱϐδῖ

260 473 604 538 contemptus
655 469 776 530 est;
831 460 1014 518 docuit
1061 457 1294 516 tolerare
1314 499 1331 526 ,
1379 458 1500 530 quia
1563 456 1841 524 toleravit;

259 561 442 618 docuit
466 558 592 630 pati,
623 557 744 628 quia
776 569 964 626 passus
987 562 1103 620 est;
1150 560 1202 608 et
1231 549 1477 623 promisit
1513 557 1844 606 resurrectu-

259 671 369 720 ros,
398 654 520 725 quia
546 650 860 717 resurrexit,
881 649 932 703 in
961 648 1137 717 seipso
1161 645 1449 701 ostendens
1476 643 1600 716 quid
1627 657 1844 714 sperare

256 747 571 802 debeamus.
602 741 660 797 Si
686 755 834 814 ergo,
875 737 1089 806 fratres,
1115 736 1395 806 Propheta:
1416 734 1636 806 antiqui,
1669 743 1846 804 patres

257 836 450 900 nostri,
492 843 780 905 antequam
823 831 1079 886 Dominus
1103 829 1258 885 Jesus
1287 827 1532 884 Christus
1561 827 1763 882 veniret
1789 827 1844 882 in

255 945 438 996 carne,
458 937 740 998 antequam
769 933 1009 980 mortuus
1039 921 1418 978 resurrexisset
1443 931 1497 976 et
1518 918 1844 974 ascendisset

254 1023 306 1077 in
347 1021 564 1084 omium,
611 1017 951 1089 suspirabant
995 1025 1170 1069 tamen
1208 1013 1282 1068 illi
1322 1012 1546 1077 civitati;
1591 1019 1842 1081 quantum

254 1127 354 1167 nos
396 1117 608 1182 oportet
649 1107 977 1172 desiderare,
1022 1121 1126 1178 quo
1173 1119 1273 1160 nos
1316 1105 1430 1174 ipse
1457 1104 1758 1172 praecessit,
1791 1107 1846 1156 et

254 1203 400 1259 unde
463 1215 734 1270 nunquam
783 1199 1042 1255 recessit?
1102 1197 1222 1252 Non
1267 1197 1408 1252 enim
1459 1194 1713 1248 Dominus
1766 1193 1844 1248 sic

252 1297 400 1350 venit
427 1293 493 1348 ad
532 1307 650 1358 nos,
672 1301 732 1347 ut
767 1291 1041 1346 desereret
1069 1288 1302 1360 Angelos
1332 1304 1345 1340 :
1377 1296 1432 1342 et
1455 1286 1558 1342 illis
1587 1285 1840 1352 mansit’,

251 1396 305 1442 et
330 1385 400 1441 ad
447 1401 546 1440 nos
585 1387 763 1449 venit;
815 1383 917 1437 illis
961 1382 1156 1436 mansit
1195 1381 1248 1435 in
1286 1380 1582 1450 majestate,
1630 1379 1696 1433 ad
1745 1393 1842 1434 nos

250 1479 399 1534 venit
431 1478 482 1532 in
516 1492 696 1532 carne.
743 1475 971 1530 Eramus
1016 1483 1192 1529 autem
1232 1473 1402 1528 ubi"!
1433 1472 1488 1527 Si
1535 1470 1844 1540 redemptor

251 1581 434 1628 noster
461 1571 550 1626 ille
589 1569 785 1625 dicitur
813 1569 1009 1639 captivi
1037 1565 1369 1623 tenebamur.
1397 1564 1498 1620 Ubi
1528 1579 1654 1634 ergo
1688 1573 1840 1618 tene—

251 1663 460 1729 bamur,
489 1671 547 1716 ut
569 1661 658 1716 ille
686 1660 891 1715 veniret
913 1658 1177 1714 redimere
1202 1655 1474 1728 captivos?
1501 1655 1587 1710 ubi
1621 1653 1840 1709 teneba-

250 1756 410 1814 mur?
437 1755 596 1810 Forte
639 1753 778 1825 apud
807 1752 1102 1808 barbaros?
1140 1751 1298 1822 Pejor
1345 1757 1426 1805 est
1455 1748 1696 1804 barbaris
1721 1747 1840 1801 dia-

250 1849 408 1905 bolus
453 1857 507 1902 et
551 1847 722 1917 angeli
773 1846 909 1916 ejus.
964 1843 1068 1914 Ipsi
1133 1851 1290 1899 antea
1353 1843 1605 1898 tenebant
1668 1856 1837 1912 genus

250 1941 542 1997 humanum
583 1959 596 1995 :
635 1939 704 1994 ab
757 1939 836 1994 eis
881 1937 1109 1993 redemit
1161 1951 1279 2004 nos,
1339 1935 1430 2008 qui
1486 1949 1592 1989 non
1649 1949 1836 1988 aurum

248 2049 424 2104 neque
468 2041 766 2104 argentum,
816 2028 912 2086 sed
958 2028 1270 2100 sanguinem
1329 2041 1484 2083 suum
1535 2041 1633 2096 pro
1685 2025 1838 2081 nobis

247 2124 414 2180 dedit.

316 2216 372 2270 2.
399 2212 679 2284 Quomodo
720 2219 896 2268 autem
941 2210 1104 2266 homo
1129 2216 1352 2266 venerat
1375 2209 1428 2264 in
1453 2209 1834 2280 captivitatem,

247 2309 468 2364 Paulum
508 2307 806 2378 apostolum
860 2305 1268 2374 interrogemus.
1295 2303 1504 2358 Etenim
1546 2303 1658 2374 ipse
1701 2317 1838 2373 prae-

247 2401 402 2470 cipue
449 2400 613 2470 gemit
664 2401 716 2454 in
768 2399 867 2454 ista
913 2397 1234 2468 captivitate,
1299 2398 1573 2466 suspirans
1621 2407 1837 2452 aeterna:

245 2491 577 2556 Jerusalem;
609 2499 666 2546 et
692 2490 872 2544 docuit
898 2503 994 2543 nos
1017 2502 1233 2558 gemere
1259 2501 1321 2542 ex
1363 2486 1478 2555 ipso
1500 2486 1700 2556 Spiritu
1730 2500 1836 2556 quo

245 2591 299 2638 et
327 2583 417 2638 ille
449 2582 700 2653 impletus
733 2580 1000 2651 gemebat.
1032 2579 1143 2634 Hoc
1173 2578 1314 2633 enim
1345 2578 1420 2632 ait
1448 2595 1460 2630 :
1493 2576 1670 2632 Omnis
1696 2595 1836 2631 crea-

246 2684 359 2728 tura
387 2675 708 2746 congemiscit
746 2683 792 2728 et
827 2672 956 2727 dolet
991 2687 1147 2743 usque
1183 2687 1336 2725 nunc.
1367 2669 1431 2723 Et
1457 2670 1646 2723 iterum
1676 2688 1690 2724 :
1727 2668 1834 2723 Va-

245 2768 392 2822 nitati
435 2768 568 2822 enim
604 2775 831 2821 creatura
857 2763 1082 2835 subjecta
1125 2772 1219 2828 est,
1265 2762 1359 2828 ait,
1392 2779 1492 2816 non
1521 2772 1716 2832 sponte,
1747 2763 1836 2816 sed

245 2867 450 2930 prapter
494 2873 606 2912 eum
647 2858 734 2930 qui
777 2855 985 2927 subjecit
1029 2857 1083 2909 in
1127 2871 1234 2926 spe.
1271 2853 1496 2909 Omnem
1535 2863 1832 2910 creaturam

245 2950 376 3006 dixit
402 2950 454 3004 in
489 2949 792 3004 hominibus
821 2949 980 3003 etiam
1011 2963 1115 3002 non
1146 2946 1507 3012 credentibus,
1533 2945 1626 3000 sed
1656 2955 1831 3003 tamen

244 3040 551 3102 credituris,
571 3040 922 3110 ingemiscere
946 3048 1242 3094 creaturam
1276 3039 1330 3092 in
1357 3037 1644 3092 laboribus.
1670 3037 1836 3092 Num-

243 3133 494 3205 quidnam
519 3135 568 3188 in
601 3134 682 3188 his
713 3142 916 3188 tantum
955 3133 1120 3204 gemit
1139 3131 1181 3198 ³,
1213 3131 1302 3202 qui
1333 3131 1564 3184 nondum
1589 3131 1834 3186 credide-

241 3227 404 3282 runt?
438 3228 546 3297 jam
587 3241 716 3282 vero
768 3227 820 3281 in
850 3224 933 3280 bis
983 3225 1071 3294 qui
1119 3223 1460 3278 crediderunt
1497 3237 1601 3276 non
1646 3223 1830 3290 gemit,

241 3333 342 3375 nec
390 3320 612 3390 parturit
652 3318 929 3374 creatura?
961 3315 1080 3370 Non
1123 3315 1288 3369 solum
1305 3325 1492 3377 autem,
1523 3314 1712 3384 inquit,
1743 3315 1831 3368 sed

240 3423 286 3467 et
330 3429 421 3466 nos
449 3412 548 3482 ipsi
586 3412 834 3484 primitias
862 3411 1069 3481 spiritus
1096 3407 1356 3470 habentes,
1385 3407 1434 3461 id
1459 3416 1560 3472 est,
1592 3406 1678 3476 qui
1717 3406 1830 3476 jam

240 3507 430 3576 spiritu
456 3506 564 3560 Deo
589 3505 873 3571 servimus,
894 3504 982 3574 qui
1007 3503 1115 3572 jam
1139 3509 1318 3557 mente
1337 3501 1444 3556 Deo
1485 3499 1829 3565 credidimus,

240 3608 294 3656 et
315 3599 367 3654 in
392 3599 502 3670 ipsa
526 3600 628 3655 fide
645 3598 906 3670 primitias
929 3595 1184 3668 quasdam
1202 3594 1468 3657 dedimus,
1489 3601 1548 3648 ut
1571 3593 1832 3664 primitias

241 3700 450 3747 nostras
465 3706 751 3762 sequamur
770 3709 782 3741 :
804 3703 930 3760 ergo
949 3697 1001 3742 et
1016 3705 1106 3742 nos
1121 3687 1219 3757 ipsi
1235 3687 1284 3740 in
1301 3685 1667 3754 nobismetipsis
1685 3684 1831 3754 inge-

239 3785 516 3850 miscimus,
529 3784 847 3852 adeptionem
870 3789 1230 3850 exspectantes,
1249 3777 1642 3846 redemptionem
1659 3789 1834 3846 corpo-

239 3879 308 3932 ris
323 3880 504 3931 nostri.
529 3874 788 3932 Gemebat
806 3887 933 3941 ergo
955 3881 1006 3927 et
1033 3871 1168 3938 ipse,
1185 3876 1240 3924 et
1255 3875 1474 3937 gemunt
1494 3881 1680 3920 omnes
1703 3864 1834 3919 ﬁde-

237 3967 338 4035 les,
396 3967 737 4037 ad0ptionem
793 3969 1185 4031 exspectantes,
1238 3957 1661 4026 redemptionem
1708 3961 1831 4010 cor-

238 4057 537 4131 poris'sui.
585 4056 688 4114 Ubi
730 4053 986 4126 gemunt?
1037 4051 1092 4106 ln
1137 4052 1235 4104 ista
1284 4049 1629 4104 mortalitate.
1664 4044 1860 4113 Quam'

239 4149 660 4218 redemptionem
679 4145 1022 4216 exspectant?
1039 4141 1288 4212 Corporis
1309 4141 1413 4208 sui,
1428 4155 1544 4210 qum
1561 4139 1835 4208 praecessit

239 4244 288 4299 in
317 4244 565 4303 Domino.
613 4241 700 4310 qui
747 4237 1088 4293 resurrexita
1117 4233 1358 4299 mortuis,
1405 4239 1459 4286 et
1497 4228 1738 4285 ascendit
1779 4229 1831 4283 in

237 4337 454 4392 cmlnm.
509 4332 620 4387 Hoc
647 4330 799 4385 nobis
839 4337 1122 4398 antequam
1170 4323 1443 4386 reddatur,
1480 4335 1702 4377 necesse
1745 4329 1829 4375 est

238 4441 534 4498 gemamtts,
567 4425 726 4479 etiam
767 4421 971 4486 fideles,
1014 4420 1173 4474 etiam
1217 4424 1514 4486 sperantes.
1575 4413 1700 4468 Ideo
1748 4426 1834 4467 se-

239 4523 420 4593 quitur
466 4520 557 4584 ibi,
597 4526 650 4574 et
673 4516 833 4580 dicit;
861 4529 981 4568 cum
1009 4507 1313 4576 diceret,’Et
1343 4509 1442 4578 ipsi
1481 4507 1534 4560 in
1563 4506 1833 4560 nobismet-

239 4614 362 4682 ipsis
402 4609 806 4682 ingemisritrus,
850 4604 1172 4674 adoptionem
1213 4608 1586 4682 exspectantes,
1639 4597 1834 4650 redem-

241 4679 475 4776 ptionem—
505 4698 731 4772 corporis
777 4698 967 4764 nostri;
997 4695 1146 4765 quasi
1176 4679 1445 4747 diceretur
1469 4690 1540 4757 ei,
1572 4689 1708 4757 Quid
1735 4688 1830 4743 tibi

151 4793 160 4804 '
240 4810 370 4865 ergo
415 4792 608 4864 profuit
649 4791 911 4856 Christus,
952 4787 998 4842 si
1042 4785 1214 4840 adlmc
1259 4785 1455 4856 gemis;
1485 4791 1540 4837 et
1565 4781 1832 4852 quomodo

241 4887 483 4942 Salvator
525 4885 728 4940 salvum
775 4891 826 4937 te
869 4879 1027 4936 fecit?
1080 4876 1170 4948 qui
1221 4874 1404 4946 gemit,
1437 4873 1612 4928 adhuc
1657 4886 1831 4942 aegro-

245 4991 360 5036 tat:
393 4979 666 5050 subjunxit
720 4985 775 5032 et
816 4975 908 5038 ait,
958 4973 1065 5042 Spe
1097 4971 1229 5024 enim
1285 4967 1412 5021 salvi
1459 4966 1582 5035 facti
1637 4981 1828 5019 sumus.

248 5073 380 5140 Spes
437 5081 606 5126 autem
635 5084 749 5138 qua:
800 5066 1016 5130 videtur,
1063 5078 1162 5116 non
1209 5069 1280 5113 est
1319 5075 1433 5130 spes
1463 5072 1480 5112 :
1507 5055 1642 5128 quod
1699 5056 1832 5110 enim

243 5168 374 5222 ridet
418 5166 550 5234 quis,
600 5163 720 5236 quid
764 5158 974 5232 sperat?
1014 5156 1076 5212 Si
1113 5163 1280 5208 autem
1321 5150 1456 5222 quod
1484 5165 1583 5203 non
1608 5148 1834 5204 videmus

242 5275 536 5330 speramus,
569 5272 658 5328 per
699 5251 994 5326 patientiam
1022 5253 1368 5318 exspectamus
1404 5241 1584 5316 (Rom.
1604 5237 1835 5304 “11,20-

242 5354 356 5426 25).
403 5351 542 5408 Ecce
587 5363 751 5420 quare
799 5345 1080 5418 gemimus,
1124 5349 1180 5396 et
1224 5337 1491 5410 quomodo
1533 5334 1829 5426 gemimus;

245 5424 366 5520 quia
393 5444 536 5516 quod
579 5455 878 5512 speramus,
906 5437 1016 5508 jam
1057 5433 1268 5506 quidem
1313 5437 1706 5502 exspectamus,
1735 5424 1832 5482 sed

306 5565 322 5594 ί
349 5562 424 5612 Sic
442 5566 550 5610 Mss.
577 5564 632 5608 Αι
653 5554 786 5606 add:
815 5557 998 5603 Etcum
1015 5547 1114 5600 illis
1129 5545 1321 5618 prmisit:

307 5625 328 5656 ²
350 5603 900 5684 ἷίῶνέιῖξέῌιον.
931 5609 1191 5684 pose-ubi,
1217 5607 1427 5684 additur,
1452 5603 1836 5684 rqiemotprno-

243 5691 340 5738 ater
354 5665 656 5736 "iii:
671 5665 878 5738 dicitur,
893 5665 1130 5742 et'cgpt'iui
1153 5665 1466 5742 tenebamur;
1495 5665 1625 5731 quod
1647 5667 1710 5715 ab
1731 5676 1832 5714 am.

245 5731 309 5800 Ei
316 5731 440 5798 mss:
455 5731 622 5808 abest.
639 5731 657 5792 7:
687 5749 740 5794 et
755 5731 898 5808 ante,
913 5731 1237 5808 ubi,;_baben_t,

311 5791 1066 5867 δ”ῐιῖἐῖᾙέέὲιίνᾶ-ιὶιιωξρεηϋι,
1083 5795 1214 5862 quod
1227 5791 1302 5846 ex
1321 5800 1394 5845 Br.
1415 5791 1564 5855 Lugd.
1579 5797 1700 5842 Ven.
1717 5797 1830 5842 Lor.

247 5869 570 5925 tonitruum.
661 5869 720 5916 tt.

1355 337 1754 398 ENAR-RATIO'
1783 337 1854 396 1N
1889 337 2216 402 PSALMUM
2253 343 2464 405 CXXV.

3387 378 3525 436 1658

1919 462 2189 518 .nondum
2231 473 2499 536 tenemus,
2549 475 2602 525 et
2624 468 2793 528 donec
2837 477 3142 540 teneamus,
3193 474 3242 530 in
3289 485 3527 550 tempore

1951 554 2299 626 suspiramus,
2331 559 2452 632 quia
2483 560 2865 634 desideramus,
2912 568 3051 638 quod
3095 569 3327 626 nondum
3371 583 3524 632 tene-

1951 662 2090 702 mus.
2133 650 2346 717 Quare?
2392 651 2523 718 Quia
2566 671 2656 724 spe
2685 658 2812 710 salvi
2849 659 2974 729 facti
3006 677 3198 716 sumus.
3241 663 3360 722 lam
3398 682 3526 726 Caro

1951 751 2157 810 sumpta
2201 743 2267 798 de
2291 744 2444 800 nobis
2473 747 2522 801 in
2552 748 2798 816 Domino,
2823 767 2928 807 non
2980 769 3096 824 spe,
3131 756 3226 812 sed
3274 776 3334 815 re
3378 761 3524 819 salva

1949 831 2084 890 facta
2112 843 2212 890 est.
2235 836 2540 894 Resurrexit
2569 842 2708 896 enim
2731 851 2784 896 et
2809 845 3048 900 ascendit
3069 847 3120 901 in
3147 849 3318 920 capite
3345 863 3528 909 nostro

1949 942 2073 982 caro
2117 938 2295 984 nostra
2343 931 2518 996 salva;
2559 932 2611 986 in
2643 934 2894 990 membris
2932 937 3102 994 adlmc
3143 940 3392 996 salvanda
3421 953 3522 999 est.

1950 1017 2144 1074 Secura
2183 1020 2446 1090 gaudeant
2467 1024 2723 1090 membra,
2754 1027 2874 1096 quia
2901 1043 2928 1080 a
2955 1031 3128 1098 capite
3153 1049 3247 1085 suo
3277 1051 3378 1088 non
3403 1047 3528 1094 sunt

1948 1109 2178 1164 deserta.
2212 1111 2354 1166 Dixit
2391 1115 2532 1169 enim
2573 1117 2824 1172 membris
2853 1119 3211 1178 laborantibus
3241 1143 3254 1180 :
3285 1126 3415 1182 Ecce
3437 1147 3526 1200 ego

1945 1201 2194 1256 vobiscum
2222 1219 2330 1256 sum
2361 1222 2514 1277 usque
2538 1208 2604 1260 ad
2619 1213 3094 1268 consummationem
3113 1217 3285 1270 sceculi
3311 1217 3522 1289 (Matth.

1945 1307 2127 1359 xxvm,
2145 1292 2257 1362 ‘20).
2277 1293 2351 1346 Ita
2383 1295 2575 1350 factum
2599 1310 2680 1354 est
2709 1310 2764 1354 ut
2784 1313 3218 1360 converterentur
3247 1307 3310 1360 ad
3337 1310 3521 1366 Deum.

1944 1382 2104 1454 Spem
2159 1386 2300 1441 enim
2343 1403 2448 1443 non
2499 1390 2842 1460 habebamus,
2885 1397 2984 1452 nisi
3028 1398 3094 1453 ad
3145 1402 3431 1470 Steculum;
3475 1418 3524 1459 et

1945 1477 2070 1534 inde
2091 1482 2230 1534 servi
2259 1482 2459 1547 miseri,
2490 1493 2542 1538 et
2573 1485 2652 1542 bis
2693 1489 2894 1554 miseri,
2926 1493 3046 1561 quia
3091 1502 3146 1549 et
3172 1496 3222 1550 in
3273 1497 3369 1552 hac
3423 1501 3524 1555 vita

1945 1585 2092 1641 Spem
2136 1577 2538 1642 posueramus‘,
2567 1585 2620 1632 et
2649 1577 2836 1635 faciem
2877 1581 3130 1640 habentes
3155 1586 3220 1642 ad
3247 1590 3523 1654 sa-culmn,

1944 1662 2160 1718 dorsum
2209 1675 2392 1720 contra
2443 1667 2632 1724 Deum.
2679 1671 2814 1725 Cum
2877 1689 3003 1728 vero
3055 1681 3378 1734 converterit
3431 1697 3526 1737 nos

1945 1754 2222 1824 Dominus,
2249 1767 2305 1812 ut
2327 1757 2435 1828 jam
2466 1761 2782 1832 incipiamus
2805 1763 2992 1818 faciem
3019 1765 3212 1822 habere
3239 1771 3302 1825 ad
3335 1773 3522 1840 Deum,

1943 1855 1999 1904 et
2043 1849 2259 1905 dorsum
2301 1851 2367 1907 ad
2393 1855 2669 1920 saeculum,
2700 1857 2786 1926 qui
2815 1855 2988 1912 adhuc
3015 1859 3066 1912 in
3095 1860 3173 1914 via
3206 1876 3409 1930 sumus,
3443 1875 3524 1918 ta-

1943 1955 2065 1995 men
2109 1941 2334 2011 patriam
2375 1945 2739 2001 attendimus:
2770 1955 2826 2003 et
2866 1950 3080 2020 quando
3123 1951 3261 2008 forte
3295 1956 3524 2024 aliquant

1941 2033 2335 2090 tribulationem
2366 2039 2616 2106 patimur,
2655 2039 2748 2095 sed
2777 2051 2952 2098 tamen
3001 2053 3242 2100 tenemus
3283 2048 3440 2112 viam,
3474 2059 3527 2104 et

1941 2124 2084 2196 ligno
2111 2137 2412 2196 portamur;
2433 2146 2591 2202 asper
2611 2133 2822 2203 quidem
2845 2145 3053 2203 ventus,
3070 2140 3162 2194 sed
3189 2149 3377 2196 ventus
3399 2160 3524 2210 pro-

1943 2232 2065 2288 sper
2093 2223 2246 2284 est';
2278 2237 2398 2275 cum
2423 2223 2603 2280 labore
2646 2226 2877 2296 quidem,
2911 2227 3006 2284 sed
3053 2229 3160 2284 cito
3207 2231 3372 2298 ducit,
3417 2237 3524 2290 cito

1939 2309 2202 2380 perducit.
2226 2310 2358 2380 Quia
2383 2328 2510 2384 ergo
2535 2315 2603 2370 de
2627 2317 2934 2386 captivitate
2961 2329 3136 2374 nostra
3155 2324 3522 2390 gemebamus.

1939 2411 2158 2472 gemunt
2185 2412 2360 2458 autem
2388 2415 2442 2460 et
2473 2406 2545 2460 illi
2573 2408 2660 2477 qui
2695 2408 2805 2478 jam
2837 2411 3210 2478 crediderunt;
3255 2417 3524 2484 quomodo

1943 2501 2120 2548 autem
2166 2495 2286 2550 facti
2342 2512 2527 2552 sumus
2573 2500 2788 2568 captivi,
2833 2501 2982 2556 obliti
3031 2501 3244 2568 fuimus,
3290 2508 3383 2562 sed
3431 2523 3525 2578 per

1939 2585 2267 2656 Scriptnram
2316 2604 2800 2646 commemoramur
2833 2609 2846 2646 :
2879 2593 3099 2648 Paulum
3149 2596 3318 2666 ipsum
3373 2599 3521 2670 Apo-

1939 2680 2132 2734 stolum
2163 2681 2584 2752 interrogemus;
2614 2684 2685 2738 ait
2711 2685 2876 2752 enim,
2923 2685 3123 2740 Scimus
3147 2688 3276 2742 enim
3301 2689 3420 2759 quia
3443 2689 3524 2744 lat:

1937 2774 2215 2842 spiritualis
2265 2787 2379 2840 est;
2419 2792 2510 2848 ego
2558 2787 2724 2831 autem
2768 2779 2990 2832 carnalis
3028 2795 3159 2844 sum,
3206 2781 3524 2838 venundatus

1937 2870 2028 2920 sub
2073 2879 2275 2937 peccato
2317 2869 2489 2938 (Rom.
2518 2885 2613 2934 vn,
2658 2871 2769 2940 Μ).
2803 2871 2944 2926 Ecce
2987 2869 3127 2926 unde
3171 2872 3294 2926 facti
3338 2887 3524 2930 sumus

1938 2957 2286 3028 captivi,quia
2335 2959 2618 3014 venundati
2665 2975 2846 3014 sumus
2869 2961 2967 3016 sub
3009 2971 3250 3032 peccato.
3277 2962 3406 3030 Quis
3425 2977 3524 3018 nos

1939 3049 2211 3104 vendidit?
2241 3050 2346 3104 Nos
2376 3051 2496 3120 ipsi,
2529 3051 2618 3120 qui
2645 3053 3012 3108 consensimus
3055 3053 3343 3109 seductori.
3375 3054 3520 3108 Ven-

1939 3139 2066 3194 dere
2129 3156 2225 3194 nos
2272 3142 2561 3211 potuimus,
2607 3141 2872 3196 redimere
2921 3158 3020 3198 nos
3063 3158 3168 3198 non
3217 3159 3520 3214 possumus.

1943 3231 2282 3286 Vendidimus
2301 3247 2396 3287 nos
2409 3233 2759 3289 consensione
2775 3235 2995 3302 peccati,
3015 3233 3326 3289 redimimur
3340 3237 3389 3289 in
3421 3235 3524 3291 lide

1933 3322 2176 3392 justilizu.
2207 3323 2432 3393 Sanguis
2459 3327 2600 3378 enim
2629 3325 2888 3380 innocens
2914 3326 3070 3379 datus
3099 3334 3180 3378 est
3221 3340 3316 3394 pro
3341 3325 3516 3392 nobis,

1939 3427 1995 3470 ut
2021 3416 2425 3472 redimeremur.
2445 3417 2466 3448 ³
2493 3419 2890 3489 Quemcumque
2929 3419 3240 3488 sanguinem
3270 3419 3361 3474 ille
3390 3417 3523 3474 fudit

1939 3510 2304 3580 persequendo
2351 3512 2544 3580 justus,
2573 3513 2783 3580 qualem
2809 3513 3120 3582 sanguinem
3146 3510 3319 3564 fudit?
3345 3509 3524 3566 Justo-

1935 3618 2054 3656 rum
2089 3601 2301 3672 quidem
2329 3603 2642 3674 sanguinem
2676 3603 2842 3669 fudit;
2875 3601 3283 3674 Prophetarum,
3313 3613 3522 3674 patrum

1937 3703 2262 3758 nostrorum,
2312 3695 2580 3765 jnstorum
2609 3695 2918 3766 sanguinem
2944 3695 3078 3750 fudit
3107 3704 3160 3750 et
3183 3706 3475 3767 martyrum
3504 3712 3519 3750 :

1935 3795 2112 3841 tamen
2143 3801 2332 3842 omnes
2358 3786 2425 3842 de
2455 3787 2745 3857 propagine
2793 3788 2994 3857 peccati
3018 3787 3314 3842 venientes.
3346 3786 3521 3842 Unum

1935 3881 2249 3950 sanguinem
2281 3880 2413 3934 fudit
2441 3881 2556 3950 ejus
2585 3881 2673 3950 qui
2703 3896 2806 3935 non
2843 3881 3183 3950 justilicatus,
3213 3879 3305 3935 sed
3343 3881 3521 3950 justus

1935 3984 2091 4029 natus
2115 3983 2195 4029 est
2228 3991 2240 4026 :
2273 3973 2365 4028 illo
2395 3974 2654 4044 sanguine
2677 3975 2815 4041 fuso,
2849 3973 3076 4044 perdidit
3103 3989 3237 4045 quos
3283 3973 3518 4029 tenebat.

1938 4069 2042 4124 Pro
2070 4069 2260 4139 quibus
2281 4068 2424 4123 enim
2455 4069 2610 4124 datus
2640 4077 2724 4124 est
2751 4069 3011 4124 innocens
3053 4069 3287 4138 sanguis.
3307 4067 3520 4122 redem-

1935 4163 2010 4232 pti
2057 4170 2214 4226 sunt;
2269 4167 2325 4216 et
2368 4160 2612 4216 conversi
2641 4175 2671 4214 a
2713 4163 3044 4230 captivitate,
3100 4166 3316 4214 cantant
3361 4158 3522 4214 istum

1935 4254 2218 4326 psalmum.

2007 4347 2061 4401 5.
2108 4343 2238 4401 Cum
2289 4351 2595 4399 converteret
2623 4350 2646 4382 δ
2692 4344 2942 4399 Dominus
2985 4345 3316 4416 captivitatem
3357 4343 3519 4412 Sion,

1937 4437 2060 4507 facti
2096 4451 2270 4491 sumus
2307 4436 2436 4490 sicut
2483 4436 2748 4490 consolati.
2799 4435 2911 4490 Hoc
2939 4435 3106 4489 voluit
3130 4435 3327 4500 dicere,
3373 4433 3524 4488 Facti

1937 4542 2120 4582 sumus
2143 4528 2456 4598 gaudentes.
2488 4526 2748 4595 Quando?
2775 4526 2901 4581 Cum
2945 4537 3245 4581 converteret
3273 4526 3524 4581 Dominus

1937 4621 2275 4692 captivitatem
2313 4620 2462 4676 Sion.
2511 4619 2643 4689 Quae
2687 4619 2858 4674 Sion?
2907 4619 3022 4689 Ipsa
3075 4618 3404 4679 Jerusalem,
3469 4627 3523 4672 et

1937 4721 2137 4768 aeterna
2155 4711 2304 4768 Sion.
2323 4711 2603 4778 Quomodo
2623 4718 2822 4766 aeterna
2842 4710 2992 4774 Sion,
3013 4710 3280 4779 quomodo
3300 4710 3508 4778 captiva

1936 4805 2102 4862 Sion?
2129 4806 2186 4860 ln
2207 4804 2410 4875 angelis
2453 4811 2672 4867 aeterna,
2701 4803 2753 4856 in
2785 4801 3090 4856 hominibus
3141 4802 3374 4871 captiva.
3407 4799 3522 4853 Non

1938 4900 2079 4954 enim
2109 4911 2297 4953 omnes
2321 4895 2462 4950 illius
2488 4895 2718 4951 civitatis
2745 4896 2890 4950 cives
2919 4894 3112 4965 captivi
3133 4901 3288 4956 sunt;
3309 4891 3402 4946 sed
3433 4893 3522 4962 qui

1939 4991 2062 5046 inde
2111 4988 2536 5060 peregrinantur,
2563 4987 2662 5058 ipsi
2701 4986 2896 5056 captivi
2915 4993 3060 5040 sunt.
3091 4984 3262 5039 Homo
3287 4982 3418 5039 civis
3441 4991 3526 5038 est

1938 5085 2255 5151 Jerusalem,
2283 5083 2378 5138 sed
2417 5081 2659 5138 venditus
2681 5081 2781 5136 sub
2829 5087 3067 5150 peccato,
3101 5077 3270 5132 factus
3297 5087 3379 5132 est
3407 5091 3526 5146 per-

1939 5179 2171 5250 egrinus.
2203 5177 2278 5232 De
2318 5177 2606 5247 propagine
2633 5175 2798 5244 ipsius
2829 5182 3008 5228 natum
3040 5179 3122 5226 est
3141 5185 3310 5242 genus
3337 5172 3524 5225 buma-

1940 5286 2091 5338 num,
2141 5277 2197 5326 et
2243 5268 2482 5338 implevit
2534 5277 2702 5324 terras
2745 5265 3023 5335 captivitas
3071 5263 3202 5319 Sion
3219 5264 3260 5316 ³.
3305 5262 3374 5317 Et
3424 5261 3524 5316 ista

2004 5407 2021 5438 ί
2051 5413 2151 5454 Am.
2179 5410 2231 5455 et
2246 5416 2419 5466 omnes
2438 5416 2589 5466 prope
2613 5409 2729 5466 Mss.
2740 5402 2986 5466 omittunt,
3010 5411 3144 5466 spem
3165 5411 3494 5464 posueramus.

2003 5470 2024 5502 ³
2047 5470 2122 5518 sic
2143 5473 2217 5517 Er.
2245 5474 2298 5516 et
2327 5463 2510 5528 aliquot
2527 5463 2637 5518 'Mss.
2665 5464 2752 5512 Alii
2778 5475 2898 5512 vero
2919 5463 3048 5528 libri,
3073 5463 3230 5512 noster
3251 5467 3339 5528 est.

2005 5531 2028 5564 ³
2047 5536 2120 5579 Er.
2149 5536 2200 5580 et
2221 5535 2331 5578 Lor.
2350 5563 2365 5589 ,
2389 5525 2490 5576 Non
2510 5537 2871 5592 quemcumque.
2911 5525 3089 5585 Abest,
3113 5537 3206 5574 non
3220 5561 3234 5586 ,
3271 5525 3334 5574 ab
3355 5533 3456 5575 Am.
3476 5529 3530 5578 et

1939 5601 2125 5724 M3gs'sic
2142 5651 2459 5704 Floriacensis
2479 5657 2572 5724 ais.
2587 5651 2682 5724 hoc
2851 5655 2907 5724 at
2943 5648 3080 5724 edd"
3099 5662 3210 5724 cum
3225 5649 3525 5724 cmtverterit.

2003 5719 2025 5752 ⁸
2049 5717 2218 5766 Plures
2235 5724 2360 5777 Mss,
2381 5712 2667 5777 captivitate.
2685 5773 2694 5777 _
2710 5719 2764 5762 Et
2784 5711 2976 5777 quidam
2998 5725 3107 5777 cum
3127 5719 3224 5772 Ern,
3245 5710 3534 5777 captititatis

1941 5781 2068 5833 Sion.
2095 5786 2200 5828 uox
2220 5773 2451 5840 plerique
2468 5784 2595 5840 Mss,
2615 5781 2662 5825 et
2676 5773 2770 5824 ista
2793 5773 2982 5840 captiva
3002 5774 3130 5840 Sion.
3155 5773 3398 5840 Quomde
3419 5787 3531 5840 um.

1835 5883 1849 5902 .
1943 5841 2050 5905 bra.
2076 5848 2173 5893 etc.
2200 5833 2255 5892 A't
2275 5833 2608 5890 Novlomensts
2626 5841 2710 5889 III.
2726 5833 2924 5902 omittit,
2943 5841 2990 5889 et
3017 5833 3113 5888 ista
3134 5833 3383 5902 captivitas
3401 5833 3534 5888 sicut
