4078 6472
545 373 684 434 1659

541 491 817 561 captivitas
869 488 996 546 Sion
1041 485 1310 558 quomodo
1358 485 1542 540 umbra
1589 483 1728 539 illius
1783 479 2115 539 Jerusalem?

542 579 741 640 Umbra
773 580 912 638 illius
941 579 1068 635 Sion
1111 593 1270 650 quam
1315 585 1634 648 acceperunt
1661 575 1828 630 Judaei
1856 575 1907 628 in
1930 571 2117 644 imagi-

543 691 630 742 ne,
659 665 712 729 in
743 673 905 743 ligura
937 669 1114 726 fuitin
1151 669 1452 740 captivitate
1493 669 1544 724 in
1573 665 1883 738 Babylonia,
1917 674 1970 720 et
1999 673 2118 734 post

541 766 870 836 Septuaginta
906 775 1074 817 annos
1121 761 1275 816 rediit
1319 761 1408 816 ille
1469 759 1693 830 pupulus
1737 758 1804 812 ad
1849 757 2114 813 civitatem

541 871 687 913 suam
717 851 938 929 (Jerm.
959 869 1104 916 χχιχ,
1127 853 1222 918 to;
1251 863 1294 907 et
1319 851 1336 906 l
1361 851 1512 906 Esdr.
1541 852 1610 922 ι).
1629 851 1967 921 Septuaginta
1993 847 2116 903 anni

539 946 840 1018 signiﬁcant
857 959 1015 1000 omne
1037 953 1244 1014 tempus
1261 941 1400 1014 quod
1427 953 1630 1013 septem
1653 941 1842 998 diebus
1860 943 2116 998 volvitur:

541 1053 658 1096 cum
703 1045 876 1093 autem
929 1037 1194 1092 transierit
1220 1049 1378 1089 omne
1406 1043 1631 1104 tempus,
1657 1043 1780 1088 tunc
1809 1033 2041 1088 redimus
2065 1041 2118 1088 et

539 1147 636 1190 nos
665 1132 729 1188 ad
760 1131 977 1202 patriam
1021 1139 1289 1194 nostram;
1317 1125 1584 1200 quomodo
1625 1127 1713 1182 ille
1739 1127 1962 1198 populus
1997 1137 2118 1198 post

539 1226 866 1296 septuaginta
910 1239 1078 1279 annos
1109 1223 1264 1278 rediit
1288 1239 1317 1277 a
1343 1221 1644 1292 captivitate
1673 1219 1992 1291 Babyloniae.
2019 1219 2118 1274 Ba-

539 1318 749 1389 bylonia
777 1325 857 1372 est
882 1317 1022 1371 enim
1053 1313 1281 1369 mundus
1309 1313 1406 1367 iste
1439 1331 1462 1374 :_
1482 1311 1768 1383 Babylonia
1795 1311 1934 1366 enim
1963 1311 2118 1367 inter-

541 1417 796 1480 pretatur,
827 1407 1098 1462 Confusio.
1143 1403 1334 1460 Videte
1379 1405 1420 1458 si
1449 1418 1554 1458 non
1601 1412 1682 1457 est
1727 1403 1966 1458 confusio
2009 1410 2116 1456 tota

539 1501 644 1554 vita
697 1499 944 1553 humana.
989 1495 1252 1565 Quidquid
1293 1505 1455 1564 agunt
1495 1493 1734 1549 homines
1760 1495 1810 1548 in
1839 1510 1932 1565 spe
1959 1509 2113 1560 vana,

539 1589 750 1662 quando
794 1589 1136 1660 cognoverint
1179 1585 1304 1658 quid
1351 1593 1531 1656 agunt,
1575 1585 1911 1641 erubescunt.
1943 1585 2118 1652 Quare

541 1683 821 1740 laborant?
861 1681 944 1737 cui
975 1681 1258 1735 laborant?
1311 1677 1461 1734 Filiis
1489 1679 1621 1734 meis
1642 1721 1656 1746 ,
1689 1679 1876 1748 inquit.
1929 1679 1992 1732 Et
2019 1679 2116 1747 ipsi

539 1779 662 1834 eui?
689 1777 833 1836 Filiis
863 1777 992 1831 suis.
1019 1775 1084 1828 Et
1111 1773 1208 1843 ipsi
1231 1771 1452 1842 quibus?
1473 1770 1618 1825 Filiis
1643 1771 1772 1826 suis.
1797 1769 1962 1824 Nemo
1989 1785 2118 1840 ergo

542 1869 660 1924 sibi.
692 1867 774 1922 Ab
799 1867 900 1922 ista
930 1881 1056 1936 ergo
1084 1864 1393 1920 confusione
1409 1863 1516 1931 jam
1539 1862 1786 1914 conversi
1812 1869 1982 1924 erant,
2002 1859 2119 1929 qui-

541 1957 638 2018 bus
667 1957 794 2012 dicit
821 1957 1106 2026 ApOStolus
1136 1973 1148 2008 :
1177 1955 1341 2022 Quam
1383 1953 1515 2007 enirn
1535 1953 1748 2024 gloriam
1779 1951 2033 2006 habebatis
2066 1953 2116 2005 in

541 2049 638 2116 bis,
668 2050 720 2102 in
743 2049 916 2120 quibus
938 2061 1070 2100 nunc
1101 2045 1382 2100 erubescitis
1405 2045 1575 2116 (Rom.
1611 2059 1680 2110 vr,
1705 2041 1838 2114 2i)?
1865 2042 2118 2098 Confusio

538 2155 666 2213 ergo
697 2149 776 2196 est
812 2139 910 2194 ista
939 2148 1046 2193 tota
1073 2139 1180 2193 vita
1209 2153 1384 2193 rerum
1414 2135 1786 2202 humanarum,
1831 2151 1934 2190 non
1961 2137 2118 2204 perti-

537 2235 670 2287 hens
699 2229 764 2286 ad
793 2231 980 2286 Deum.
1007 2229 1066 2284 In
1097 2229 1194 2284 hac
1221 2227 1554 2292 confusione,
1590 2227 1640 2281 in
1673 2227 1770 2280 ista
1803 2225 2112 2297 Babylonia,

536 2323 738 2392 captiva
785 2331 992 2378 tenetur
1011 2321 1138 2378 Sion
1169 2339 1181 2376 :
1215 2319 1308 2376 sed
1343 2319 1602 2374 convertit
1648 2317 1907 2373 Dominus
1946 2319 2116 2388 capti-

535 2415 750 2472 vitatem
779 2415 928 2472 Sion.

611 2507 663 2562 4.
698 2505 766 2561 Et
803 2507 926 2577 {acti
949 2521 1150 2571 sumus,
1195 2503 1382 2576 inquit,
1434 2505 1560 2558 sicut
1599 2501 1844 2558 consolati
1875 2517 1894 2556 :
1927 2501 1978 2557 id
2005 2509 2106 2570 est,

479 2635 486 2648 .
545 2601 707 2669 gavisi
763 2615 966 2664 sumus,
1018 2607 1266 2668 tanquam
1315 2596 1734 2652 consolationem
1775 2595 2113 2665 accipientes.

541 2687 848 2748 Consolatio
878 2709 982 2747 non
1028 2699 1110 2747 est
1141 2691 1240 2746 nisi
1289 2691 1627 2756 miserorum,
1665 2687 1959 2743 consolatio
2010 2703 2115 2742 non

537 2793 616 2840 est
645 2785 743 2839 nisi
771 2783 1116 2854 gementium,
1143 2781 1454 2853 lugentium,
1482 2780 1656 2846 Quare
1680 2780 1823 2848 quasi
1849 2779 2112 2844 consolati,

537 2877 638 2932 nisi
676 2877 794 2946 quia
831 2875 1004 2930 adhuc
1045 2875 1323 2947 gemimus.
1356 2873 1630 2930 Gemimus
1677 2871 1837 2937 inre,
1870 2873 2114 2927 consola-

537 2981 658 3021 mur
685 2967 738 3022 in
763 2973 857 3035 spe
887 2983 899 3018 :
928 2981 1048 3020 cum
1083 2964 1349 3019 transierit
1375 2977 1462 3018 res
1487 2963 1528 3030 ί,
1556 2961 1624 3017 de
1642 2963 1840 3035 gemitu
1869 2963 2114 3034 gaudium

541 3063 713 3118 veniet
735 3069 1011 3124 :eternum,
1043 3059 1130 3114 ubi
1157 3075 1260 3114 non
1283 3073 1420 3132 opus
1448 3059 1551 3116 erit
1580 3059 1965 3122 consolatione,
1993 3059 2112 3127 quia

537 3155 677 3214 nulla
707 3155 920 3214 miseria
960 3153 1336 3211 sauciabimur.
1367 3153 1542 3221 Quare
1571 3157 1746 3206 autem
1779 3151 1908 3204 velut
1937 3167 2115 3204 conso-

537 3251 628 3304 lati
652 3250 761 3314 ait,
790 3257 844 3304 et
872 3265 976 3302 non
1006 3249 1106 3314 ait,
1138 3243 1436 3302 consolati?
1477 3243 1594 3300 Non
1631 3259 1843 3313 semper
1871 3243 2018 3313 quasi
2048 3242 2114 3296 ad

441 3405 448 3414 ‘
535 3340 934 3396 similitudinem
965 3341 1177 3412 ponitur
1219 3337 1320 3393 hoc
1345 3339 1589 3404 verbum,
1617 3337 1744 3391 sicut
1778 3353 1796 3390 :
1820 3335 1960 3407 quod
1983 3335 2116 3390 dici-

536 3449 674 3498 mus,
718 3433 866 3500 sicut,
911 3432 1193 3502 aliquando
1221 3431 1286 3486 ad
1315 3431 1696 3500 proprietatem
1724 3429 1982 3496 refertur,
2013 3429 2113 3482 ali-

537 3521 744 3592 quando
773 3521 836 3576 ad
877 3523 1310 3588 similitudinem;
1341 3521 1498 3575 modo
1527 3519 1592 3574 ad
1623 3521 1994 3590 preprietatem
2025 3535 2114 3576 re-

537 3605 698 3672 latum
749 3625 848 3671 est.
898 3613 1000 3671 Sed
1041 3615 1282 3685 exempla
1325 3615 1480 3669 nobis
1523 3613 1682 3669 etiam
1736 3613 1802 3668 de
1847 3613 2112 3668 communi

536 3703 799 3767 locutione
821 3711 1090 3766 hominum
1121 3707 1291 3764 danda
1324 3717 1467 3774 sunt,
1504 3719 1560 3764 ut
1590 3707 1738 3764 facile
1765 3709 2102 3778 intelligatur.

537 3793 757 3872 Qtutndo
786 3801 1028 3870 dicimus,
1062 3801 1210 3858 Sicut
1239 3801 1367 3856 vixit
1405 3811 1570 3872 pater,
1609 3802 1678 3854 ita
1729 3809 1782 3855 et
1833 3800 2003 3865 filius;
2045 3801 2110 3855 ad

536 3895 929 3952 similitudinem
957 3895 1056 3952 hoc
1079 3893 1304 3951 dicimus
1337 3913 1349 3949 :
1385 3905 1457 3958 et,
1503 3894 1653 3949 Sicut
1680 3907 1843 3963 pecus
1869 3894 2109 3956 moritur,

537 3985 604 4042 ita
654 3989 813 4044 homo
857 3989 1109 4054 moritur;
1168 3989 1235 4044 ad
1285 3987 1686 4042 similitudinem
1739 3985 1840 4039 hoc
1889 3983 2106 4039 dicitur.

536 4081 756 4152 Quando
792 4083 1234 4148 autemdicimus,
1269 4079 1416 4136 Fecit
1439 4081 1577 4136 sicut
1607 4080 1687 4133 vir
1717 4077 1922 4142 bonus;
1953 4093 2108 4130 num-

537 4171 658 4243 quid
687 4189 792 4228 non
821 4183 905 4229 est
927 4179 1006 4228 vir
1032 4173 1200 4227 bonus
1225 4215 1238 4239 ,
1271 4172 1366 4226 sed
1397 4169 1794 4226 similitudinem
1827 4169 1986 4223 habet
2013 4167 2112 4221 viri

539 4267 867 4321 bontiFecit
889 4277 1134 4337 tanquam
1157 4265 1364 4336 justus;
1395 4266 1495 4318 hoc
1522 4273 1788 4332 tanquam,
1822 4277 1925 4316 non
1958 4269 2114 4331 negat

537 4363 656 4412 cum
675 4355 874 4427 justum
899 4372 1039 4422 esse,
1069 4355 1160 4410 sed
1189 4356 1564 4426 proprietatem
1588 4353 1704 4424 ejus
1731 4353 1982 4408 ostendit.
2012 4351 2113 4407 Fe-

539 4449 654 4503 cisti
693 4451 827 4504 sicut
852 4459 1067 4503 senator
1097 4466 1109 4501 :
1142 4447 1281 4517 Ergo
1313 4463 1416 4500 non
1443 4451 1558 4500 Sum
1587 4455 1819 4510 senator,
1855 4447 1898 4501 si
1928 4443 2068 4499 dicat
2094 4459 2108 4495 :

537 4535 649 4592 lmo
679 4540 797 4608 quia
829 4555 906 4604 es,
939 4540 1072 4593 sicut
1119 4547 1332 4591 senator
1361 4535 1565 4600 fecisti;
1593 4547 1644 4588 et
1675 4537 1795 4604 quia
1829 4536 2004 4606 justus
2030 4549 2105 4600 es,

538 4631 674 4684 sicut
695 4629 870 4700 justus
893 4627 1060 4686 fecisti
1087 4645 1100 4692 ;
1129 4639 1181 4683 et
1200 4629 1318 4698 quia
1347 4629 1518 4682 bonus
1543 4643 1621 4690 es,
1671 4627 1806 4682 sicut
1832 4627 2001 4683 bonus
2031 4625 2111 4682 fe-

537 4721 675 4776 cisti.
709 4719 847 4792 Ergo
877 4719 996 4790 quia
1022 4727 1076 4775 et
1101 4719 1182 4774 isti
1213 4735 1339 4774 vere
1363 4719 1615 4774 consolati
1641 4727 1810 4784 erant,
1840 4721 1966 4772 sicut
1987 4733 2109 4772 con-

537 4809 686 4865 solati
735 4809 1066 4881 gaudebant;
1120 4809 1167 4864 id
1221 4817 1340 4876 est,
1389 4823 1636 4878 magnum
1683 4817 1797 4862 erat
1861 4807 2110 4878 gaudium

537 4903 771 4972 ipsormn
800 4943 815 4970 ,
877 4909 1128 4970 tanquam
1184 4899 1616 4962 consolatorum,
1667 4899 1755 4954 illo
1797 4899 2110 4955 consolante

538 4991 823 5047 morituros
883 4990 974 5062 qui
1051 4999 1290 5045 mortuus
1360 4999 1463 5046 est.
1541 4977 1736 5044 Omnes
1799 4990 1938 5044 enim
1999 5005 2112 5044 mo-

537 5083 722 5136 riendo
747 5084 1009 5153 gemimus
1042 5101 1054 5136 :
1085 5083 1387 5138 consolatus
1415 5089 1496 5137 est
1523 5081 1609 5136 ille
1630 5083 1718 5152 qui
1741 5093 1980 5136 mortuus
2007 5092 2107 5148 est,

539 5189 604 5228 ne
635 5175 768 5229 mori
813 5175 1138 5232 timeremus.
1175 5173 1326 5228 Prior
1371 5173 1678 5239 resurrexit,
1715 5183 1770 5227 ut
1793 5173 2112 5230 haberemus

538 5266 677 5336 quod
717 5281 1074 5335 speraremus.
1097 5266 1229 5332 Quia
1259 5281 1389 5336 ergo
1433 5263 1578 5334 prior
1605 5265 1928 5326 resurrexit,
1963 5279 2110 5336 spem

541 5359 696 5414 nobis
721 5359 870 5414 dedit
899 5361 1058 5428 :quia
1089 5359 1142 5412 in
1168 5359 1382 5414 miseria
1415 5357 1595 5426 positi,
1621 5371 1716 5425 spe
1735 5359 1994 5414 consolati
2023 5375 2109 5413 su-

543 5465 691 5515 mus;
721 5445 843 5504 hinc
867 5450 1116 5520 gaudium
1149 5465 1414 5522 magnum.
1463 5449 1530 5504 Et
1559 5449 1820 5504 convertit
1863 5451 2114 5504 Dominus

545 5539 899 5606 captivitatem
928 5551 1162 5596 nostram
1186 5583 1200 5608 ,
1235 5551 1292 5597 ut
1311 5543 1419 5612 jam
1443 5541 1510 5598 de
1538 5543 1840 5613 captivitate
1864 5543 1996 5596 viam
2035 5553 2115 5600 te-

547 5645 785 5702 neamus,
813 5641 868 5692 et
892 5651 1075 5694 eamus
1102 5633 1164 5694 ad
1189 5641 1430 5710 patriam.
1455 5639 1571 5696 iam
1593 5655 1720 5710 ergo
1744 5637 2028 5710 redempti,
2064 5640 2116 5694 in

613 5791 632 5820 ί
657 5789 727 5840 sic
749 5803 921 5862 omnes
941 5801 1049 5862 μειβ.
1072 5801 1124 5844 At
1139 5793 1270 5846 Βάαλ
1297 5793 1532 5850 Geminius
1551 5795 1604 5848 iu
1623 5807 1726 5860 spe,
1747 5793 2043 5848 cantabitur
2066 5795 2120 5849 in

549 5861 604 5906 ro
626 5866 644 5902 .'
666 5865 776 5914 own
795 5849 1037 5908 "uiderit
1067 5868 1188 5920 spes.

1776 369 1834 425 S.
1867 361 2228 424 AUGUSTINI
2267 365 2568 427 EPISCDPI

3663 385 3802 443 1660

2227 481 2309 536 via
2346 499 2450 540 non
2501 484 2781 543 timeamus
2821 487 3131 546 insidiantes
3169 489 3352 549 hostes
3393 507 3624 556 nostros.
3681 501 3802 560 ldeo

2225 577 2368 631 enim
2393 577 2619 632 redemit
2651 584 2783 649 mis,
2817 592 2872 636 ut
2897 598 3000 637 non
3031 583 3222 641 audeat
3246 585 3416 644 hostis
3442 591 3684 650 insidiari
3709 613 3802 652 no-

2225 665 2327 732 bis,
2379 669 2424 722 si
2461 669 2528 725 de
2559 672 2638 725 \ia
2667 688 2772 727 non
2799 675 3194 732 recesserimus.
3231 678 3348 748 Ipse
3375 683 3516 737 enim
3559 685 3804 746 Christus

2223 755 2394 813 factus
2415 769 2498 815 est
2525 761 2604 816 via
2631 763 2822 834 (Joan.
2857 781 2968 833 xiv,
2999 766 3091 839 6).
3125 767 3215 824 Vis
3245 787 3352 825 non
3387 776 3492 842 pati
3523 775 3766 844 latrones
3783 781 3802 834 Ρ

2223 847 2310 902 Ait
2333 847 2424 904 tibi
2455 869 2466 903 ε
2499 852 2646 907 Viam
2678 855 2768 910 tibi
2797 855 2960 910 stravi
2989 857 3054 912 ad
3081 861 3339 930 patriam;
3371 865 3478 920 noli
3505 853 3574 922 de
3601 869 3684 923 via
3715 887 3798 926 re-

2223 943 2432 999 cedere.
2457 945 2638 1002 Talem
2671 950 2808 1030 viam
2833 951 3052 1020 munivi,
3081 963 3138 1008 ut
3157 953 3296 1012 latro
3319 957 3386 1012 ad
3410 967 3462 1014 te
3477 976 3583 1016 non
3611 963 3802 1020 audeat

2223 1035 2513 1104 accedere;
2545 1047 2596 1092 tu
2628 1035 2694 1095 ab
2725 1042 2812 1096 illa
2839 1043 2942 1096 noli
2962 1046 3233 1110 recedere,
3265 1058 3318 1104 et
3349 1049 3484 1106 latro
3509 1053 3574 1108 ad
3605 1065 3658 1110 te
3689 1071 3796 1112 non

2223 1125 2382 1218 audet
2408 1129 2679 1186 accedere.
2709 1133 2934 1190 Ambula
2952 1151 3078 1206 ergo
3104 1137 3156 1192 in
3179 1139 3394 1198 Christo
3423 1151 3651 1200 et-canta
3677 1165 3800 1218 gau-

2223 1217 2378 1287 dens,
2405 1235 2554 1276 canta
2580 1231 2826 1294 tanquam
2863 1227 3167 1286 consolatus
3191 1248 3206 1298 ;
3239 1233 3360 1302 quia
3383 1235 3470 1289 ille
3497 1244 3549 1290 te
3577 1217 3802 1306 praeces-

2223 1310 2312 1376 sit,
2342 1311 2430 1380 qui
2454 1311 2610 1381 jussit
2641 1323 2694 1368 ut
2723 1319 2984 1387 sequaris.

2295 1407 2346 1460 5.
2378 1405 2526 1478 [uers.
2559 1407 2612 1476 2,
2645 1409 2722 1482 5.]
2744 1411 2886 1466 Tunc
2908 1413 3152 1484 repletum
3170 1427 3242 1472 est
3261 1421 3450 1489 gaudio
3471 1438 3526 1476 os
3551 1435 3802 1492 nostrum,

2224 1509 2270 1552 et
2297 1499 2474 1570 lingua
2497 1513 2668 1556 nostra
2693 1506 3043 1562 exsultatione.
3064 1509 3154 1574 Os,
3175 1509 3368 1568 fratres
3397 1515 3524 1578 mei,
3553 1517 3694 1584 quod
3715 1517 3800 1572 ba-

2223 1591 2410 1647 bcmus
2458 1595 2508 1648 in
2543 1611 2786 1666 corpore,
2819 1601 3086 1669 quomodo
3137 1603 3375 1672 repletur
3413 1607 3644 1676 gaudio?
3689 1609 3804 1664 Non

2225 1683 2357 1738 solet
2399 1683 2640 1756 impleri,
2673 1689 2776 1744 nisi
2807 1697 2898 1746 aut
2925 1691 3044 1747 cibo
3067 1735 3081 1758 ,
3116 1703 3205 1748 aut
3235 1705 3364 1764 potu
3394 1738 3408 1763 ,
3441 1709 3529 1752 aut
3558 1699 3805 1770 aliquare

2226 1775 2312 1828 tali
2349 1777 2508 1832 missa
2554 1779 2604 1832 in
2629 1795 2710 1834 os.
2743 1781 2996 1852 lmpletur
3035 1785 3318 1856 aliquando
3344 1803 3404 1842 os
3434 1802 3676 1847 n05trum
3703 1809 3720 1846 :
3749 1802 3808 1849 et

2226 1867 2340 1936 plus
2379 1879 2460 1924 est
2487 1871 2628 1941 quod
2659 1873 2883 1929 dicimus
2909 1875 3184 1934 Sanctitati
3228 1893 3452 1949 vestrae;
3483 1887 3696 1954 quando
3743 1903 3808 1944 os

2223 1959 2438 2030 plenum
2467 1963 2742 2032 habemus,
2775 1967 2920 2039 loqui
2947 1987 3052 2025 non
3081 1987 3376 2042 possumus.
3413 1977 3687 2035 Habemus
3712 1997 3806 2036 au-

2225 2061 2330 2107 tem
2378 2057 2519 2110 intus
2548 2072 2630 2124 os,
2661 2057 2712 2112 id
2740 2069 2822 2114 est
2849 2060 2901 2114 in
2931 2061 3116 2127 corde,
3147 2065 3286 2120 unde
3332 2067 3586 2138 quidquid
3613 2086 3804 2141 proce-

2223 2143 2320 2212 dit,
2353 2145 2394 2198 si
2422 2147 2618 2202 malum
2641 2159 2742 2215 est,
2767 2150 3008 2222 inquinat
3044 2171 3141 2209 nos
3165 2172 3180 2222 ;
3204 2157 3247 2210 si
3279 2157 3474 2214 bonum
3504 2171 3610 2228 est,
3647 2150 3806 2220 mun-

2223 2233 2310 2288 dat
2337 2250 2456 2291 nos.
2490 2237 2564 2292 De
2591 2237 2704 2310 ipso
2730 2241 2869 2295 enim
2897 2257 2992 2298 ore
3019 2245 3267 2314 audistis,
3295 2247 3421 2304 dum
3455 2249 3806 2324 Evangelium

2223 2325 2507 2396 legeretur.
2559 2327 2886 2387 lnsultabant
2914 2335 3054 2390 enim
3091 2335 3258 2392 Judaei
3287 2339 3512 2395 Domino
3537 2385 3551 2408 ,
3577 2345 3699 2414 quia
3721 2347 3805 2400 di-

2223 2418 2414 2487 scipuli
2444 2420 2559 2490 ejus
2599 2437 2702 2478 non
2735 2425 2856 2478 lotis
2885 2427 3131 2482 omnibus
3174 2431 3584 2488 manducabant.
3609 2437 3694 2492 llli
3725 2438 3808 2492 iu-

2222 2512 2512 2582 sultabant,
2557 2516 2646 2586 qui
2697 2519 3009 2576 munditiam
3062 2522 3189 2578 foris
3235 2525 3520 2594 habebant,
3557 2539 3612 2584 et
3659 2530 3808 2588 intus

2221 2606 2444 2660 maculis
2465 2607 2606 2677 pleni
2637 2623 2786 2666 erant
2810 2630 2824 2678 ;
2859 2615 2932 2668 illi
2961 2616 3306 2684 insultabant,
3340 2635 3562 2690 quorum
3585 2621 3806 2692 justitia

2220 2712 2327 2752 non
2370 2709 2503 2764 erat,
2549 2703 2647 2758 nisi
2676 2704 2726 2758 in
2771 2706 2938 2760 oculis
2969 2707 3263 2765 hominum.
3303 2710 3556 2768 Dominus
3602 2727 3784 2774 autem

2220 2795 2491 2860 qurerebat
2521 2794 2827 2850 munditiam
2851 2807 3086 2852 nostram
3106 2800 3412 2856 interiorem
3439 2820 3454 2870 ;
3477 2821 3594 2874 qua:
3621 2809 3662 2862 si
3685 2807 3806 2866 fue-

2219 2883 2319 2948 rit,
2367 2899 2585 2940 necesse
2625 2897 2706 2942 est
2749 2897 2804 2942 ut
2849 2897 2902 2943 et
2947 2905 3064 2960 quae
3109 2891 3238 2948 foris
3275 2903 3399 2950 sunt
3439 2899 3635 2953 munda
3675 2901 3804 2957 sint.

2221 2973 2486 3042 Mandata,
2521 2977 2707 3046 inquit,
2752 2995 2864 3048 quia
2898 2980 3034 3036 intus
3075 2993 3209 3050 sunt,
3259 2995 3307 3038 et
3357 3002 3472 3054 quae
3513 2993 3638 3058 foris
3687 3003 3808 3048 sunt

2220 3067 2407 3120 munda
2447 3079 2592 3122 erunt
2623 3067 2830 3138 (Matth.
2881 3087 3034 3139 mn,
3063 3071 3132 3127 26
3155 3073 3194 3145 ).
3241 3075 3360 3146 Ipse
3391 3075 3648 3136 Dominus
3673 3081 3808 3140 dicit

2219 3159 2323 3212 alio
2374 3160 2491 3212 loco
2538 3177 2550 3212 :
2611 3159 2791 3214 Verum
2844 3161 2959 3215 date
2995 3163 3354 3236 eleemosynas,
3399 3178 3448 3221 et
3475 3185 3582 3224 ceae
3634 3173 3806 3227 omnia

2219 3250 2408 3302 munda
2443 3261 2558 3304 sunt
2591 3251 2726 3306 vobis
2754 3251 2900 3325 (Luc.
2932 3271 3004 3320 ιιι,
3032 3253 3146 3328 41).
3174 3256 3324 3313 Unde
3363 3269 3538 3314 autem
3563 3266 3806 3331 procedit

2219 3341 2605 3411 eleemosyna?
2635 3343 2707 3398 De
2733 3343 2912 3400 corde.
2941 3345 2998 3400 Si
3022 3349 3164 3402 enim
3187 3364 3398 3404 manum
3421 3353 3681 3424 porrigas,
3707 3371 3806 3414 nee

2219 3434 2272 3488 in
2319 3435 2478 3490 corde
2507 3437 2841 3506 miserearis,
2873 3439 3000 3493 nihil
3043 3439 3248 3509 fecisti;
3276 3441 3320 3497 si
3350 3453 3526 3498 autem
3558 3445 3614 3500 in
3639 3447 3806 3504 corde

2219 3521 2547 3600 miserearis,
2578 3533 2784 3589 etiamsi
2813 3549 2919 3590 non
2954 3535 3150 3592 habeas
3175 3539 3313 3610 quod
3355 3541 3592 3611 porrigas
3617 3557 3802 3608 manu,

2217 3631 2456 3690 acceptat
2501 3623 2640 3678 Deus
2665 3625 3056 3698 eleemosynam
3090 3635 3250 3682 tuam.
3283 3627 3359 3684 llli
3390 3639 3565 3687 autem
3611 3631 3800 3701 iniqui,

2217 3711 2348 3768 foris
2371 3715 2674 3782 qumrebant
2704 3717 3032 3773 munditiam.
3065 3720 3138 3776 De
3176 3721 3368 3776 talibus
3387 3731 3502 3778 erat
3523 3723 3680 3778 etiam
3711 3723 3803 3781 ille

2219 3803 2511 3874 pharisarus
2540 3808 2628 3876 qui
2652 3809 2964 3864 invitaverat
2997 3811 3300 3881 Dominum,
3333 3815 3545 3886 quando
3573 3819 3804 3874 accessit

2217 3895 2409 3950 mulier
2433 3914 2549 3966 qua:
2577 3899 2626 3952 in
2657 3901 2868 3955 civitate
2894 3904 3160 3972 peccatrix
3191 3914 3384 3960 eratet
3409 3907 3608 3962 famosa
3633 3951 3647 3974 ,
3677 3925 3800 3980 qua:

2215 3986 2467 4058 lacrymis
2490 3988 2614 4043 lavit
2647 3991 2808 4060 pedes
2849 3993 3078 4060 Domini,
3105 3995 3253 4050 tersit
3276 3997 3496 4065 capillis,
3523 4000 3674 4055 unxit
3695 4017 3799 4058 un-

2215 4091 2426 4150 guento.
2461 4080 2760 4148 Pharisaeus
2781 4100 2928 4154 ergo,
2959 4089 3046 4157 qui
3079 4089 3392 4144 invitaverat
3419 4091 3722 4164 Dominum,
3743 4104 3802 4152 et

2215 4173 2526 4227 munditiam
2585 4191 2688 4228 non
2747 4175 2970 4232 habebat
3021 4179 3118 4232 nisi
3179 4175 3490 4238 forinsecus
3523 4200 3795 4258 corpore,

2217 4264 2377 4318 corde
2423 4273 2598 4320 autem
2645 4265 2830 4334 plenus
2867 4280 2979 4322 erat
3019 4271 3296 4341 iniquitate
3346 4283 3398 4327 ct
3423 4276 3626 4344 rapina,
3663 4277 3803 4334 dixit

2214 4355 2354 4423 apud
2383 4360 2724 4428 semetipsum
2745 4377 2758 4412 :
2783 4357 2812 4412 Ι
2817 4371 2890 4414 ste
2904 4363 2947 4416 si
2969 4374 3090 4417 esset
3117 4365 3382 4434 prapheta,
3401 4369 3544 4422 sciret
3561 4387 3674 4440 quia
3687 4389 3803 4427 niu-

2217 4447 2310 4502 lier
2343 4447 2420 4502 illi
2459 4451 2663 4504 accessit
2688 4451 2756 4504 ad
2781 4453 2950 4523 pedes.
3007 4453 3156 4510 Unde
3207 4467 3426 4512 noverat
3471 4470 3646 4516 utrum
3688 4463 3800 4519 sci-

2215 4549 2328 4606 ret,
2356 4557 2422 4596 an
2451 4545 2680 4598 nesciret
2697 4545 2720 4597 ?
2736 4543 2841 4600 Sed
2865 4545 2984 4600 ideo
3011 4561 3132 4601 eum
3160 4549 3366 4604 nescire
3385 4551 3669 4609 arbitratus
3693 4565 3800 4624 est,

2216 4634 2340 4704 quia
2379 4648 2484 4688 non
2521 4650 2552 4689 a
2592 4649 2649 4689 se
2677 4651 2792 4690 eam
2837 4637 3048 4706 repulit.
3081 4638 3136 4693 Si
3185 4641 3328 4695 enim
3372 4643 3688 4699 accessisset
3733 4647 3799 4700 ad

2215 4725 2388 4795 ipsum
2419 4725 2734 4795 pharisaeum
2762 4729 2882 4783 talis
2904 4729 3115 4794 mulier,
3149 4731 3235 4787 ille
3257 4734 3344 4803 qui
3373 4735 3684 4792 munditiam
3715 4747 3800 4794 te-

2217 4819 2378 4876 nebat
2406 4820 2558 4890 quasi
2585 4821 2637 4875 in
2677 4837 2855 4886 carne,
2887 4823 3192 4880 exsufflaret
3215 4869 3230 4892 ,
3261 4827 3562 4896 repelleret,
3593 4831 3801 4900 abjicc-

2217 4922 2336 4978 ret;
2372 4927 2436 4967 ne
2465 4914 2730 4968 immunda
2774 4924 3012 4985 tangeret
3041 4917 3296 4974 mundum
3325 4963 3337 4984 ,
3384 4929 3438 4974 et
3463 4925 3802 4978 contamina-

2217 5014 2296 5060 ret
2341 5005 2453 5073 ejus
2501 5005 2830 5059 munditiam.
2871 5007 2998 5074 Quia
3049 5008 3149 5062 hoc
3194 5025 3298 5062 non
3353 5010 3474 5065 fecit
3521 5013 3804 5084 Dominus,

2219 5095 2337 5150 ideo
2365 5097 2508 5150 illum
2534 5097 2756 5152 credidit
2779 5099 3016 5152 nescisse
3039 5100 3206 5168 qualis
3230 5101 3418 5156 mulier
3443 5104 3515 5158 illi
3537 5110 3804 5164 accessis-

2219 5197 2299 5240 set
2325 5185 2388 5240 ad
2423 5187 2619 5255 pedes;
2649 5189 2898 5242 Dominus
2927 5201 3104 5243 autem
3136 5207 3240 5246 non
3269 5193 3437 5248 solum
3465 5195 3605 5250 illam
3640 5214 3806 5255 nove-

2218 5287 2319 5341 rat,
2349 5277 2442 5330 sed
2473 5287 2524 5330 et
2545 5279 2886 5346 cogitationes
2919 5279 3056 5335 illius
3075 5281 3322 5337 audiebat
3349 5303 3363 5340 :
3394 5287 3512 5354 quia
3541 5289 3640 5343 etsi
3669 5305 3806 5346 con-

2221 5377 2390 5424 tactus
2417 5371 2655 5438 corporis
2699 5371 2910 5440 aliquid.
2940 5371 3082 5440 facit,
3125 5391 3157 5428 ο
3206 5377 3474 5433 immunde
3515 5377 3806 5452 pharisa'e,

2220 5475 2345 5513 caro
2384 5461 2588 5514 Domini
2621 5473 2798 5530 posset
2827 5463 2986 5532 pollui
3016 5475 3263 5522 contactu
3293 5469 3550 5534 mulieris,
3579 5487 3646 5526 an
3683 5490 3810 5530 mu-

2223 5551 2322 5604 lier
2345 5549 2585 5606 mundari
2641 5561 2886 5608 contactu
2933 5553 3186 5611 Domini?
3231 5557 3578 5616 Permi—ttebat
3623 5575 3809 5622 autem

2217 5641 2462 5696 medicus
2475 5653 2726 5712 aegrotam
2753 5653 2968 5714 tangere
2989 5645 3428 5704 medicamentum
3453 5667 3468 5716 ;
3491 5661 3548 5708 et
3573 5653 3666 5710 illa
3685 5673 3808 5726 quae

2226 5742 2456 5796 venerat,
2503 5744 2723 5788 noverat
2755 5735 3052 5804 medicum;
3093 5747 3146 5792 et
3194 5755 3314 5810 quae
3353 5742 3559 5800 solebat
3597 5747 3650 5800 in
3707 5765 3808 5806 sua

2231 5827 2576 5884 fornicatione
2603 5827 2828 5886 fortasse
2870 5845 2990 5887 esse
3023 5827 3282 5900 frontosa,
3327 5831 3616 5894 frontatis»:
3663 5839 3808 5902 tu.
