4074 6464
250 418 378 477 1861

249 543 329 589 est
369 527 435 586 ad
465 527 706 584 salutem.
736 520 927 591 Irrupit
959 513 1011 573 in
1040 517 1254 572 domum
1283 527 1388 585 quo
1419 527 1523 567 non
1556 519 1670 565 erat
1694 507 1827 562 invi-

251 633 396 691 tata;
443 619 536 675 sed
581 616 801 672 vulnera
835 607 1083 673 habebat,
1112 617 1164 663 et
1206 601 1328 662 illuc
1350 611 1568 660 venerat
1590 600 1680 656 ubi
1709 615 1823 655 mea

251 720 402 775 dicus
429 705 790 771 recumbebat.
839 701 935 760 ille
975 714 1148 759 autem
1177 701 1266 773 qui
1298 700 1611 755 invitaverat
1653 691 1822 749 medi-

253 824 394 870 cum,
423 817 585 862 sanus
610 801 708 857 sibi
736 793 1043 861 videbatur;
1070 802 1351 867 propterea
1381 803 1486 845 non
1521 787 1825 843 curabatur.

252 897 366 954 iam
394 908 513 965 quae
556 903 849 964 sequuntur
892 892 945 946 in
991 887 1274 957 Evangelia
1315 883 1507 949 nostis,
1559 879 1827 952 quomodo

252 987 506 1044 confusus
532 991 614 1036 est
648 982 758 1051 ipse
787 984 1096 1048 pharisaeus,
1129 993 1250 1033 cum
1278 977 1325 1032 ei
1357 973 1667 1031 ostenderet
1698 971 1820 1042 quia

253 1089 304 1133 et
330 1078 474 1132 illam
503 1071 782 1130 mulierem
807 1083 1045 1138 noverat,
1077 1081 1130 1128 et
1149 1069 1524 1141 cogitationem
1557 1066 1722 1137 ipsius
1743 1079 1831 1118 au-

253 1173 422 1228 dierat
449 1169 597 1240 (Luc.
627 1182 720 1231 vn,
755 1161 921 1219 56-50
942 1161 981 1232 ).

322 1263 375 1318 6.
401 1255 507 1317 Sed
535 1257 599 1313 ad
633 1257 682 1311 id
709 1263 1041 1310 revertamur
1083 1247 1224 1321 quod
1253 1253 1410 1302 modo
1453 1251 1519 1307 de
1544 1249 1832 1321 Evangelia

253 1353 449 1410 lectum
477 1358 554 1404 est
581 1391 593 1414 ,
627 1345 765 1416 quod
796 1342 1024 1414 pertinet
1051 1338 1116 1394 ad
1147 1345 1461 1409 presentem
1490 1349 1699 1392 versum
1741 1338 1830 1393 ubi

253 1444 454 1500 dictum
483 1450 585 1504 est,
615 1437 888 1507 fmpletum
912 1443 983 1489 est
1007 1430 1193 1503 gaudio
1217 1445 1273 1483 os
1312 1436 1558 1489 nostrum,
1592 1433 1638 1478 et
1659 1424 1834 1493 lingua

255 1546 430 1593 nostra
471 1531 840 1590 exsultatione:
867 1527 1152 1600 qtimrimus
1178 1523 1317 1579 enim
1348 1517 1487 1590 quod
1518 1533 1599 1579 os,
1631 1525 1685 1572 et
1714 1531 1833 1587 quae

258 1630 452 1696 lingua.
483 1621 734 1680 Attendat
773 1619 1016 1675 Charitas
1059 1623 1256 1669 vestra.
1284 1611 1594 1665 Insultatum
1619 1617 1700 1662 est
1732 1606 1828 1659 Do-

257 1722 422 1785 mino,
456 1718 576 1788 quia
601 1729 706 1770 non
729 1713 851 1767 lotis
870 1708 1115 1764 manibus
1139 1703 1382 1775 discipuli
1406 1703 1522 1772 ejus
1547 1697 1836 1754 manduca-

257 1817 394 1865 rent.
432 1806 724 1877 Respondit
757 1804 858 1858 illis
885 1800 1141 1855 Dominus
1166 1798 1303 1852 sicut
1325 1792 1623 1862 Oportebat,
1657 1799 1710 1844 et
1738 1804 1836 1841 vo-

256 1899 388 1956 catis
431 1899 596 1954 turbis
640 1897 750 1951 ait:
784 1894 966 1947 Audite
1005 1905 1211 1951 omnes,
1257 1895 1303 1940 et
1347 1883 1624 1954 intelligite.
1677 1880 1838 1935 Omne

256 1993 391 2062 quod
435 1992 592 2045 intrat
634 1989 688 2042 in
713 2001 788 2049 os,
819 2001 918 2039 non
961 1981 1248 2053 coinquinat
1281 1977 1552 2041 hominem,
1592 1973 1681 2028 sed
1705 1971 1839 2044 quod

256 2086 380 2139 e‘a'it.
409 2081 548 2150 Quid
573 2089 656 2136 est
674 2077 774 2132 hoc
791 2077 815 2130 ?
833 2076 966 2130 Cum
988 2073 1140 2137 dixit,
1174 2070 1322 2138 Quod
1341 2069 1497 2122 intrat
1516 2067 1569 2119 in
1590 2080 1666 2130 os,
1699 2080 1831 2118 non-

259 2176 360 2230 nisi
386 2189 448 2228 os
478 2171 717 2241 corporis
740 2167 906 2222 voluit
947 2163 1241 2219 ostendere.
1299 2161 1497 2215 intrant
1523 2155 1662 2212 enim
1693 2156 1795 2209 cibi
1820 2196 1834 2222 ,

259 2275 313 2324 et
335 2279 442 2320 non
471 2264 815 2334 coinquinant
834 2257 1078 2313 homines
1103 2251 1204 2308 cibi
1227 2271 1240 2317 ;
1268 2252 1410 2322 quia,
1438 2249 1624 2305 Omnia
1649 2248 1839 2302 munda

259 2359 501 2422 mundis;
527 2363 600 2423 et,
629 2353 809 2408 Omnis
848 2355 1076 2404 creatura
1109 2345 1205 2399 Dei
1226 2345 1356 2398 bona
1385 2351 1478 2409 est,
1507 2351 1552 2395 et
1589 2341 1720 2394 nihil
1748 2338 1838 2392 ab-

260 2452 529 2529 ficiendunt
549 2446 682 2521 quod
699 2461 814 2500 tum
835 2443 1113 2516 gratiarum
1133 2439 1331 2494 actione
1350 2437 1622 2507 percipitur
1639 2433 1680 2507 (Ι
1702 2433 1836 2487 Tim.

258 2525 333 2609 in,
367 2542 444 2613 ι).
483 2542 540 2597 in
569 2543 730 2610 ligura
760 2535 954 2592 Judaais
983 2533 1152 2604 posita
1176 2535 1331 2585 erant
1353 2526 1617 2598 qumdam,
1646 2534 1702 2581 et
1744 2525 1842 2578 im-

259 2633 464 2690 munda
483 2633 625 2687 dicta
649 2638 772 2685 sunt
803 2626 980 2700 (Leuit.
1003 2624 1102 2691 ιι).
1120 2622 1223 2679 Sed
1236 2627 1419 2692 postea
1441 2625 1597 2689 quam
1620 2617 1709 2671 lux
1729 2616 1842 2686 ipsa

257 2729 430 2796 Venit,
462 2731 681 2781 remoue
707 2730 829 2777 sunt
847 2719 1068 2784 umbrae,
1097 2731 1201 2771 non
1232 2726 1414 2769 sumus
1437 2709 1631 2767 retenti
1659 2710 1709 2764 in
1752 2709 1841 2762 lit-

260 2829 394 2882 tera,
448 2817 541 2874 scd
586 2817 830 2872 vivificati
884 2815 935 2869 in
980 2812 1216 2882 spiritu:
1258 2817 1311 2864 et
1368 2814 1477 2862 non
1511 2814 1593 2864 est
1622 2804 1844 2876 imposi-

260 2921 372 2966 tum
393 2910 575 2980 jugum
599 2905 985 2963 observationis
1003 2901 1338 2965 Christianis,
1367 2898 1508 2969 quod
1534 2893 1842 2966 impositum

263 3010 380 3056 erat
409 2999 648 3063 Judmis;
677 2998 797 3069 quia
829 2997 1084 3050 Dominus
1112 2993 1278 3056 dixit,
1311 2989 1504 3061 Jugum
1526 2988 1658 3043 enim
1681 3001 1845 3040 meum

261 3103 414 3150 tuane
441 3103 531 3159 est,
556 3101 604 3148 et
629 3091 832 3146 sarcina
858 3099 968 3143 mea
994 3087 1114 3141 leuis
1139 3095 1210 3140 est
1236 3086 1253 3154 (
1277 3083 1462 3138 Matth.
1492 3097 1566 3144 ιι,
1597 3079 1689 3150 50)
1727 3097 1739 3132 :
1768 3087 1841 3144 et,

261 3181 472 3248 Omnia,
506 3185 576 3237 ait
605 3181 890 3251 Apostolus
915 3222 929 3244 ,
959 3177 1150 3232 munda
1176 3175 1377 3228 mundis
1405 3189 1424 3227 :
1453 3170 1729 3226 immundis
1751 3186 1845 3222 au-

263 3286 360 3330 tem
399 3285 446 3329 et
478 3273 764 3342 inﬁdelibus
783 3313 798 3339 ,
831 3271 958 3325 nihil
986 3280 1055 3324 est
1081 3265 1322 3321 mundum
1346 3279 1366 3329 ;
1389 3263 1476 3319 sed
1515 3262 1707 3332 polluta
1730 3269 1847 3315 sunt

262 3384 435 3422 eorum
461 3371 504 3423 et
535 3375 756 3421 mensoet
784 3363 1088 3418 conscientia
1109 3359 1251 3432 (Tit.
1277 3375 1313 3426 ι,
1346 3358 1410 3413 l5
1433 3356 1471 3429 ).
1519 3353 1655 3425 Quid
1683 3355 1849 3410 voluit

264 3460 530 3530 intelligi?
577 3457 768 3513 Mundo
816 3453 1015 3510 homini
1045 3463 1100 3509 et
1140 3453 1290 3522 panis
1323 3457 1376 3505 et
1404 3448 1620 3520 porcina
1648 3445 1846 3501 munda

264 3559 365 3614 est,
383 3549 659 3604 Mundo
675 3553 771 3602 nec
790 3546 962 3617 panis,
981 3555 1080 3599 nec
1100 3543 1335 3614 porcina.
1355 3539 1640 3594 lmmundis
1657 3547 1844 3603 autem,

264 3644 455 3713 inquit,
479 3653 522 3697 et
548 3642 834 3710 inﬁdelibus
852 3639 979 3693 nihil
1003 3645 1076 3692 est
1102 3635 1373 3691 mundum.
1404 3633 1581 3700 Quare
1608 3630 1735 3685 nihil
1767 3639 1848 3684 est

266 3735 567 3792 mundum?
602 3729 708 3792 Sed
733 3734 928 3805 polluta
955 3739 1093 3796 sunt,
1127 3728 1296 3800 inquit
1317 3771 1329 3792 ,
1359 3743 1532 3781 eorum
1570 3735 1615 3780 et
1638 3741 1777 3779 ntens
1799 3732 1847 3778 et

263 3828 566 3881 conscientia
611 3841 631 3880 :
677 3825 800 3896 quia
841 3825 886 3880 si
930 3822 1152 3878 interius
1200 3819 1340 3890 quod
1369 3825 1471 3883 est,
1520 3816 1848 3872 immundum

265 3926 385 3984 est;
415 3919 542 3972 toﬁs
567 3917 705 3987 quod
727 3923 828 3981 est,
849 3914 979 3969 nihil
1003 3912 1258 3968 mundum
1277 3925 1399 3966 esse
1423 3919 1613 3980 potest.
1645 3908 1701 3964 Si
1723 3922 1850 3978 ergo

267 4009 374 4065 illis
395 4012 591 4081 quibus
614 4009 866 4063 interiora
893 4006 1163 4061 immunda
1195 4014 1336 4069 sunt,
1361 4002 1624 4058 exteriora
1651 3999 1846 4054 munda

264 4109 388 4157 esse
408 4114 516 4153 non
539 4107 792 4168 possunt;
823 4099 866 4151 si
887 4095 1117 4152 volueris
1140 4105 1196 4148 ut
1217 4094 1480 4149 exteriora
1502 4089 1694 4145 munda
1719 4089 1846 4158 sint,

267 4193 521 4248 interimo
564 4190 840 4245 mandato.
876 4189 949 4244 lbi
977 4196 1060 4244 est
1103 4189 1242 4242 enim
1270 4200 1331 4240 os
1359 4184 1499 4255 quod
1550 4182 1851 4253 implebitur

266 4285 360 4339 tibi
398 4279 613 4353 gaudio,
660 4289 714 4336 et
754 4280 966 4352 quando
1003 4288 1144 4334 taces
1175 4295 1188 4332 :
1221 4277 1430 4348 quando
1455 4277 1596 4330 enim
1629 4285 1771 4329 taces
1798 4281 1852 4328 et

265 4378 484 4447 gaudes,
527 4390 587 4429 os
632 4383 774 4429 tuum
826 4375 1017 4429 clamat
1059 4371 1126 4426 ad
1173 4370 1358 4426 Deum.
1410 4368 1514 4424 Sed
1563 4367 1680 4422 vide
1710 4365 1851 4421 unde

265 4470 522 4540 gaudeas.
548 4469 604 4524 Si
630 4468 701 4524 de
721 4468 916 4523 saeculo
939 4465 1156 4536 gaudes,
1185 4463 1458 4519 immundo
1486 4461 1677 4533 gaudio
1704 4461 1851 4515 voci-

267 4561 455 4618 feraris
503 4562 568 4614 ad
621 4561 783 4616 Deum
819 4579 832 4614 :
863 4561 905 4615 si
950 4569 1078 4615 vero
1104 4559 1170 4614 de
1217 4557 1589 4626 redemptione
1629 4554 1848 4626 gaudes,

267 4656 537 4727 quomodo
557 4655 685 4710 dixit
717 4655 954 4725 psalmus
981 4655 1100 4719 iste,
1130 4651 1257 4707 Cum
1281 4659 1586 4705 converteret
1602 4647 1854 4702 Dominus

269 4747 604 4816 captivitatem
630 4745 774 4810 Sion,
808 4745 930 4817 facti
950 4758 1124 4798 sumus
1160 4742 1431 4813 jucundati
1457 4759 1476 4806 ;
1507 4749 1633 4795 tunc
1661 4737 1852 4807 imple-

270 4847 354 4893 tur
379 4853 514 4892 vero
536 4837 728 4907 gaudio
757 4853 818 4891 os
847 4835 1011 4898 tuum,
1042 4843 1096 4889 et
1128 4834 1300 4902 lingua
1330 4841 1415 4886 tua
1445 4829 1804 4885 exsultatione
1834 4847 1848 4883 :

269 4931 608 4986 manifestum
637 4937 720 4984 est
763 4929 884 4997 quia
918 4928 968 4980 in
998 4941 1090 4995 spe
1115 4922 1336 4993 gaudes,
1368 4930 1422 4975 et
1470 4931 1744 4990 acceptum
1775 4929 1856 4973 est

269 5024 522 5094 gaudium
575 5031 722 5077 tuum
761 5020 896 5090 apud
951 5019 1135 5073 Deum.
1185 5015 1242 5070 In
1289 5015 1404 5084 ipso
1427 5013 1640 5082 gaudio,
1669 5013 1752 5066 vel
1802 5012 1856 5066 in

272 5117 388 5186 ipso
414 5131 510 5170 ore
536 5113 676 5185 quod
723 5113 980 5168 habemus
1005 5113 1146 5164 intus
1165 5151 1179 5175 ,
1212 5116 1267 5163 et
1293 5105 1672 5162 manducamus
1701 5111 1754 5157 et
1781 5103 1857 5156 bi-

272 5205 450 5263 bimus
483 5225 494 5260 :
529 5205 665 5263 sicut
698 5207 764 5263 de
789 5206 892 5261 isto
912 5220 1006 5259 ore
1032 5203 1096 5258 ad
1122 5201 1466 5257 refectionem
1495 5197 1758 5266 corporis,
1783 5199 1859 5251 sic

273 5311 322 5356 et
354 5302 426 5356 de
450 5302 542 5357 illo
565 5317 658 5356 ore
689 5301 754 5354 ad
782 5299 1126 5354 refectionem
1155 5295 1352 5351 cordis.
1386 5293 1515 5347 Nam
1546 5291 1687 5355 inde,
1718 5290 1860 5344 Beati

273 5397 356 5462 qui
406 5397 632 5448 esuriant
662 5404 708 5448 et
734 5394 910 5448 sitiunt
928 5390 1182 5460 justitiam
1201 5429 1213 5451 ,
1264 5387 1500 5457 quoniam
1532 5386 1626 5454 ipsi
1657 5393 1859 5438 satura-

274 5492 460 5540 Dttntur
489 5485 699 5558 (Matth.
731 5500 787 5552 γ,
814 5482 904 5555 6).

346 5580 398 5634 7.
431 5579 486 5635 Si
514 5587 690 5634 autem
721 5592 823 5632 non
854 5577 980 5630 facit
1001 5573 1330 5628 immundum
1362 5572 1460 5626 nisi
1487 5570 1628 5642 quod
1652 5569 1760 5624 exit
1789 5568 1859 5623 de

277 5685 394 5734 ore,
422 5677 477 5724 et
501 5667 605 5724 boc
629 5683 749 5723 cum
779 5666 1026 5720 audimus
1052 5665 1104 5718 in
1129 5663 1436 5731 Evangelia,
1468 5675 1573 5716 non
1606 5657 1858 5728 intelligi-

277 5781 396 5820 mus
429 5763 530 5820 nisi
551 5779 612 5818 os
635 5762 912 5833 corporis;
939 5759 1229 5815 absurdum
1255 5768 1334 5813 est
1357 5769 1410 5812 et
1429 5757 1589 5812 nimis
1610 5757 1853 5820 stultum,

277 5865 335 5913 ut
360 5865 492 5912 tune
519 5863 764 5930 putemus
790 5868 898 5912 non
921 5851 1038 5909 ﬁeri
1062 5849 1390 5908 immundum
1421 5847 1712 5915 hominem,
1740 5859 1864 5902 cum

1279 437 1284 442 η
1336 387 1729 454 ENARRATlO
1771 391 1832 448 ΙΝ
1872 387 2189 449 PSALMUM
2227 387 2434 451 CXXV.

3375 379 3512 442 ΜΩ

1942 508 2221 562 manducat
2243 550 2258 574 ,
2289 518 2411 562 tunc
2455 515 2630 563 autem
2678 516 2920 579 putemus
2949 507 3277 564 immundum
3297 546 3314 575 ,
3345 507 3390 563 si
3420 521 3514 563 vo-

1935 608 2060 651 mat.
2111 599 2195 653 Ait
2224 599 2363 653 enim
2395 599 2646 656 Dominus
2689 618 2700 653 :
2732 599 2853 655 Non
2880 600 3015 671 quod
3038 600 3192 654 intrat
3221 600 3276 655 in
3302 609 3378 668 os,
3423 598 3513 655 sed

1933 690 2068 759 quod
2109 691 2228 758 exit,
2271 692 2576 759 coinquinat.
2620 691 2846 760 Quando
2884 707 3009 764 ergo
3052 692 3359 758 manducas,
3405 707 3514 748 non

1935 779 1998 834 iis
2025 781 2358 847 immundus;
2388 793 2442 838 et
2465 783 2676 854 quando
2702 785 2890 852 vomis,
2923 783 3150 840 efﬁceris
3172 783 3514 840 immundus?

1933 872 2155 941 Quando
2201 875 2338 930 bibis
2360 917 2373 940 ,
2408 889 2514 929 non
2563 889 2620 930 es
2651 875 2991 941 immundus;
3021 881 3075 930 et
3101 876 3315 947 quando
3340 874 3509 946 spuis,

1935 965 2237 1022 immundus
2263 982 2321 1023 es
2339 968 2364 1020 ?
2391 965 2613 1037 Quando
2654 967 2800 1038 spuis
2847 969 2986 1023 enim
3014 1010 3028 1035 ,
3061 966 3128 1022 de
3151 981 3245 1023 ore
3289 977 3380 1022 tuo
3407 965 3516 1022 exit

1935 1057 2130 1127 aliquid
2155 1074 2169 1122 ;
2201 1057 2410 1128 quando
2437 1057 2594 1124 bibis,
2638 1058 2692 1113 in
2722 1073 2782 1114 os
2811 1060 2971 1114 intrat
3010 1058 3228 1130 aliquid.
3257 1058 3394 1127 Quid
3419 1072 3515 1111 vo-

1935 1147 2031 1201 luit
2053 1147 2228 1202 dicere
2273 1147 2547 1215 Dominus,
2579 1148 2699 1203 Non
2729 1151 2863 1222 quod
2901 1151 3058 1204 intrat
3083 1150 3135 1202 in
3167 1166 3241 1215 os,
3275 1150 3361 1204 sed
3385 1147 3518 1218 quod

1936 1239 2058 1306 exit,
2106 1240 2384 1312 inquinat?
2412 1240 2636 1296 Secutus
2673 1243 2860 1298 eodem
2887 1243 3008 1297 loco
3037 1242 3330 1296 secundum
3355 1241 3516 1296 alium

1935 1331 2312 1400 evangelistam
2343 1331 2475 1385 dixit
2506 1347 2624 1402 qua:
2662 1341 2790 1387 sunt
2813 1347 2932 1403 qua!
2966 1333 3264 1402 procedunt
3292 1331 3360 1387 de
3382 1344 3512 1395 ore;

1936 1431 1993 1477 ut
2014 1423 2276 1494 intelligas
2304 1437 2407 1477 non
2437 1423 2502 1478 de
2522 1439 2616 1478 ore
2641 1426 2880 1495 corporis
2907 1439 3029 1480 eum
3076 1425 3297 1491 dixisse,
3332 1423 3426 1478 sed
3451 1422 3521 1476 de

1937 1524 2030 1564 ore
2055 1516 2250 1570 cordis.
2277 1515 2362 1570 Ait
2387 1518 2526 1570 enim
2559 1535 2573 1571 :
2602 1513 2679 1570 De
2713 1517 2864 1570 corde
2888 1519 3020 1571 enim
3045 1527 3226 1572 exeunt
3250 1513 3519 1586 cogitatio-

1936 1617 2024 1655 nes
2053 1603 2220 1669 malle,
2255 1605 2640 1675 fornicationes,
2665 1609 2959 1672 homicidia,
3011 1605 3364 1676 blasphemia;
3411 1605 3519 1657 haec

1935 1703 2053 1747 sunt
2118 1709 2230 1764 qua:
2280 1695 2604 1765 coinquinant
2667 1695 2920 1748 hominem
2973 1710 2992 1750 :
3050 1711 3150 1749 non
3197 1697 3311 1751 lotis
3359 1706 3522 1750 autem

1938 1786 2166 1839 manibus
2193 1787 2519 1853 manducare,
2549 1803 2652 1841 non
2695 1788 2988 1857 coinquinat
3024 1788 3277 1842 hominem
3305 1788 3522 1858 (Matth.

1940 1891 2032 1944 xv,
2065 1878 2232 1944 1-20;
2260 1888 2308 1933 et
2340 1878 2501 1932 Marc.
2533 1895 2625 1942 vn,
2654 1879 2786 1934 5-25
2807 1879 2846 1951 ).
2881 1877 2972 1935 illa
2997 1893 3144 1950 ergo,
3178 1878 3371 1934 fratres
3393 1879 3523 1946 mei,

1937 1969 2206 2038 quomodo
2247 1979 2444 2025 exeunt
2487 1969 2552 2023 de
2594 1985 2689 2024 ore
2713 2011 2727 2034 ,
2757 1970 2858 2024 nisi
2892 1970 3014 2040 quia
3056 1979 3237 2024 exeunt
3262 1970 3325 2023 de
3349 1970 3526 2035 corde,

1938 2061 2074 2115 sicut
2107 2060 2220 2130 ipse
2245 2061 2498 2116 Dominus
2513 2061 2677 2115 dicit?
2697 2061 2812 2116 Non
2839 2062 2980 2116 enim
3007 2061 3222 2132 quando
3241 2061 3328 2115 illa
3354 2061 3528 2131 loqui-

1940 2167 2078 2218 mur,
2107 2159 2233 2206 tunc
2261 2167 2358 2206 nos
2399 2153 2682 2206 maculant.
2723 2151 2801 2206 Ne
2828 2153 2945 2222 quis
2976 2151 3117 2207 dicat
3142 2169 3154 2205 :
3183 2151 3406 2219 Quando
3451 2150 3529 2204 lo-

1941 2243 2177 2312 quimur,
2231 2241 2299 2297 de
2325 2257 2420 2297 ore
2465 2251 2648 2296 nostro
2693 2251 2910 2309 exeunt,
2939 2243 3062 2312 quia
3086 2242 3244 2297 verba
3273 2250 3326 2296 et
3372 2254 3530 2296 voces

1941 2334 2008 2390 de
2039 2347 2130 2389 ore
2159 2342 2342 2389 nostro
2359 2343 2591 2399 exeunt;
2623 2341 2676 2390 et
2700 2335 2914 2404 quando
2939 2334 3076 2388 mala
3112 2333 3399 2403 loquimur,
3427 2332 3528 2385 im-

1943 2424 2126 2479 mundi
2173 2423 2454 2479 eliicimur.
2510 2422 2647 2492 Quid
2701 2426 2748 2478 si
2787 2425 2978 2494 aliquis
3031 2439 3136 2478 non
3179 2424 3446 2494 loquatur,
3477 2429 3528 2478 et

1942 2526 2144 2573 tantum
2165 2519 2362 2588 cogitet
2389 2518 2546 2583 mala,
2589 2518 2820 2573 mundus
2846 2526 2930 2572 est
2958 2557 2972 2584 ,
3007 2517 3128 2587 quia
3153 2516 3219 2571 de
3243 2529 3338 2571 ore
3367 2515 3531 2584 ipsius

1942 2611 2181 2680 corporis
2207 2609 2336 2664 nihil
2360 2609 2658 2682 processit?
2678 2610 2782 2666 Sed
2813 2609 2881 2665 de
2907 2621 3002 2664 ore
3050 2609 3226 2664 cordis
3253 2609 3363 2678 jam
3393 2607 3530 2662 Deus

1943 2702 2158 2756 audivit.
2187 2703 2341 2766 Ecce,
2364 2702 2556 2756 fratres
2573 2703 2710 2769 mei,
2737 2702 3127 2772 attenditequae
3143 2701 3280 2756 dico.
3305 2699 3531 2754 Nomine

1945 2793 2140 2849 furtum
2172 2811 2184 2848 :
2214 2794 2375 2850 modo
2423 2796 2689 2849 nominavi
2718 2796 2949 2860 furtum;
2993 2795 3246 2864 numquid
3275 2794 3400 2864 quia
3429 2803 3530 2848 no-

1945 2887 2141 2941 minavi
2185 2887 2414 2950 furtum,
2467 2887 2850 2942 contaminavit
2900 2903 2984 2941 me
3034 2887 3270 2940 furtum?
3297 2884 3532 2942 Eccodu

1945 2989 2039 3033 ore
2064 2987 2186 3034 meo
2211 2978 2359 3042 exiit,
2384 2987 2437 3032 et
2460 2993 2567 3032 non
2593 2993 2679 3032 me
2699 2977 2825 3033 fecit
2845 2974 3197 3031 immundum.
3223 2975 3333 3030 Fur
3355 2983 3531 3032 autem

1946 3070 2112 3138 surgit
2155 3069 2209 3123 in
2238 3076 2415 3134 nocte,
2449 3077 2500 3123 et
2529 3067 2662 3121 nihil
2692 3068 2822 3122 dicit
2849 3082 2944 3122 ore
2963 3107 2979 3132 ,
3006 3075 3061 3121 et
3085 3064 3328 3120 faciendo
3357 3064 3416 3119 lit
3439 3065 3532 3120 im-

1946 3155 2195 3216 mundus.
2221 3160 2333 3215 Non
2361 3160 2532 3213 solum
2565 3174 2669 3213 non
2693 3159 2842 3223 dicit,
2887 3157 2986 3212 sed
3013 3165 3067 3212 et
3095 3157 3294 3226 premit
3329 3154 3532 3210 facinus

1948 3260 2060 3306 toto
2087 3251 2327 3316 silemio;
2350 3260 2402 3305 et
2423 3263 2590 3319 usque
2619 3249 2752 3304 adeo
2775 3263 2960 3302 vocem
2979 3259 3130 3301 suam
3159 3247 3308 3301 timet
3332 3245 3532 3313 audiri,

1948 3351 2005 3396 ut
2028 3357 2126 3397 nec
2156 3340 2382 3410 vestigia
2410 3354 2504 3394 sua
2529 3339 2658 3394 velit
2687 3352 2881 3392 sonare
2911 3356 2925 3392 :
2957 3335 3216 3407 numquid
3256 3350 3386 3405 ergo
3412 3335 3533 3405 quin

1950 3432 2018 3486 ita
2042 3432 2185 3497 silet,
2219 3430 2450 3484 mundus
2487 3429 2612 3484 est?
2638 3429 2763 3482 Plus
2787 3437 2966 3484 autem
2992 3428 3137 3492 dico,
3177 3427 3368 3484 fratres
3404 3427 3532 3482 mei.

1951 3525 2088 3579 Ecce
2112 3523 2288 3577 adhuc
2330 3523 2382 3576 in
2422 3530 2593 3576 stratu
2623 3535 2721 3575 suo
2747 3520 2912 3590 jacet,
2961 3520 3195 3574 nondum
3224 3519 3453 3575 surrexit
3480 3526 3535 3574 ut

1948 3617 2145 3672 furtum
2187 3614 2381 3678 faciat;
2415 3613 2628 3683 vigilat,
2657 3620 2713 3667 et
2738 3621 3018 3682 exspectat
3056 3619 3115 3666 ut
3141 3610 3387 3667 homines
3408 3610 3532 3666 dero

1951 3709 2117 3761 miant
2148 3724 2161 3759 :
2185 3705 2294 3775 jam
2322 3705 2430 3758 Deo
2460 3704 2673 3769 clamat,
2702 3703 2812 3772 jam
2843 3703 2926 3757 iur
2953 3710 3055 3765 est,
3096 3701 3207 3770 jam
3232 3699 3538 3755 immundus

1949 3809 2050 3860 est,
2080 3799 2188 3867 jam
2220 3796 2422 3851 facinus
2450 3796 2518 3850 de
2545 3811 2639 3850 ore
2691 3795 2947 3850 interiore
2989 3794 3267 3864 processit.
3315 3792 3539 3860 Quando

1948 3891 2091 3945 enim
2143 3887 2347 3942 facinus
2372 3903 2436 3941 ex
2467 3902 2564 3942 ore
2615 3884 2896 3956 procedit?
2935 3884 3160 3950 Quando
3184 3884 3427 3937 voluntas
3457 3881 3537 3936 fa-

1949 3979 2120 4038 ciendi
2139 3978 2457 4034 decernitur.
2480 3978 2767 4032 Decrevisti
2787 3975 2960 4032 facere
2985 3994 2998 4040 ;
3027 3976 3226 4041 dixisti,
3261 3974 3452 4030 fecisti.
3480 3974 3537 4030 Si

1951 4074 2148 4127 furtum
2170 4087 2274 4126 non
2302 4070 2490 4124 feceris
2514 4068 2674 4129 foris;
2709 4067 2926 4122 forsitan
2953 4067 3041 4122 ille
3066 4081 3171 4120 non
3200 4067 3394 4122 meruit
3421 4079 3540 4134 per-

1951 4164 2099 4230 dere,
2130 4163 2217 4218 cui
2253 4161 2571 4230 disponebas
2620 4160 2828 4215 auferre
2858 4177 2871 4213 :
2901 4167 2956 4212 et
2996 4157 3090 4212 ille
3120 4157 3251 4212 nihil
3289 4155 3536 4226 perdidit,

1950 4266 2006 4313 et
2043 4265 2096 4311 tu
2141 4255 2209 4309 de
2257 4254 2397 4308 furto
2430 4251 2790 4307 damnaberis.
2823 4251 3112 4305 Decrevisti
3152 4248 3398 4304 occidere
3436 4249 3535 4303 ho-

1953 4349 2152 4403 minem
2175 4345 2372 4410 ;dixisti
2402 4345 2454 4398 in
2479 4343 2658 4406 corde,
2703 4343 2882 4398 sonuit
2928 4341 2996 4396 de
3037 4357 3131 4396 ore
3162 4351 3252 4395 tuo
3291 4341 3542 4396 interiore

1953 4439 2304 4496 homicidium
2329 4456 2341 4490 :
2367 4437 2544 4493 adhuc
2569 4436 2696 4491 vivit
2731 4436 2892 4491 homo
2915 4477 2931 4503 ,
2960 4444 3014 4491 et
3062 4443 3116 4490 tu
3144 4434 3406 4490 homicida
3449 4450 3543 4504 pu-

1952 4534 2102 4587 nit-is.
2133 4531 2268 4599 Quid
2294 4531 2368 4584 sis
2399 4530 2540 4583 enim
2565 4527 2707 4597 apud
2747 4528 2913 4583 Deum
2935 4567 2950 4592 ,
2974 4527 3251 4597 quaeritur,
3281 4541 3389 4580 non
3416 4523 3542 4595 quid

1954 4637 2059 4677 non
2087 4623 2211 4676 dum
2237 4620 2546 4691 apparueris
2564 4617 2701 4689 apud
2715 4617 2978 4674 homines.

2026 4715 2077 4771 8.
2119 4713 2277 4768 Certe
2302 4727 2432 4782 ergo
2459 4712 2726 4777 novimus,
2768 4719 2824 4766 et
2861 4724 3022 4764 nosse
3065 4708 3343 4772 debemus,
3379 4715 3435 4764 et
3461 4715 3540 4763 te-

1959 4822 2087 4862 nere
2113 4807 2234 4876 quia
2263 4813 2345 4859 est
2372 4818 2433 4858 os
2453 4801 2654 4869 cordis,
2672 4812 2756 4856 est
2782 4810 2837 4857 et
2859 4801 3032 4870 lingua
3055 4799 3249 4854 cordis.
3279 4797 3454 4867 Ipsum
3481 4811 3544 4850 os

1958 4900 2209 4969 impletur
2253 4896 2446 4968 gaudio
2473 4913 2485 4946 :
2512 4895 2564 4948 in
2612 4895 2729 4963 ipso
2773 4908 2868 4948 ore
2908 4893 3050 4946 intus
3095 4904 3309 4944 oramus
3351 4888 3541 4954 Deum,

1958 4990 2171 5062 quando
2203 4988 2342 5043 labia
2365 4989 2543 5043 clausa
2572 4995 2716 5051 sunt,
2741 4993 2796 5040 et
2815 4992 2959 5055 patet
2989 4981 3338 5037 conscientia.
3371 4979 3546 5035 Silen-

1961 5084 2090 5138 tium
2117 5089 2218 5147 est,
2255 5089 2312 5134 et
2345 5079 2539 5134 clamat
2573 5085 2799 5148 pectus:
2831 5073 2925 5130 sed
2964 5071 3180 5128 auribus
3208 5069 3388 5140 cujus?
3429 5068 3545 5124 Non

1963 5174 2213 5236 hominis,
2245 5171 2339 5227 sed
2375 5172 2486 5226 Dei.
2535 5169 2768 5226 Securus
2796 5182 2924 5237 ergo
2963 5175 3112 5230 esto;
3155 5163 3247 5217 ille
3275 5161 3424 5216 audit
3456 5159 3546 5230 qui

1962 5268 2267 5321 miseretur.
2313 5263 2381 5318 Et
2419 5277 2604 5318 rursus
2637 5259 2851 5330 quando
2891 5273 3049 5313 nemo
3094 5255 3370 5310 hominum
3400 5252 3548 5308 audit

1963 5359 2122 5423 mala,
2168 5357 2210 5410 si
2242 5355 2534 5425 procedunt
2574 5353 2642 5407 de
2676 5365 2771 5406 ore
2811 5357 2902 5404 tuo
2920 5349 2960 5415 ⁸,
2990 5348 3097 5402 noli
3139 5358 3260 5402 esse
3300 5357 3544 5412 securus,

1964 5451 2086 5522 quia
2113 5449 2200 5503 ille
2229 5448 2374 5502 audit
2399 5447 2488 5516 qui
2517 5445 2759 5500 damnat.
2789 5441 3032 5496 Susanna
3064 5455 3170 5493 non
3197 5435 3547 5492 audiebatur'

1965 5545 2035 5597 ab
2065 5543 2276 5611 injustis
2306 5539 2594 5609 judicibus,
2625 5536 2836 5591 tacebat
2872 5542 2928 5589 et
2955 5533 3160 5587 orabat.
3188 5529 3261 5586 Os
3299 5529 3415 5598 ejus
3441 5541 3547 5581 non

1968 5635 2285 5690 audiebatur
2347 5629 2413 5685 ab
2463 5628 2799 5694 hominibus,
2855 5639 2950 5680 cor
2999 5625 3118 5695 ejus
3155 5620 3422 5678 clamabat
3482 5616 3549 5673 ad

2032 5750 2048 5778 ι
2073 5752 2268 5808 septem
2291 5750 2416 5800 MSS»,
2434 5739 2496 5790 de
2515 5739 2779 5808 cardetua.

1967 5795 2416 5940 εεῖί3ᾹΞ³¹¹ἓίωῖἓ¹ἔξὲ
3007 5804 3063 5850 ⁸⁸
3078 5795 3249 5862 pm“
3262 5795 3450 5856 ⁶¹¹⁶⁴¹¹³⁶
3469 5800 3552 5840 ’³⁸⁸

2168 5904 2183 5931 ,
2723 5897 2738 5914 .

2168 5904 2183 5931 ,
2203 5897 2416 5918 οωσαησυ
2438 5897 2708 5917 MV“
2723 5897 2738 5914 ο
