4074 6472
529 369 672 430 1663

533 492 700 547 Deum
726 485 888 560 (Dan.
914 492 1028 551 xtn,
1051 482 1143 549 35,
1170 479 1311 551 etc.).
1333 475 1599 549 Numquid
1621 475 1743 547 quia
1771 486 1876 530 vox
1907 474 2022 543 ejus
2047 471 2114 527 de

533 600 627 640 ore
662 580 902 651 corporis
951 592 1053 632 non
1082 572 1363 645 processit,
1411 578 1692 641 propterea
1731 566 1969 623 exaudiri
2007 575 2114 618 non

534 675 768 732 meruit?
810 668 1066 726 Exaudita
1095 675 1177 722 est
1205 665 1328 729 illa;
1358 661 1569 734 quando
1606 662 1798 725 oravit,
1833 671 1988 713 nemo
2018 655 2116 709 ho-

536 770 737 826 minum
778 764 951 820 scivit.
1000 762 1158 828 Ergo,
1192 758 1402 822 fratres,
1451 753 1575 825 quid
1609 752 1897 806 habeamus
1942 750 1994 803 in
2025 762 2120 802 ore

539 860 815 922 interiore,
848 854 1092 923 cogitate.
1123 849 1196 904 lbi
1230 847 1405 902 videte
1434 861 1503 901 ne
1528 843 1652 914 quid
1680 842 1803 896 mali
1832 839 2019 895 dicatis
2049 839 2121 892 in~

536 960 642 1009 tus,
668 959 722 1004 et
758 947 888 1001 nihil
920 944 1042 999 mali
1074 942 1247 997 facitis
1288 940 1416 995 foris
1447 957 1461 993 ε
1496 952 1599 991 non
1627 943 1802 1005 potest
1830 932 1973 986 enim
2006 930 2121 984 ﬁeri

537 1046 603 1098 ab
634 1041 850 1096 homine
877 1037 1028 1104 foris,
1080 1036 1180 1089 nisi
1213 1033 1352 1104 quod
1400 1032 1595 1087 dictum
1629 1028 1785 1082 fuerit
1825 1027 1985 1080 intus.
2015 1024 2122 1078 Cu-

536 1134 676 1190 stodi
718 1149 781 1187 os
824 1130 1003 1188 cordis
1043 1145 1073 1183 a
1104 1128 1269 1193 malo,
1303 1134 1358 1181 et
1387 1126 1643 1179 innocens
1683 1122 1794 1176 eris
1826 1137 1837 1171 :
1872 1120 2125 1172 innocens

536 1229 637 1284 erit
685 1228 858 1295 lingua
907 1222 1148 1291 corporis
1194 1220 1287 1282 tui,
1343 1219 1652 1271 innocentes
1696 1225 1884 1267 manus
1931 1216 2121 1274 erunt;

537 1322 697 1378 etiam
722 1319 883 1388 pedes
914 1318 1220 1371 innocentes
1242 1319 1422 1377 erunt,
1446 1310 1584 1363 oculi
1615 1309 1923 1361 innocentes
1943 1310 2120 1366 erunt,

508 1394 509 1401 γ
541 1428 699 1469 aures
731 1413 1039 1465 innocentes
1066 1407 1253 1461 erunt‘
1277 1424 1291 1467 ;
1314 1404 1491 1457 omnia
1524 1402 1759 1455 membra
1792 1408 1879 1452 tua
1906 1393 2128 1465 justitize

539 1507 859 1569 militahtmt,
894 1504 1013 1572 quia
1048 1503 1335 1569 imperator
1360 1499 1533 1565 justus
1566 1494 1731 1546 tenuit
1759 1506 1871 1547 cor.

608 1596 658 1650 9.
709 1594 847 1647 Tunc
886 1596 1048 1643 dicent
1085 1595 1213 1640 inter
1256 1590 1453 1646 Gentes,
1492 1576 1837 1648 Magniﬁcarit
1874 1573 2123 1627 Dominus

540 1693 706 1759 facere
735 1702 847 1739 cum
869 1685 957 1738 eis.
998 1681 1049 1733 M
1059 1680 1172 1749 agni
1180 1677 1343 1746 ﬁcuvit
1378 1674 1620 1726 Dominus
1645 1670 1808 1737 facere
1832 1666 2087 1719 nobiscum
2104 1673 2127 1725 ;

539 1756 660 1852 tacti
694 1796 868 1834 sumus
889 1773 1177 1847 jucundati.
1224 1768 1430 1831 Videte,
1467 1766 1675 1827 fratres,
1710 1763 1754 1816 si
1797 1759 1956 1813 modo
1996 1756 2124 1810 Sion

542 1886 651 1926 non
683 1869 809 1923 illud
840 1868 969 1921 dicit
999 1870 1135 1919 inter
1173 1862 1389 1925 Gentes,
1422 1874 1516 1928 per
1552 1866 1718 1910 totum
1747 1853 1932 1906 orbem
1962 1859 2127 1903 terra-

539 1980 658 2020 rum
687 1963 899 2029 ;videte
941 1961 984 2014 si
1035 1973 1139 2012 non
1187 1955 1252 2008 ad
1291 1952 1579 2007 licclesiam
1624 1947 1875 2002 curritur.
1930 1942 1984 1995 lu
2018 1950 2127 1995 toto

541 2058 671 2113 orbe
699 2066 956 2111 terrarum
990 2051 1215 2121 pretium
1259 2056 1497 2101 nostrum
1525 2041 1815 2109 accipitur;
1844 2038 2010 2090 Anien
2040 2048 2128 2087 re-

542 2147 852 2218 spondetur.
901 2144 1092 2197 Dicunt
1129 2153 1256 2210 ergo
1286 2139 1425 2192 inter
1465 2135 1662 2190 Gentes
1689 2123 2127 2198 Jerosolymitani

541 2217 757 2309 captivi,
777 2233 1209 2308 Jerosolymitani
1232 2228 1511 2289 redituri’,
1541 2221 1827 2293 peregrini,
1858 2217 2131 2286 suspiran-

541 2306 623 2387 tes
668 2330 850 2401 patria:
894 2343 1023 2383 suae.
1056 2306 1191 2393 Quid
1238 2318 1457 2376 dicunt?
1506 2313 1850 2386 Magniﬁcavit
1879 2309 2130 2363 Dominus

490 2444 491 2447 ‘
544 2430 709 2498 facere
736 2423 1035 2483 nobiscum;
1066 2418 1189 2491 facti
1215 2431 1388 2469 sumus
1421 2408 1707 2481 jucundati.
1736 2402 2003 2471 Numquid
2029 2400 2128 2470 ipsi

544 2494 724 2574 secum
755 2513 1036 2570 fecerunt?
1076 2510 1179 2580 Ipsi
1205 2509 1344 2563 male
1381 2520 1559 2560 secum
1589 2501 1847 2563 fecerunt,
1877 2496 1997 2566 quia
2029 2494 2129 2548 sub

543 2620 763 2682 peccato
800 2622 858 2662 se
903 2603 1272 2660 vendiderunt.
1317 2598 1646 2664 Redemptor
1689 2591 1854 2656 venit,
1898 2597 1951 2643 et
1992 2586 2129 2641 bene

543 2681 664 2758 cum
689 2701 791 2755 illis
813 2699 935 2754 fecit
958 2715 971 2751 :
997 2706 1050 2751 et
1071 2693 1410 2766 magniﬁcavit
1440 2688 1691 2743 Dominus
1713 2689 1879 2755 facere
1894 2698 2007 2735 cum
2036 2681 2125 2733 eis.

547 2793 896 2865 Magniﬁcavit
940 2789 1189 2846 Dominus
1238 2786 1402 2857 facere
1448 2783 1738 2845 nobiscum;
1782 2776 1906 2848 facti
1957 2789 2130 2829 sumus

539 2884 824 2957 iucundari.

619 2979 703 3032 10.
738 2975 889 3047 [vers.
932 2971 1011 3045 4.]
1055 2971 1311 3034 Converte,
1372 2967 1608 3029 Domine,
1650 2962 1988 3033 captivitatem
2033 2976 2129 3014 no-

547 3076 725 3128 stram,
751 3067 879 3121 sicut
909 3076 1102 3119 torrens
1140 3065 1193 3116 in
1232 3070 1422 3115 austro.
1454 3057 1590 3126 Quid
1635 3054 1854 3119 sithoc,
1892 3050 2131 3108 attendat

546 3157 790 3215 Charitas
820 3168 1017 3212 vestra.
1047 3156 1163 3212 Jam
1192 3154 1419 3217 dixerat,
1447 3149 1570 3204 Cum
1609 3154 1910 3201 converteret
1949 3144 2130 3197 Domi-

548 3270 644 3308 nus
663 3252 1001 3322 captivitatem
1028 3250 1174 3305 Sion.
1207 3246 1366 3312 Quasi
1395 3244 1460 3298 de
1484 3241 1753 3312 praaterito
1781 3239 2126 3309 loquebatur:

546 3344 642 3400 sed
686 3344 821 3398 solet
850 3342 962 3397 fieri
1006 3348 1061 3395 ut
1091 3340 1157 3395 de
1185 3337 1453 3407 praeterito
1488 3336 1731 3404 loquens,
1774 3330 1947 3385 futura
1990 3344 2131 3397 prte-

548 3437 754 3492 ntmtiet
781 3435 1069 3504 Propheta.
1113 3432 1246 3486 Nam
1285 3428 1435 3500 quasi
1471 3426 1537 3481 de
1577 3424 1843 3495 praeterito
1875 3420 2131 3491 loqueba-

551 3535 656 3589 tur,
703 3541 824 3580 cum
876 3524 927 3577 in
976 3524 1080 3577 alio
1123 3521 1327 3591 psalmo
1375 3519 1597 3582 diceret,
1651 3513 1913 3568 Foderunt
1955 3527 2132 3565 manus

548 3634 698 3672 meas'
724 3626 771 3672 et
812 3616 961 3687 pedes
1000 3632 1153 3681 meos,
1199 3614 1634 3666 dinumeraverunt
1668 3608 1835 3661 omnia
1870 3622 1985 3659 ossa
2022 3620 2133 3658 mea

550 3708 720 3780 (Psat.
742 3724 851 3771 χχι,
880 3708 992 3777 l7).
1019 3706 1131 3761 Non
1153 3705 1305 3771 dixit,
1337 3702 1524 3757 fossuri
1554 3708 1709 3780 sunt;
1738 3714 1842 3753 non
1864 3698 2017 3761 dixit,
2048 3697 2131 3751 di-

550 3776 932 3861 numerabunt;
954 3776 1063 3853 non
1086 3798 1237 3859 dixit,
1259 3794 1495 3850 divident
1518 3776 1952 3847 sibi’vestimenta
1980 3804 2128 3855 mea;

549 3911 654 3949 non
685 3895 837 3959 dixit,
869 3907 1029 3962 super
1054 3891 1426 3945 vestimentum
1456 3902 1631 3941 meum
1659 3885 1867 3938 mittent
1897 3890 2128 3937 sortem:

549 3985 723 4041 futura
753 3993 925 4049 erant,
956 3993 1009 4037 et
1028 3983 1177 4053 quasi
1205 3980 1345 4035 facta
1371 3980 1741 4033 cantabantnr.
1769 3974 1957 4030 Omnia
1987 3972 2131 4028 enim

550 4094 667 4149 qua:
700 4078 871 4132 futura
900 4084 1042 4140 sunt,
1085 4076 1195 4130 Deo
1218 4074 1323 4142 jam
1362 4072 1496 4126 facta
1543 4078 1683 4124 sunt.
1732 4068 1829 4122 llic
1854 4081 1980 4136 ergo
2010 4080 2131 4120 cum

549 4171 785 4235 diceret,
848 4188 866 4221 ‹
910 4168 1041 4223 Cum
1086 4173 1421 4222 converteret
1474 4163 1729 4217 Dominus
1771 4160 2129 4231 captivitatem

549 4263 698 4328 Sion,
724 4261 847 4315 lacti
893 4274 1074 4314 sumus
1108 4259 1243 4313 sicut
1271 4255 1569 4317 consolati;
1602 4263 1725 4306 tunc
1754 4252 2013 4318 repletum
2050 4256 2133 4303 est

547 4353 739 4426 gaudio
773 4368 834 4407 os
864 4362 1125 4416 nostrum,
1172 4357 1227 4405 et
1256 4350 1429 4418 lingua
1462 4353 1639 4400 nostra
1679 4343 2069 4406 exsultatione;
2106 4358 2124 4392 ι

550 4454 607 4500 ut
630 4444 937 4499 ostenderet
964 4456 1022 4496 5e
1052 4441 1216 4511 ﬁgura
1249 4438 1501 4509 praeteriti
1537 4436 1705 4490 futura
1747 4434 2002 4502 cogitare,
2032 4432 2129 4499 ait,

556 4556 575 4589 ι
604 4539 751 4592 Tunc
776 4538 957 4591 dicent
1000 4536 1134 4590 inter
1168 4533 1385 4589 Gentes.
1424 4549 1441 4581 ι
1480 4529 1680 4590 Dicent,
1700 4527 1808 4597 jam
1840 4526 1907 4580 de
1952 4524 2131 4580 futuro

549 4639 647 4685 est.
705 4649 724 4681 ι
753 4628 1106 4699 Magniﬁeavit
1152 4625 1406 4680 Dominus
1444 4621 1617 4675 facere
1664 4619 1971 4681 nobiscum;
2008 4617 2129 4671 facti

548 4720 1087 4793 sumusjucundati’.
1120 4739 1139 4772 ι
1183 4719 1336 4772 Tunc
1369 4731 1487 4769 cum
1535 4712 1907 4778 cantabantur,
1957 4712 2130 4765 futura

548 4822 717 4879 erant,
756 4823 811 4868 et
852 4827 992 4867 nunc
1020 4811 1266 4866 videntur
1308 4805 1588 4877 praesentia
1657 4803 1797 4870 Ergo
1840 4810 1957 4855 orat
2009 4811 2128 4855 tan-

545 4922 703 4977 quam
732 4906 801 4961 de
827 4904 1037 4966 futuris,
1078 4902 1166 4973 qui
1198 4899 1372 4954 futura
1402 4908 1650 4966 tanquam
1686 4894 1955 4964 praeterita
1992 4908 2130 4962 pra:-

544 5000 756 5055 cinebat
780 5016 793 5051 :
814 4997 1075 5061 Converte,
1100 4993 1331 5053 Domine,
1358 4989 1697 5059 captivitatem
1712 4995 1954 5040 nostram.
1979 4983 2128 5038 Non-

542 5091 671 5148 dum
688 5100 803 5147 erat
828 5105 954 5160 ergo
974 5100 1232 5143 conversa
1261 5083 1553 5153 captivitas,
1583 5079 1703 5150 quia
1725 5078 1959 5133 nondum
1982 5077 2125 5132 Red-

543 5195 750 5256 emptor
778 5184 1085 5238 advenerat.
1135 5179 1297 5246 Ergo,
1320 5174 1532 5245 quando
1552 5173 1750 5228 cantati
1767 5180 1889 5225 sunt
1908 5170 2122 5236 Psalmi,

545 5279 681 5350 quod
719 5278 971 5333 orab‘atur
1016 5285 1159 5339 tunc,
1185 5273 1292 5339 jam
1325 5268 1520 5323 factum
1561 5276 1644 5322 est
1675 5284 1687 5321 :
1715 5263 1975 5328 Converte,
2014 5262 2124 5317 Do-

544 5375 692 5439 mine,
739 5372 1077 5444 captivitatem
1114 5375 1383 5441 nostram,‘
1406 5364 1533 5417 sicut
1580 5370 1773 5414 torrens
1824 5359 1878 5412 in
1927 5367 2121 5411 austro.

604 5553 621 5585 ¹
648 5559 697 5601 In
715 5558 763 5600 Β.
793 5556 918 5614 post,
941 5547 1067 5599 oculi
1094 5543 1548 5614 innocentesndeest
1571 5555 1681 5614 vox,
1708 5545 2018 5614 erunt;_pos_t,
2038 5551 2125 5614 au-

542 5626 645 5673 res,
679 5601 1002 5675 praetermissa
1041 5619 1153 5660 sunt
1190 5601 1654 5666 verba,'imt0centes
1675 5610 1829 5655 erunt.
1866 5609 1938 5651 Er.
1976 5601 2120 5665 Lugd.

542 5682 660 5726 Ven.
687 5682 795 5723 ιον.
821 5676 975 5724 secuti
999 5688 1180 5723 sumus.
1278 5678 1333 5717 Μ.

602 5741 623 5770 ²
648 5746 856 5795 quatuor
889 5744 1014 5795 Mss,
1042 5734 1290 5785 redempti.

603 5801 623 5833 ⁸
645 5785 728 5861 llic
748 5798 877 5861 apud
897 5785 970 5847 Er.
989 5785 1043 5849 et
1062 5805 1174 5851 ιον.
1198 5795 1404 5856 additur,
1428 5792 1490 5843 de
1524 5785 1767 5856 praeterito
1787 5802 1806 5842 :
1824 5788 1951 5853 quod
1984 5801 2015 5839 ι
2030 5800 2125 5841 caa-

537 5864 662 5915 καί.
684 5857 822 5914 libris
838 5860 995 5912 abest.

1756 357 1816 414 S.
1847 351 2215 414 AUGUSTINI
2252 353 2555 413 EPISGOPI

3672 369 3807 429 16M

2228 471 2377 528 Sicut
2401 480 2785 531 convertuntur
2811 481 3074 533 torrentes
3100 476 3155 534 in
3200 487 3404 550 austro,
3450 481 3529 540 sic
3557 498 3809 546 converte

2224 567 2581 636 captivitatem
2624 578 2880 626 nostram.
2911 571 3261 640 Quaarebatur
3301 577 3428 647 quid
3467 580 3566 646 sit;
3598 580 3689 636 sed
3718 599 3810 653 pa-

2226 660 2356 714 tebit
2397 662 2575 730 modo,
2618 661 2902 731 adjuvante
2942 665 3188 729 Domino.
3219 671 3413 725 vestris
3455 674 3805 733 orationibus.

2225 748 2464 817 Quodam
2492 752 2610 809 loco
2646 752 2940 824 Scriptura,
2992 774 3113 813 cum
3144 763 3456 834 praeciperet
3492 774 3546 821 et
3568 778 3806 825 moneret

2226 841 2292 896 de
2322 846 2571 913 operibus
2598 848 2769 915 bonis,
2793 850 2865 903 ait
2890 868 2901 903 :
2934 850 3078 907 Sicut
3103 854 3289 923 glacies
3314 857 3366 909 in
3395 875 3586 921 sereno,
3616 863 3683 909 ita
3706 858 3807 912 sol-

2227 943 2400 988 ventur
2427 947 2627 1006 peccata
2674 949 2760 992 tua
2790 941 2974 1009 (Eccti.
3008 960 3085 1009 ιιι,
3116 945 3223 1016 l7).
3256 946 3398 1011 Ergo
3427 956 3637 1011 peccata
3679 948 3809 1018 liga-

2228 1025 2357 1081 bant
2386 1043 2499 1082 nos.
2542 1030 2858 1096 Quomodo?
2879 1036 3157 1100 Quomodo
3184 1038 3346 1101 frigus
3377 1034 3501 1104 ligat
3527 1054 3716 1106 aquam
3745 1057 3811 1096 ne

2230 1128 2430 1173 currat.
2458 1121 2524 1175 Et
2555 1122 2740 1193 illigati
2769 1125 2965 1196 frigore
2993 1133 3329 1190 peccatorum
3359 1126 3669 1195 gelavimus.
3704 1133 3812 1187 Au-

2230 1218 2341 1263 ster
2380 1222 2557 1268 autem
2589 1216 2788 1270 calidus
2834 1223 3023 1269 ventus
3071 1225 3153 1269 est
3182 1235 3195 1271 :
3226 1220 3439 1286 quando
3479 1221 3571 1275 ﬁat
3613 1234 3813 1294 auster,

2232 1302 2475 1374 liquescit
2512 1303 2729 1370 glacies,
2774 1312 2829 1359 et
2869 1306 3158 1376 implentur
3197 1320 3480 1368 torrentes.
3524 1313 3817 1375 Torrentes

2232 1406 2405 1445 autem
2448 1392 2698 1450 dicuntur
2725 1396 2942 1453 ﬂumina
2976 1401 3257 1470 hiemalia;
3304 1422 3496 1476 magno
3534 1411 3675 1464 enim
3721 1413 3814 1465 im-

2234 1496 2356 1554 petu
2399 1489 2696 1555 repentinis
2724 1494 2875 1562 aquis
2912 1494 3127 1563 impleta
3167 1510 3406 1554 currunt.
3441 1502 3817 1562 Gelaveramus

2232 1591 2359 1647 ergo
2404 1579 2455 1632 in
2486 1583 2828 1650 captivitate;
2874 1589 3309 1658 constringebant
3350 1608 3447 1646 nos
3478 1607 3691 1664 peccata
3724 1614 3814 1652 no—

2230 1677 2337 1723 'stra
2369 1687 2381 1723 :
2412 1672 2555 1726 flavit
2582 1686 2763 1730 auster
2790 1677 3016 1745 Spiritus
3044 1693 3259 1738 sanctus
3282 1700 3297 1749 ;
3320 1684 3537 1741 dimissa
3566 1701 3684 1742 sunt
3717 1708 3817 1744 no-

2232 1760 2313 1815 bis
2342 1775 2578 1832 peccata,
2609 1767 2766 1821 soluti
2813 1785 2995 1825 sumus
3034 1789 3062 1826 a
3101 1773 3293 1845 frigore
3339 1778 3663 1847 iniquitatis;
3697 1793 3816 1838 tan-

2232 1867 2388 1921 quam
2428 1856 2623 1924 glacies
2670 1858 2721 1911 in
2767 1876 2983 1927 sereno,
3024 1867 3306 1920 solvuntur
3355 1882 3565 1936 peccata
3612 1884 3815 1929 nostra.

2232 1943 2521 2002 Curramus
2550 1948 2615 2002 ad
2652 1952 2900 2019 patriam,
2935 1957 3082 2021 quasi
3118 1968 3380 2013 torrentes
3406 1963 3456 2015 in
3486 1975 3688 2017 austro.
3721 1966 3819 2025 Diu

2234 2038 2373 2090 enim
2402 2038 2772 2106 laboravimus,
2800 2053 2853 2097 et
2879 2045 3180 2103 laboramus
3206 2052 3361 2103 etiam
3387 2051 3641 2109 iacientes
3659 2056 3818 2114 bene.

2234 2128 2363 2183 Nam
2403 2130 2511 2199 ipsa
2542 2133 2645 2187 vita
2677 2136 2908 2191 lmmana
2936 2154 3093 2209 quam
3138 2128 3360 2211 ingressi
3388 2161 3592 2215 sumus,
3624 2150 3821 2207 misera

2234 2228 2334 2285 est,
2383 2221 2649 2278 laboribus
2682 2227 2855 2293 plena,
2889 2228 3181 2297 doloribus,
3228 2237 3496 2303 periculis,
3543 2241 3821 2310 a'rnmnis,

2236 2315 2634 2372 tentationibus.
2681 2318 2854 2374 Nolite
2896 2323 3076 2377 seduci
3119 2326 3310 2394 gaudio
3341 2345 3516 2383 rerum
3560 2330 3823 2388 humana-

2234 2418 2385 2467 rum;
2414 2404 2588 2460 ﬂenda
2619 2407 2669 2460 in
2714 2410 2874 2465 rebus
2904 2411 3152 2469 humanis
3180 2416 3459 2475 advertite.
3503 2421 3715 2478 Poterat
3747 2425 3823 2478 ri-

2235 2494 2359 2549 dere
2379 2498 2525 2568 prius
2557 2516 2687 2568 puer
2712 2503 2803 2573 qui
2834 2507 3067 2561 nascitur
3094 2526 3107 2561 :
3131 2525 3295 2579 quare
3318 2528 3349 2566 a
3377 2512 3502 2569 ﬁetu
3532 2515 3715 2586 incipit
3747 2518 3823 2573 vi-

2234 2589 2397 2643 vere?
2427 2591 2621 2648 Ridere
2662 2595 2897 2650 nondum
2926 2600 3109 2666 novit;
3150 2617 3316 2671 quare
3345 2604 3554 2672 plorare
3578 2607 3689 2676 jam
3722 2624 3824 2664 no-

2234 2679 2345 2733 vit?
2372 2682 2505 2747 Quia
2550 2686 2711 2753 cmpit
2760 2687 2837 2742 ire
2881 2688 2935 2743 in
2982 2691 3136 2746 istam
3168 2693 3352 2748 vitam.
3399 2696 3502 2751 Sed
3534 2698 3577 2751 si
3621 2699 3688 2755 de
3720 2701 3825 2757 illis

2233 2772 2456 2841 captivis
2485 2784 2586 2840 est,
2614 2775 2700 2831 hic
2730 2778 2821 2833 ﬁet
2850 2789 2902 2834 et
2927 2783 3124 2851 gemit;
3154 2784 3246 2839 sed
3274 2788 3452 2843 veniet
3476 2790 3751 2859 gaudium.

2306 2866 2394 2920 Η.
2429 2866 2578 2939 [vers.
2608 2868 2686 2943 5.]
2726 2870 2974 2942 Sequitur
3014 2876 3193 2932 enim:
3222 2877 3333 2945 Qui
3365 2881 3613 2935 seminant
3654 2883 3707 2936 in
3750 2883 3827 2937 ta-

2235 2959 2440 3029 crymis,
2468 2961 2520 3014 in
2557 2963 2744 3032 gaudio
2778 2975 2981 3019 metent.
3014 2968 3070 3021 In
3111 2969 3208 3023 ista
3236 2971 3363 3035 vita,
3404 2987 3523 3043 quae
3554 2974 3705 3042 plena
3742 2984 3827 3032 εει

2236 3049 2520 3123 lacrymis,
2574 3055 2919 3111 seminemus.
2972 3059 3109 3128 Quid
3174 3064 3599 3121 seminabimus?
3649 3068 3827 3138 Opera

2236 3140 2394 3197 bona.
2445 3141 2617 3211 Opera
2655 3147 3037 3203 misericordiae
3082 3152 3288 3206 semina
3338 3164 3515 3211 nostra
3565 3160 3827 3218 suntzde

2236 3234 2429 3302 quibus
2461 3237 2755 3292 seminibus
2781 3239 2856 3293 ait
2898 3242 3209 3310 Apostolus,
3250 3263 3267 3295 ι
3304 3245 3509 3302 Bonum
3542 3260 3723 3305 autem
3753 3253 3827 3306 fa-

2236 3324 2439 3381 cientes
2469 3344 2572 3381 non
2599 3329 2938 3398 deﬁciamus;
2968 3342 3207 3404 tempore
3234 3337 3378 3393 enim
3410 3342 3625 3410 proprio
3653 3353 3827 3400 mete.

2236 3431 2356 3471 mus
2384 3419 2751 3488 infatigabiles.
2784 3422 2964 3494 Itaque
3003 3425 3128 3481 dum
3158 3437 3366 3497 tempus
3406 3430 3664 3488 habemus
3688 3448 3825 3504 ope-

2238 3525 2418 3564 remur
2446 3512 2641 3567 bonum
2668 3516 2734 3569 ad
2759 3534 2965 3583 omnes,
3000 3521 3233 3577 maxime
3262 3534 3438 3580 autem
3465 3526 3531 3581 ad
3558 3528 3827 3585 domesti-

2237 3618 2329 3659 cos
2362 3604 2480 3659 ﬁdei
2516 3627 2533 3659 ι
2564 3607 2757 3679 (Galat.
2786 3626 2855 3672 vr,
2888 3612 3059 3683 8-10).
3084 3614 3333 3685 L0quens
3363 3619 3535 3689 itaque
3576 3620 3647 3676 de
3693 3623 3827 3692 ipsis

2237 3696 2611 3798 eleemosynis,
2642 3702 2765 3771 quid
2794 3704 2908 3759 ait?
2940 3704 3053 3759 Hoc
3073 3719 3241 3762 autem
3266 3710 3399 3772 dico,
3432 3712 3533 3779 Qui
3562 3730 3716 3782 parce
3740 3732 3827 3771 se-

2238 3796 2414 3854 minat,
2450 3809 2599 3860 parce
2620 3804 2666 3847 et
2683 3805 2826 3848 metet
2848 3797 2916 3867 (ll
2947 3796 3066 3852 Cor.
3098 3816 3171 3865 ix,
3204 3801 3281 3871 6).
3314 3802 3456 3873 Ergo
3480 3805 3566 3874 qui
3593 3806 3828 3864 multum

2238 3883 2486 3952 seminat,
2526 3888 2749 3941 multum
2794 3899 2959 3945 metet
2988 3910 3001 3947 :
3028 3895 3112 3959 qui
3143 3912 3294 3963 parce
3321 3898 3554 3963 seminat,
3598 3918 3755 3969 parce
3780 3909 3829 3958 et

2238 3985 2418 4041 metet;
2444 3986 2498 4033 et
2529 3981 2616 4049 qui
2646 3980 2776 4035 nihil
2801 3984 3050 4050 seminat,
3093 3986 3220 4043 nihil
3255 3998 3436 4044 metet.
3468 3990 3645 4059 Quare
3675 3993 3826 4050 desi-

2238 4068 2436 4124 deratis
2480 4072 2618 4126 latos
2660 4073 2867 4139 fundos,
2916 4077 3005 4131 ubi
3041 4079 3208 4133 multa
3238 4075 3457 4137 semina
3504 4086 3829 4143 seminetis?

2239 4160 2417 4216 Latior
2446 4164 2593 4217 vobis
2632 4180 2739 4219 non
2777 4174 2858 4221 est
2887 4168 2973 4222 ubi
3016 4172 3315 4240 seminetis,
3362 4190 3520 4244 quam
3551 4177 3825 4245 Christus,

2238 4254 2324 4323 qui
2369 4255 2420 4308 in
2446 4270 2504 4310 se
2533 4256 2695 4311 voluit
2738 4258 3013 4315 seminari.
3032 4261 3207 4318 'Terra
3235 4275 3411 4319 vestra
3438 4268 3678 4323 Ecclesia
3707 4279 3825 4336 est;

2237 4346 2497 4401 seminate
2537 4358 2789 4415 quantum
2820 4352 3060 4419 potestis.
3106 4352 3210 4408 Sed
3256 4370 3442 4424 parum
3486 4356 3651 4413 habes
3683 4360 3826 4418 unde

2237 4434 2421 4491 facias.
2455 4437 2626 4492 Habes
2653 4440 3017 4496 voluntatem?
3044 4443 3324 4511 Quomodo
3352 4447 3479 4501 nihil
3508 4458 3654 4504 esset
3682 4450 3825 4521 quod

2239 4528 2423 4593 habes,
2448 4530 2492 4583 si
2524 4545 2627 4583 non
2659 4530 2870 4587 adesset
2908 4533 3042 4588 bona
3071 4536 3353 4600 voluntas;
3382 4540 3460 4594 sic
3486 4550 3537 4594 et
3567 4542 3690 4610 quia
3720 4558 3824 4599 non

2237 4620 2422 4685 habes,
2466 4623 2574 4677 noli
2617 4639 2737 4678 esse
2782 4626 2967 4692 tristis,
3015 4628 3059 4682 si
3104 4640 3187 4683 est
3231 4631 3321 4685 tibi
3370 4632 3503 4686 bona
3553 4635 3820 4691 voluntas.

2236 4716 2370 4782 Quid
2412 4718 2554 4771 enim
2584 4720 2860 4774 scminas?
2903 4718 3437 4780 Misericordiamet
3462 4729 3587 4795 quid
3617 4732 3825 4786 metes?

2236 4807 2447 4862 Pacem.
2471 4808 2735 4880 Numquid
2761 4822 2937 4869 autem
2960 4815 3209 4870 dixerunt
3232 4819 3439 4888 Augeli,
3464 4820 3574 4875 Pax
3605 4822 3655 4875 in
3682 4832 3823 4878 terra

2234 4900 2483 4956 divitibus
2506 4901 2804 4960 hominibus
2819 4905 2843 4959 ?
2858 4905 2983 4969 Sed,
3015 4905 3129 4962 Pax
3147 4909 3197 4962 in
3221 4919 3353 4963 terra
3374 4911 3659 4967 hominibus
3680 4914 3823 4970 bona

2232 4994 2502 5049 voluntatis
2532 4995 2683 5065 (Luc.
2715 5014 2770 5062 It,
2797 4999 2906 5069 14).
2932 5000 2987 5053 In
3019 4999 3276 5057 Zacchaao
3302 5020 3490 5075 magna
3520 5006 3818 5075 voluntas‘,

2234 5087 2285 5141 in
2314 5088 2567 5144 Zaccha'o
2597 5090 2827 5146 charitas
2866 5108 3075 5164 magna.
3122 5095 3366 5166 Suscepit
3404 5100 3686 5154 Dominum
3725 5101 3820 5155 ho-

2232 5183 2409 5251 Spitio,
2436 5184 2673 5254 gaudens
2710 5187 2964 5258 suscepit,
3010 5196 3065 5244 et
3087 5188 3362 5245 dimidimn
3390 5193 3699 5263 patrimonii
3736 5194 3818 5249 sui

2231 5276 2551 5345 pauperibus
2574 5277 2817 5345 promisit
2841 5294 2899 5333 se
2915 5279 3183 5346 daturum,
3204 5292 3257 5337 et
3280 5286 3322 5336 si
3350 5284 3433 5337 cui
3463 5284 3663 5355 aliquid
3694 5287 3818 5340 abs-

2232 5368 2442 5433 tulerat,
2497 5368 2845 5438 quadruplum
2888 5371 3216 5427 redditurum
3246 5373 3357 5441 (Id.
3397 5392 3513 5440 χιχ,
3546 5376 3601 5442 6,
3632 5377 3725 5449 8);
3758 5387 3813 5433 ut

2230 5458 2491 5530 intelligas
2516 5472 2796 5531 propterea
2826 5463 2926 5518 sibi
2958 5481 3079 5519 eum
3111 5468 3345 5523 tenuisse
3372 5469 3673 5535 dimidium,
3707 5488 3815 5530 non

2230 5563 2289 5608 ut
2328 5554 2704 5624 haberetguod
2734 5557 3049 5625 possideret,
3092 5560 3184 5614 sed
3212 5569 3270 5615 ut
3296 5561 3518 5618 haberet
3542 5565 3686 5620 unde
3713 5565 3812 5622 de-

2229 5646 2339 5701 bita
2369 5646 2634 5702 redderet.
2665 5647 2850 5718 Magna
2882 5650 3161 5718 voluntas;
3212 5655 3436 5708 multum
3478 5655 3647 5721 dedit,
3679 5659 3790 5715 mul

2229 5779 3268 5911 sudumsztaea’maaa
3285 5787 3807 5913 autem
