4074 6474
554 294 691 355 1667

550 410 802 465 Dominus
822 413 1004 461 noster
1031 403 1187 461 Iesus
1211 402 1455 459 Christus
1483 418 1497 457 :
1528 401 1604 455 illi
1631 400 1770 455 enim
1800 400 1997 454 dictum
2021 411 2119 465 est,

548 505 733 557 Nonne
758 517 926 555 verum
952 499 1163 553 dicimus
1192 513 1281 550 nos
1302 536 1317 561 ,
1346 497 1461 563 quia
1504 494 1856 549 Samaritanus
1882 509 1933 546 es
1962 503 2015 547 tu
2037 534 2051 557 ,
2080 503 2127 546 et

547 596 850 650 daemonium
875 591 1062 645 habes?
1084 590 1176 644 Ille
1206 604 1309 641 non
1343 587 1518 653 dixit,
1545 587 1659 641 Non
1690 594 1815 640 sunt
1837 585 2124 641 Samarita-

546 702 678 749 nus;
703 685 796 741 sed
827 683 986 747 dixit,
1020 679 1132 752 Ego
1157 680 1461 735 memmium
1486 695 1589 732 non
1615 678 1771 732 habeo
1796 678 1985 749 (Joan.
2009 692 2121 743 vm,

543 780 612 834 48
636 820 650 844 ,
680 777 749 833 49
773 778 813 847 ).
861 775 1152 831 Samarites
1193 774 1334 828 enim
1379 773 1775 841 interpretatur,
1822 770 2031 826 Custos.
2069 770 2121 826 Si

541 873 743 927 diceret
770 912 784 933 ,
834 868 948 923 Non
1000 883 1115 922 sum
1146 867 1507 923 Samaritanus
1535 882 1550 931 ;
1581 866 1820 931 diceret,
1860 863 1974 919 Non
2005 879 2120 918 sum

541 971 741 1017 custos.
765 960 831 1015 Et
846 961 964 1030 quis
992 960 1124 1014 alius
1144 958 1466 1013 custodiret?
1489 957 1688 1012 Deinde
1706 971 1910 1028 ponens
1935 956 2121 1009 simili-

541 1052 778 1105 tudinem
822 1049 1082 1104 :Transiit
1113 1049 1390 1104 Samarites
1410 1089 1425 1114 ,
1451 1058 1499 1101 et
1526 1048 1643 1117 fecit
1670 1063 1783 1100 cum
1814 1046 1903 1101 ilio
1928 1046 2122 1101 miseri-

540 1140 786 1203 cordiam,
806 1141 943 1194 sicut
970 1140 1136 1194 scitis.
1159 1139 1376 1193 iacebat
1400 1147 1577 1193 autem
1606 1138 1662 1192 in
1683 1138 1765 1192 via
1794 1137 2121 1203 vulneratus,

541 1232 662 1302 quia
685 1231 981 1287 descendit.
1012 1230 1300 1285 Transiens
1329 1230 1691 1284 Samaritanus
1721 1244 1826 1283 non
1856 1243 1953 1283 nos
1990 1244 2120 1282 con-

540 1323 753 1391 tempsit
786 1340 798 1375 :
829 1322 1034 1377 curavit
1060 1337 1159 1377 nos
1178 1363 1193 1387 ,
1233 1320 1427 1376 levavit
1456 1322 1506 1373 in
1529 1320 1849 1389 jumentum,
1881 1320 1937 1373 in
1959 1334 2121 1374 carne

538 1428 634 1469 sua
664 1414 717 1479 ¹;
749 1413 993 1483 perduxit
1037 1412 1105 1468 ad
1152 1412 1417 1468 stabulum
1447 1453 1461 1477 ,
1509 1412 1560 1466 id
1589 1411 1762 1467 estad
1794 1412 2116 1476 Ecclesium;

535 1506 929 1561 commendavit
956 1507 1242 1561 stabulario
1267 1546 1281 1571 ,
1312 1506 1361 1560 id
1393 1515 1475 1561 est
1497 1506 1783 1574 Apostolo;
1815 1505 1961 1560 dedit
1988 1507 2120 1560 duos

537 1599 783 1654 denarios
808 1598 946 1653 unde
962 1607 1256 1661 curaretur,
1274 1598 1585 1653 charitatem
1614 1598 1705 1652 Dei
1730 1608 1782 1652 et
1808 1598 2119 1652 charitatem

536 1690 761 1759 proximi
790 1707 802 1741 :
832 1690 884 1744 in
913 1690 995 1743 his
1019 1690 1226 1745 duobus
1255 1690 1395 1744 enim
1426 1690 1703 1758 praeceptis
1727 1698 1832 1745 tota
1859 1689 1968 1745 Lex
1992 1705 2120 1759 peu-

534 1780 624 1836 det
660 1790 713 1835 et
739 1780 1019 1850 Propheta}
1052 1779 1279 1851 (Matth.
1314 1796 1452 1846 χχιι,
1481 1780 1655 1835 57-40
1675 1781 1713 1851 ).
1752 1780 1897 1835 Dixit
1942 1790 2117 1835 autem

534 1871 822 1927 stabulario
852 1888 871 1924 :‘
899 1870 961 1927 Si
1008 1871 1129 1940 quid
1176 1871 1394 1941 amplius
1437 1873 1717 1942 erogaveris
1742 1913 1757 1935 ,
1785 1872 1838 1925 in
1864 1872 2117 1931 redeundo

533 1963 743 2018 reddant
767 1964 852 2017 tibi
882 1962 899 2033 (
926 1962 1050 2017 Luc.
1075 1979 1129 2029 x,
1162 1963 1329 2019 50-57
1352 1964 1391 2033 ).
1436 1964 1677 2031 Amplius
1706 1964 1943 2032 erogavit
1971 1965 2116 2033 Apo-

534 2056 737 2119 stolus;
767 2056 890 2124 quia
919 2071 1039 2111 eum
1068 2056 1313 2111 omnibus
1338 2057 1604 2125 Apostolis
1627 2056 1944 2124 permissum
1971 2065 2115 2115 esset

534 2157 594 2201 ut
612 2147 914 2215 acciperent
942 2158 1191 2215 tanquam
1217 2148 1411 2204 milites
1440 2148 1633 2203 Christi
1656 2148 1916 2217 stipendia
1939 2164 1968 2203 tt
1991 2165 2113 2217 pro-

532 2241 843 2297 vincialibus
871 2241 1086 2305 Christi,
1112 2242 1202 2296 ille
1228 2242 1471 2297 manibus
1496 2242 1606 2296 suis
1632 2242 1907 2305 laboravit,
1941 2252 1995 2298 et
2012 2260 2112 2299 an-

533 2346 700 2386 nonas
746 2345 871 2387 suas
919 2332 1328 2400 provincialibus
1375 2333 1591 2389 donavit
1647 2332 1706 2406 (1
1735 2336 1851 2387 Cor.
1886 2351 1957 2400 tv,
2006 2335 2109 2401 1%;

530 2424 549 2477 1
571 2422 742 2476 Thess.
764 2424 890 2491 11,7,
914 2422 974 2486 9;
991 2432 1034 2477 et
1050 2423 1091 2476 ll
1118 2423 1291 2478 Thess.
1317 2440 1396 2491 nt,
1414 2424 1465 2486 8,
1488 2426 1562 2494 9).
1588 2424 1777 2483 Omnia
1798 2426 1930 2481 facta
1948 2438 2104 2483 sunt:

528 2518 572 2572 si
618 2518 988 2577 descendimus
1017 2558 1032 2583 ,
1060 2528 1113 2575 et
1155 2519 1419 2575 vulnerati
1465 2534 1682 2587 sumus;
1720 2522 2105 2587 asceudamus,

528 2621 821 2678 cantemus,
850 2619 907 2667 et
932 2612 1284 2681 proﬁciamus,
1315 2621 1371 2666 ut
1399 2614 1784 2681 perveniamus.

929 2798 1009 2857 1N
1054 2796 1429 2857 PSALMUM
1473 2795 1731 2856 CXXVI

1016 2936 1019 2939 -
1104 2896 1527 2951 ENARRATIO.

1060 3002 1232 3042 SERIO
1260 3003 1326 3041 AD
1354 3002 1554 3041 PLEBEI
1566 3028 1575 3037 .

599 3102 647 3154 1.
699 3099 719 3172 [
745 3117 871 3155 vers.
923 3103 972 3155 1.
998 3101 1016 3173 ]
1046 3100 1185 3155 Inter
1214 3102 1388 3155 omnia
1416 3102 1617 3155 cantica
1644 3100 1834 3171 quibus
1858 3110 1940 3157 est
1974 3104 2100 3157 titu-

525 3190 636 3257 lus,
665 3190 923 3245 Canticum
952 3192 1200 3261 graduum
1228 3235 1242 3259 ,
1273 3192 1371 3245 istc
1398 3194 1627 3261 psalmus
1656 3192 1851 3261 aliquid
1878 3195 2101 3263 amplius

525 3283 575 3337 in
621 3284 771 3337 titulo
816 3289 1057 3353 accepit,
1090 3284 1228 3352 quod
1281 3284 1514 3337 additmn
1544 3294 1642 3341 est.
1677 3285 1985 3339 Salomonis.
2014 3286 2100 3341 Sic

523 3376 663 3429 enim
694 3384 1051 3444 prtenotatnr:
1082 3374 1344 3428 Canticum
1378 3375 1627 3444 graduum
1661 3375 1968 3430 Salomonis.
1998 3375 2099 3430 Ita—

520 3479 629 3533 que
673 3464 795 3519 fecit
824 3481 921 3519 nos
970 3467 1199 3519 intentos
1231 3467 1528 3519 inusitatior
1573 3466 1755 3520 titulus
1782 3469 2009 3532 cmteris,
2042 3477 2098 3521 ut

518 3570 818 3625 quaeramus
849 3572 1012 3626 quare
1041 3557 1107 3609 sit
1136 3557 1368 3610 additum
1393 3599 1406 3623 ,
1455 3558 1761 3611 Salomonis.
1812 3558 1939 3611 Nam
1971 3559 2096 3627 quid

518 3647 587 3700 sit
613 3645 872 3699 Canticum
902 3646 1151 3717 graduum
1176 3688 1190 3713 ,
1224 3662 1329 3701 non
1376 3661 1507 3715 opus
1535 3656 1617 3702 est
1647 3663 1787 3715 sazpc
1814 3657 2090 3717 repetere;

518 3738 848 3808 pluraenim
884 3738 1021 3794 dicta
1050 3749 1171 3794 sunt
1202 3740 1353 3805 hinc,
1388 3742 1506 3809 quia
1534 3748 1711 3793 cantat
1758 3742 2093 3797 ascendentis

517 3843 615 3882 vox
645 3830 695 3883 in
724 3829 914 3884 aﬁ‘ectu
944 3831 1152 3899 pietatis
1173 3840 1225 3885 et
1251 3832 1525 3886 charitatis
1546 3832 1609 3886 ad
1638 3832 1779 3887 illam
1811 3849 2092 3902 supernam

515 3920 810 3976 Jerusalem
840 3964 853 3986 ,
885 3923 967 3977 cui
1021 3924 1346 3991 suspiramns
1373 3923 1621 3992 quamdiu
1674 3926 2089 3994 peregrinamur,

515 4019 567 4064 et
600 4011 687 4064 ubi
728 4012 1020 4066 lmtabimur
1061 4029 1179 4067 cum
1217 4028 1245 4065 a
1294 4015 1718 4083 peregrinatione
1754 4016 2087 4071 redierimus.

512 4102 766 4157 Ascendit
814 4103 879 4156 ad
936 4103 1069 4156 hanc
1118 4105 1291 4158 omnis
1319 4104 1406 4173 qui
1450 4106 1687 4173 proﬁcit;
1717 4105 1858 4159 cadit
1897 4106 1964 4159 ab
1993 4107 2093 4162 hac

512 4193 683 4245 omnis
709 4193 793 4260 qui
822 4192 1019 4247 deﬁcit.
1050 4192 1159 4247 Nec
1181 4193 1403 4263 pedibus
1426 4194 1714 4248 ascendere
1728 4211 1958 4264 quaeras,
1995 4212 2090 4251 nec

513 4283 733 4351 pedibus
761 4291 811 4337 te
839 4283 1162 4338 descendere
1187 4293 1337 4353 putes
1371 4303 1382 4339 :
1412 4286 1637 4339 amando
1670 4287 1831 4341 Deum
1860 4328 1873 4351 ,
1905 4299 2090 4341 ascen-

510 4374 625 4439 dis;
655 4376 880 4429 amando
906 4377 1179 4441 saeculum,
1227 4377 1391 4433 cadis.
1434 4377 1569 4432 Sunt
1597 4395 1722 4449 ergo
1765 4381 1860 4434 ista
1884 4382 2087 4436 cantica

510 4468 818 4533 amantium,
847 4468 1073 4537 quodam
1103 4480 1284 4523 sancto
1308 4469 1576 4525 desiderio
1602 4472 1957 4541 ﬂagrantium.
1984 4474 2087 4526 Ar-

510 4556 637 4610 dent
660 4559 744 4626 qui
775 4559 871 4611 ista
900 4568 1116 4613 cantant
1143 4576 1207 4614 ex
1236 4560 1417 4625 corde,
1447 4576 1674 4629 quorum
1697 4563 1857 4615 etiam
1882 4578 1973 4616 cor
1994 4578 2085 4617 ar-

509 4647 640 4702 dens
669 4650 935 4704 invenitur
957 4652 1008 4705 in
1035 4654 1287 4716 moribus,
1320 4654 1371 4706 in
1398 4654 1532 4707 bona
1562 4656 1967 4710 conversatione
1989 4698 2003 4721 ,
2034 4658 2084 4710 in

507 4741 756 4810 operibus
784 4742 1074 4797 secundum
1104 4753 1362 4814 praecepta
1394 4746 1509 4812 Dei,
1540 4747 1591 4800 in
1622 4756 1926 4817 contemptu
1951 4757 2081 4803 tem-

509 4833 787 4901 poralium,
822 4835 873 4887 in
902 4835 1157 4891 charitate
1182 4845 1521 4891 aeternorum.
1568 4839 1675 4894 Sed
1704 4855 1868 4909 quare
1894 4842 1963 4894 sit
1995 4841 2088 4895 ad-

506 4925 672 4977 ditum
696 4923 1065 4999 ,’Salomonis,
1096 4936 1347 4996 quantum
1402 4929 1738 4997 inspiruverit
1785 4930 2037 4985 Dominus
2066 4972 2080 4997 ,

505 5016 679 5069 dicam
711 5016 965 5072 Charitati
990 5026 1198 5072 vestrm.

573 5105 626 5157 Ξ.
670 5106 917 5160 Salomon
947 5115 1060 5161 erat
1081 5117 1317 5177 tempore
1340 5123 1441 5163 suo
1465 5109 1609 5164 ﬁlius
1632 5110 1791 5165 David
1820 5153 1832 5175 ,
1866 5127 2086 5182 magnus

504 5194 613 5256 ille,
650 5211 743 5265 per
765 5211 923 5266 raptem
946 5197 1109 5252 multa
1139 5208 1317 5253 saneta
1344 5210 1605 5270 praecepta
1636 5212 1691 5256 et
1711 5202 1943 5256 salubria
1972 5219 2087 5256 mo-

504 5286 611 5340 uita
635 5297 689 5341 et
716 5287 895 5342 divina
918 5299 1246 5345 sacramenta
1284 5292 1515 5361 Spiritus
1543 5301 1756 5347 sanctus
1796 5294 1847 5347 in
1895 5294 2087 5349 divinis

503 5378 721 5435 Litteris
733 5390 981 5450 operatus
999 5390 1102 5439 est.
1117 5382 1251 5437 Nam
1266 5385 1378 5453 ipse
1392 5383 1642 5439 Salomon
1658 5386 1938 5439 mulierum
1949 5401 2086 5439 ama-

507 5478 590 5523 tor
604 5469 719 5537 t‘uit,
743 5480 796 5526 et
809 5473 1123 5543 reprobatus
1136 5484 1259 5528 asta
1278 5474 1385 5529 Deo
1413 5492 1428 5530 :
1459 5486 1512 5529 et
1532 5491 1699 5546 usque
1718 5476 1850 5531 adeo
1866 5476 2086 5545 laqueus

504 5561 575 5616 illi
598 5562 694 5617 fuit
720 5563 807 5618 illa
829 5566 1109 5634 cupiditas,
1140 5575 1200 5621 ut
1225 5581 1255 5621 a
1280 5568 1589 5623 mulieribus
1619 5570 1779 5622 etiam
1808 5568 1963 5623 idolis
1988 5584 2079 5625 sa-

502 5655 741 5709 criﬁcare
766 5667 1059 5726 cogeretur,
1102 5660 1239 5714 sicut
1262 5659 1329 5714 de
1357 5661 1448 5715 illo
1497 5661 1766 5730 Scriptura
1814 5662 1962 5718 testis
2004 5673 2084 5718 est

570 5788 585 5817 ⁸
608 5787 796 5839 statim.
824 5795 896 5839 Er.
939 5798 991 5842 et
1012 5799 1115 5842 Mss.
1142 5801 1343 5856 Attum,
1371 5794 1423 5845 id
1446 5803 1515 5845 est
1537 5793 1587 5845 in
1611 5809 1806 5848 comm
1827 5811 1985 5848 m.

1792 285 1848 343 S.
1891 282 2254 343 AUGUSTINI
2295 278 2592 340 EPISCOPI

3675 287 3815 348 1668

2244 396 2347 467 (111
2396 396 2523 465 Reg.
2574 392 2679 466 xi).
2712 393 2816 450 Sed
2863 395 2909 449 si
2955 394 3046 450 illo
3093 394 3352 464 cadente,
3382 412 3502 469 quas
3528 412 3626 470 per
3663 400 3814 457 illum

2232 490 2371 545 dicta
2399 498 2542 555 sunt,
2570 488 2914 555 delerentur;
2934 488 3261 559 judicaretur
3285 492 3409 562 quia
3437 492 3551 562 ipse
3573 492 3811 562 dixerat,

2233 599 2339 639 non
2362 599 2456 653 per
2481 583 2627 638 illum
2656 583 2793 639 dicta
2833 593 3005 639 erant.
3048 582 3261 654 Optime
3311 586 3469 657 igitur
3508 588 3668 644 eu'am
3711 588 3817 646 hoc

2232 678 2339 748 egit
2357 677 2717 733 misericordia
2740 677 2835 733 Dei
2855 686 2910 732 et
2929 676 3158 747 Spiritus
3178 677 3313 748 ejus,
3333 688 3391 733 ut
3416 679 3669 751 quidquid
3688 682 3815 737 boui

2230 786 2328 841 per
2342 772 2677 827 Salomonetn
2696 771 2893 827 dictum
2915 782 3017 837 est,
3044 772 3154 828 Deo
3176 773 3520 841 tribueretur;
3539 786 3815 845 peccatum

2230 874 2406 919 autem
2437 864 2668 919 hominis
2698 863 2919 919 homini.
2956 863 3096 932 Quid
3135 866 3331 921 mirum
3371 868 3497 937 quia
3536 868 3589 923 in
3618 870 3815 939 populo

2232 955 2324 1011 Dei
2351 956 2543 1011 cecidit
2561 955 2852 1011 Salomon?
2890 956 2947 1011 in
2974 956 3220 1025 paradiso
3250 974 3355 1012 non
3377 959 3571 1015 cecidit
3594 961 3761 1015 Adam
3791 962 3816 1014 ’ἰ

2228 1047 2345 1102 Non
2369 1048 2561 1102 cecidit
2586 1048 2655 1102 de
2683 1047 2822 1104 ccelo
2849 1049 3068 1118 angelus
3085 1090 3101 1115 ,
3129 1057 3185 1105 et
3225 1049 3469 1107 diabolus
3495 1051 3663 1108 factus
3686 1062 3768 1108 est
3792 1053 3815 1106 '3

2228 1138 2351 1193 Ideo
2390 1138 2645 1194 docemur
2674 1140 2728 1193 in
2754 1140 2900 1195 nullo
2925 1139 3203 1195 hominum
3244 1155 3397 1210 spem
3437 1157 3560 1199 esse
3606 1158 3815 1213 ponen-

2228 1230 2372 1284 dam.
2399 1229 2533 1296 Quia
2561 1238 2616 1285 et
2644 1232 2745 1285 iste
2769 1230 3020 1286 Salomon
3047 1230 3410 1289 aediﬁcaverat
3431 1233 3686 1303 templum
3710 1234 3816 1289 Do-

2227 1323 2371 1377 mino
2402 1321 2421 1394 (
2443 1321 2529 1376 Μ».
2559 1322 2679 1392 v1),
2731 1323 2782 1376 in
2829 1333 2952 1393 typo
2995 1322 3296 1392 quidemet
3336 1323 3391 1378 in
3429 1324 3597 1394 ﬁgura
3622 1324 3815 1381 futura:

2228 1415 2479 1470 Ecclesiae
2509 1424 2563 1469 et
2603 1415 2845 1485 corporis
2876 1416 3118 1481 Domini;
3146 1415 3288 1472 unde
3332 1416 3461 1472 dicit
3490 1418 3542 1471 in
3571 1419 3814 1488 Evange-

2224 1506 2327 1573 lio,
2359 1506 2551 1561 Solvite
2595 1507 2838 1577 templum
2884 1507 3013 1573 hoc,
3043 1509 3169 1562 etin
3220 1508 3389 1563 triduo
3432 1510 3655 1564 excitabo
3684 1511 3815 1564 illud

2230 1597 2405 1668 (Joan.
2437 1614 2494 1663 ιι,
2527 1597 2614 1668 19)
2646 1613 2662 1652 :
2689 1599 2810 1668 quia
2837 1613 2964 1667 ergo
2994 1600 3107 1668 ipse
3129 1598 3486 1655 :ediﬁcaverat
3512 1600 3643 1661 illud
3676 1610 3815 1657 tem-

2223 1690 2391 1759 plum,
2420 1690 2701 1745 aadiﬁcavit
2728 1689 2830 1744 sibi
2860 1690 3115 1759 templum
3147 1706 3303 1745 verus
3327 1689 3579 1751 Salomon
3626 1692 3812 1747 Domi-

2222 1798 2325 1836 nus
2369 1791 2550 1837 noster
2595 1782 2752 1838 .lesus
2778 1782 3024 1837 Christus
3052 1823 3068 1846 ,
3113 1798 3269 1841 verus
3308 1781 3581 1851 paciﬁcus.
3604 1782 3812 1841 Nomen

2222 1873 2365 1928 enim
2410 1873 2711 1927 Salomonis
2759 1873 3138 1942 interpretatur
3182 1874 3443 1935 Paciﬁcus
3472 1894 3486 1928 :
3516 1884 3599 1935 est
3632 1886 3813 1931 autem

2219 1964 2311 2019 ille
2334 1979 2494 2019 verus
2520 1966 2789 2033 paciﬁcus,
2817 1964 2883 2020 de
2909 1981 3014 2033 quo
3062 1965 3191 2019 dicit
3226 1966 3517 2036 Apostolus
3542 2008 3557 2033 ,
3586 1966 3709 2037 Ipse
3738 1978 3814 2023 est

2219 2058 2352 2111 enim
2376 2073 2482 2128 pax
2508 2068 2698 2122 nostra,
2724 2058 2809 2127 qui
2829 2059 2945 2129 fecit
2969 2068 3176 2125 utraque
3198 2076 3374 2113 unum.
3403 2058 3523 2129 Ipse
3540 2069 3625 2121 est.
3646 2076 3813 2119 uerus

2218 2150 2499 2218 paciﬁcus,
2531 2151 2618 2220 qui
2648 2150 2783 2205 duos
2815 2152 3044 2219 parietes
3067 2167 3098 2204 e
3123 2151 3339 2208 diverso
3361 2152 3636 2211 venientes
3664 2153 3723 2208 in
3752 2169 3816 2209 se

2223 2244 2511 2311 cepnlavit,
2537 2243 2729 2313 quibus
2758 2243 2926 2299 factus
2949 2252 3037 2301 est
3075 2244 3210 2314 lapis
3237 2246 3506 2317 anguinis
3529 2286 3544 2311 ,
3576 2248 3812 2307 venienti

2215 2335 2413 2403 populo
2444 2350 2511 2390 ex
2536 2335 2941 2392 circumcisione
2960 2336 3286 2392 credentium
3312 2379 3327 2402 ,
3356 2348 3408 2394 et
3451 2339 3678 2397 venienti
3711 2355 3813 2409 po-

2216 2426 2343 2493 pulo
2392 2441 2459 2481 ex
2491 2427 2748 2495 praeputio
2792 2426 3043 2483 Gentium
3088 2437 3142 2484 et
3170 2430 3407 2498 ipsorum
3433 2432 3811 2497 credentium;

2212 2514 2338 2570 fecit
2367 2533 2522 2572 unam
2565 2517 2857 2573 Ecclesium
2883 2518 2951 2574 de
2978 2518 3187 2574 duobus
3218 2519 3434 2589 populis
3460 2561 3477 2588 ,
3510 2520 3680 2577 factus
3727 2531 3813 2577 est

2214 2606 2319 2663 illis
2346 2607 2481 2676 lapis
2508 2608 2776 2677 angularis
2814 2609 2832 2678 (
2857 2608 3049 2678 Epltes.
3080 2625 3135 2674 ιι,
3169 2610 3399 2681 14-22),
3432 2620 3485 2667 et
3512 2612 3635 2668 ideo
3682 2629 3812 2671 vero

2214 2696 2487 2765 paciﬁcus.
2518 2697 2648 2765 Quia
2674 2714 2800 2769 ergo
2828 2700 2917 2755 ille
2942 2716 3100 2755 verus
3120 2700 3373 2757 Salomon
3393 2702 3677 2769 ;Salomon
3711 2722 3811 2761 auo

2212 2798 2315 2844 tem
2368 2790 2455 2843 ille
2485 2790 2622 2845 ﬁlius
2652 2791 2815 2845 David
2858 2790 2925 2846 de
2968 2793 3190 2848 muliere
3232 2793 3526 2852 Betbsabee
3556 2798 3575 2867 (
3602 2797 3647 2850 11
3672 2798 3803 2869 Reg.

2208 2897 2305 2949 xu,
2334 2882 2405 2937 24
2427 2882 2469 2953 ),
2493 2898 2587 2939 rex
2614 2883 2775 2939 lsrael
2800 2925 2820 2950 ,
2850 2884 3069 2956 ﬁguram
3098 2887 3341 2957 gestabat
3368 2888 3529 2960 huius
3572 2890 3803 2960 paciﬁci,

2208 2974 2417 3044 quando
2440 2976 2695 3045 templum
2727 2976 3044 3032 aediﬁcavit:
3072 2978 3194 3033 ideo
3216 2995 3283 3035 ne
3300 2979 3451 3035 illum
3482 2990 3638 3050 putes
3654 2981 3806 3037 Salo-

2206 3081 2421 3121 monem
2448 3068 2535 3136 qui
2566 3067 2847 3123 aediﬁcavit
2872 3069 3085 3124 domum
3114 3072 3243 3139 Deo,
3269 3071 3431 3127 alium
3460 3072 3802 3129 Salomonem

2207 3156 2304 3210 tibi
2352 3158 2640 3211 ostendens
2685 3159 2955 3228 Scriptura
2995 3161 3071 3215 sic
3099 3160 3262 3230 coepit
3299 3162 3354 3217 in
3384 3163 3595 3218 Psalmo
3625 3181 3637 3217 :
3684 3163 3802 3219 Nisi

2206 3246 2457 3302 Dominus
2502 3248 2827 3317 aediﬁcaverit
2857 3251 3060 3304 domum
3085 3294 3100 3317 ,
3128 3254 3181 3306 in
3208 3270 3395 3307 vanum
3443 3253 3795 3309 laboraverunt

2202 3340 2510 3407 ludificantes
2540 3357 2668 3394 eam.
2702 3342 2956 3396 Dominus
2977 3358 3107 3415 ergo.
3130 3344 3357 3405 aediﬁcat
3384 3345 3602 3400 domum
3633 3387 3650 3410 ,
3696 3347 3800 3400 Do-

2203 3434 2380 3487 minu’s
2408 3433 2563 3489 Iesus
2585 3432 2826 3490 Christus
2848 3436 3075 3495 aediﬁcat
3094 3436 3311 3493 domum
3333 3454 3505 3493 suam.
3526 3439 3796 3495 Laborant

2201 3529 2786 3595 multiimediﬁcaudo;
2818 3530 2912 3585 sed
2927 3530 2975 3584 si
2996 3545 3100 3586 non
3132 3531 3222 3588 ille
3254 3531 3502 3599 aediﬁcet,
3524 3532 3579 3586 in
3610 3548 3797 3587 vanum

2201 3620 2550 3672 laboraverunt
2579 3619 2888 3687 ludiﬁcantes
2927 3636 3053 3674 eam.
3111 3621 3209 3687 Qui
3253 3630 3379 3678 sunt
3405 3622 3496 3690 qui
3552 3622 3797 3679 laborant

2201 3708 2529 3764 aediﬁcantes
2550 3710 2572 3762 ?
2599 3708 2796 3765 Omnes
2814 3712 2899 3780 qui
2924 3711 2975 3764 in
3000 3711 3238 3767 Ecclesia
3264 3712 3553 3781 praedicant
3571 3714 3794 3770 verbum

2199 3797 2315 3863 Dei,
2353 3800 2577 3853 ministri
2623 3799 3089 3856 Sacramentorum
3122 3802 3238 3857 Dei.
3260 3802 3459 3859 Omnes
3479 3804 3787 3871 currimus,

2199 3903 2385 3944 omnes
2416 3890 2745 3956 laboramus,
2775 3907 2961 3949 omnes
2992 3892 3315 3948 aediﬁcamus
3358 3895 3518 3950 modo
3543 3912 3558 3960 ;
3585 3904 3640 3951 et
3670 3904 3793 3950 ante

2200 3997 2298 4035 nos
2321 3996 2687 4049 cucurrerunt,
2710 3985 3103 4052 laboraverunt,
3119 3986 3516 4043 ardiﬁcaverunt
3539 4005 3556 4043 :
3582 3988 3679 4045 sed
3696 3988 3793 4042 nisi

2197 4071 2446 4128 Dominus
2474 4074 2797 4143 azdi/icaverit
2847 4076 3050 4129 domum
3073 4116 3090 4141 ,
3121 4077 3175 4130 in
3200 4092 3387 4131 vanum
3415 4078 3788 4145 laboraverunt,

2196 4164 2503 4233 aediﬁcantes
2538 4181 2669 4219 eam.
2715 4165 2841 4221 ideo
2885 4166 3141 4235 quosdam
3173 4167 3414 4222 videntes
3441 4184 3600 4224 ruere
3642 4169 3788 4238 Apo-

2195 4255 2339 4321 stoli,
2368 4265 2421 4310 et
2450 4257 2659 4325 proprie
2690 4257 2883 4311 Paulus
2905 4258 2978 4312 ait
3009 4274 3021 4309 :
3052 4256 3173 4310 Dies
3199 4258 3489 4326 observatis,
3521 4268 3569 4314 et
3594 4276 3779 4327 annos,

2194 4354 2241 4398 et
2262 4362 2452 4399 menses
2476 4387 2489 4409 ,
2521 4355 2567 4399 et
2595 4356 2857 4417 tempora;
2888 4348 3034 4401 timeo
3069 4363 3155 4401 vos
3182 4349 3224 4415 ί,
3257 4366 3319 4404 ne
3341 4348 3471 4419 forte
3496 4350 3605 4405 sine
3633 4368 3790 4405 causa

2196 4434 2523 4490 laboraverim
2550 4439 2601 4491 in
2629 4453 2713 4491 vos
2744 4437 2951 4508 (Colat.
2985 4455 3057 4505 tv,
3102 4439 3191 4506 10,
3224 4441 3285 4499 ii
3390 4442 3527 4510 Quia
3564 4451 3787 4501 noverat

2193 4542 2251 4583 se
2279 4530 2419 4582 intus
2444 4546 2472 4583 a
2501 4518 2721 4584 Domino
2737 4530 3010 4593 mdiﬁcari,
3036 4531 3319 4601 plangebat
3340 4532 3493 4601 istos,
3517 4534 3645 4604 quia
3667 4534 3786 4590 sine

2193 4636 2351 4675 causa
2380 4621 2713 4677 laboraverat
2742 4623 2793 4675 in
2824 4624 2921 4678 eis.
2946 4623 3052 4678 Nos
3078 4640 3201 4697 ergo
3224 4625 3489 4696 loquimur
3516 4626 3671 4693 foris,
3694 4628 3783 4682 ille

2193 4711 2417 4767 aediﬁcat
2461 4712 2622 4767 intus.
2653 4698 2935 4779 Quomodo
2965 4714 3193 4770 audiatis
3220 4756 3236 4781 ,
3285 4731 3385 4771 nos
3412 4715 3779 4784 advertimus;

2193 4805 2319 4876 quid
2343 4806 2607 4877 cogitetis,
2636 4807 2725 4861 ille
2752 4808 2899 4862 solus
2926 4808 3074 4862 novit
3098 4808 3187 4878 qui
3209 4809 3557 4880 cogitationes
3575 4818 3783 4865 vestras

2190 4897 2350 4952 videt.
2381 4897 2500 4967 lpsc
2526 4896 2753 4951 aediﬁcat
2773 4940 2786 4964 ,
2816 4899 2930 4967 ipse
2952 4907 3134 4953 monet
3154 4940 3167 4964 ,
3197 4899 3310 4969 ipse
3338 4908 3524 4964 terret,
3558 4900 3673 4969 ipse
3694 4898 3782 4954 in-

2190 4988 2461 5043 tellectum
2488 4987 2683 5057 aperit,
2736 4987 2847 5058 ipse
2881 4989 2946 5042 ad
2977 4989 3134 5043 ﬁdem
3162 4980 3391 5061 applicat
3429 5006 3646 5044 sensum
3685 5006 3780 5045 ve-

2190 5091 2360 5139 strum
2386 5100 2399 5135 :
2427 5091 2480 5136 et
2500 5091 2674 5137 tamen
2699 5083 3001 5137 laboramus
3026 5094 3079 5137 et
3104 5098 3204 5139 nos
3241 5093 3489 5154 tanquam
3510 5084 3780 5153 operarii;

2190 5172 2284 5227 sed
2304 5173 2400 5226 nisi
2420 5172 2667 5227 Dominus
2692 5172 3017 5242 wdiﬁcaverit
3045 5174 3271 5243 domum,
3296 5176 3351 5229 in
3375 5174 3562 5230 vanum
3579 5174 3783 5247 labora-

2189 5273 2361 5319 verunt
2387 5248 2853 5332 mdi/icantesieam.

2261 5354 2314 5408 5.
2345 5354 2473 5420 Qum
2509 5364 2686 5408 autem
2714 5353 2905 5409 domus
2945 5354 3058 5421 Dei,
3109 5364 3163 5409 et
3195 5356 3308 5426 ipsa
3344 5355 3549 5410 civitas.
3581 5355 3783 5410 Domus

2189 5447 2330 5502 enim
2360 5445 2474 5513 Dei,
2504 5446 2729 5515 populus
2748 5446 2866 5513 Dei;
2889 5448 3009 5518 quia
3028 5446 3217 5501 domus
3239 5447 3356 5514 Dei,
3387 5446 3645 5517 templum
3664 5447 3780 5501 Dei.

2191 5538 2259 5593 Et
2286 5536 2411 5609 quid
2452 5537 2580 5592 dicit
2607 5538 2935 5609 Apostolus?
2965 5536 3229 5609 Templum
3270 5538 3404 5593 enim
3430 5536 3526 5591 Dei
3550 5547 3779 5592 sanctum

2256 5714 2273 5745 ί
2300 5713 2371 5762 sic
2401 5717 2509 5773 uss.
2538 5717 2593 5762 At
2613 5711 2727 5763 Edd.
2752 5718 2937 5773 carent,
2958 5726 3037 5765 vos
3062 5726 3081 5764 :
3099 5720 3152 5765 et
3173 5713 3296 5764 intra
3310 5712 3515 5773 habent,
3535 5708 3782 5762 laborare»

2192 5772 2519 5827 riminwbl's.
