2037 3233
113 161 186 193 1669

116 225 161 251 est,
176 216 245 253 quod
257 214 315 242 eatis
328 221 370 241 vos
385 211 406 246 (I
420 210 479 240 Cor.
491 218 529 244 ιιι,
546 210 601 245 i7).
626 209 724 236 Omnes
738 212 825 234 autem
842 206 906 233 lide-

117 267 165 298 Ies,
177 271 237 298 quae
250 267 290 290 est
302 261 397 288 domus
413 258 469 290 Dei,
496 266 547 284 non
569 256 653 283 solum
675 256 719 290 qui
742 254 820 282 modo
836 257 907 286 sunt,

116 311 163 339 sed
174 316 201 338 et
214 309 257 345 qui
273 311 333 334 ante
346 314 394 333 nos
410 305 514 332 fuerunt
528 308 553 330 et
566 303 619 338 jam
635 301 809 332 dormierunt,
825 304 851 326 ct
864 299 909 334 qui

117 363 179 394 post
192 364 240 384 nos
255 354 335 382 futuri
349 357 420 385 sunt,
439 352 524 379 adhuc
538 351 581 386 qui
593 350 664 376 nasci
679 349 776 376 habent
791 349 816 374 in
830 348 909 374 rebus

118 403 241 432 humanis
256 409 339 437 usque
358 401 383 427 in
399 401 476 426 linem
493 397 593 430 szeculi,
615 396 765 431 congregati
784 396 810 422 in
829 402 908 421 unum

118 450 210 478 lideles
223 446 436 480 innumerabiles,
455 445 500 472 sed
517 445 629 470 Domino
645 443 785 473 numerati,
802 442 835 468 de
849 441 909 475 qui—

118 498 167 525 bus
193 495 257 523 dicit
283 493 438 529 Apostolus,
466 491 543 517 Novit
570 489 693 516 Dominus
717 488 758 523 qui
777 492 833 514 sunt
857 488 910 521 ejus

119 544 155 578 (Il
170 543 239 570 Tim.
262 549 290 573 ll,
312 539 356 576 19)
370 548 376 572 ;
402 545 482 573 grana
497 537 540 564 illa
556 544 615 571 quae
629 535 707 563 modo
721 539 829 569 gemunt
843 534 911 560 inter

120 591 217 626 paleas,
231 597 289 625 qum
304 594 418 615 massam
431 593 508 612 unam
525 584 624 612 factura
643 588 713 614 sunt,
730 582 834 616 quando
849 588 911 607 area

120 639 145 664 iu
165 637 216 663 line
238 634 317 661 fuerit
338 632 461 660 ventilata
482 630 586 666 (Matt/1.
603 637 640 659 iu,
654 628 697 663 12)
715 637 721 654 :
743 627 830 654 omnis
849 633 912 660 ergo

120 689 246 710 numerus
268 676 384 708 (idelium
399 682 559 705 sanctorum,
582 684 613 701 ex
630 674 780 701 Iiomiuibus
794 680 912 699 commu-

120 729 260 756 tandorum
275 731 303 753 ut
313 727 375 752 liant
386 723 500 759 :equalcs
512 721 621 756 Angelis
634 720 688 751 Dei,
701 719 816 754 adjuncti
833 718 911 744 etiam

120 776 169 810 ipsi
181 774 300 809 Angelis,
316 772 358 807 qui
374 770 451 797 modo
467 777 519 796 non
533 769 743 803 peregrinantur,
759 765 805 793 sed
819 774 912 800 exspe-

120 825 191 848 ctant
208 827 257 847 nos
271 817 376 854 quando
390 824 403 843 a
420 814 631 850 peregrinatione
647 813 786 840 redeamus
799 820 805 842 ;
821 819 913 837 omnes

120 866 199 893 simul
218 873 298 893 unam
312 863 420 891 domum
441 862 485 888 Dei
503 861 607 891 faciunt,
635 865 659 887 et
674 867 752 886 uuam
769 858 912 884 civitatem.

122 914 179 948 Ipsa
195 917 237 940 est
254 910 409 939 Jerusalem.
429 909 511 935 liabet
527 907 650 934 custodes
668 915 673 931 :
689 905 821 940 quomodo
835 903 914 930 habet

121 959 292 989 :rdilieantes,
308 957 459 983 laborantes
475 959 502 981 ut
513 953 673 983 attlilicetur;
691 952 728 978 sic
739 951 818 977 habet
831 955 857 977 et
870 958 915 977 cu-

121 1005 277 1032 stodientes.
303 1003 368 1030 Nam
395 1002 427 1028 ad
450 1000 596 1027 custodiam
623 999 737 1033 pertinet
759 998 827 1032 quod
851 997 913 1023 dicit

122 1051 283 1086 Apostolus:
301 1049 384 1076 Timeo
400 1057 429 1074 ne
441 1048 502 1074 sicut
517 1053 617 1080 serpens
634 1044 710 1070 Evam
727 1043 825 1070 seduxit
843 1048 913 1069 nstit—

123 1097 158 1124 lia
175 1105 232 1130 sua,
256 1096 291 1122 sic
313 1099 335 1121 et
354 1099 441 1121 vestra
458 1096 548 1118 mentes
563 1094 758 1125 corrumpantur
772 1098 787 1114 tl
804 1089 916 1114 caslilttle

123 1151 179 1178 qute
195 1142 267 1169 estin
281 1141 379 1168 Christo
395 1140 432 1175 (II
445 1138 502 1166 Cor.
519 1146 554 1169 χι,
568 1136 605 1171 5).
629 1135 810 1167 Custodiebat,
827 1140 916 1160 custos

125 1194 182 1216 erat
195 1189 202 1204 ¹
216 1197 223 1220 ;
239 1187 371 1222 vigilabat,
395 1190 520 1220 quantum
536 1187 647 1218 poterat,
671 1189 750 1215 super
765 1188 810 1208 eos
822 1180 916 1215 quibus

124 1238 246 1269 praeerat.
265 1233 296 1259 Et
307 1232 422 1267 episcopi
437 1231 485 1256 hoc
501 1229 607 1255 faciunt.
624 1228 687 1254 Nam
706 1227 766 1253 ideo
783 1227 860 1253 altior
876 1226 916 1251 lo~

123 1287 170 1307 cus
183 1279 286 1315 positus
301 1282 342 1305 est
361 1275 500 1311 episcopis,
528 1279 555 1301 ut
569 1274 617 1308 ipsi
635 1272 865 1308 superintendant,
890 1275 918 1298 et

124 1332 251 1361 tanquam
266 1324 415 1352 custodiant
428 1322 562 1357 populum.
580 1320 644 1346 Nam
658 1324 683 1346 et
696 1327 782 1354 gra-ce
795 1318 864 1351 quod
876 1317 916 1344 di-

123 1373 194 1400 citur
214 1372 365 1407 episcopus,
387 1369 437 1395 hoc
450 1368 529 1395 latine
543 1367 741 1400 superintentor
756 1365 915 1398 interpreta-

126 1424 184 1451 tur;
199 1418 259 1453 quia
275 1414 476 1451 superintendit,
490 1413 549 1448 quia
561 1412 674 1445 desuper
686 1411 766 1437 videt.
779 1409 918 1443 Quomodo

125 1466 196 1493 enim
211 1463 317 1491 vinitori
331 1462 408 1489 altior
423 1461 450 1487 [it
462 1461 535 1486 locus
550 1458 582 1485 ad
593 1457 792 1485 custodiemlam
803 1457 916 1486 vineam,

126 1512 163 1539 sic
176 1515 202 1538 et
215 1509 345 1546 episcopis
359 1508 435 1534 altior
448 1507 522 1533 locus
536 1504 619 1531 factus
634 1509 683 1530 est.
706 1503 739 1529 Et
755 1502 786 1529 de
801 1503 851 1529 isto
865 1502 919 1528 alio

127 1559 186 1585 loco
200 1556 345 1592 periculosa
361 1553 480 1581 redditur
501 1551 576 1581 ratio,
599 1550 646 1576 nisi
672 1557 703 1576 eo
718 1549 797 1575 corde
818 1554 919 1575 stemus

126 1603 180 1635 hic,
191 1607 219 1629 ut
230 1601 376 1628 humilitate
386 1599 435 1626 sub
446 1597 556 1632 pedibus
566 1595 660 1622 vestris
671 1595 764 1625 simus,
777 1598 802 1620 et
815 1602 861 1627 pro
875 1601 920 1618 vo—

127 1648 167 1675 bis
176 1654 292 1679 oremus,
306 1646 385 1680 utqui
397 1644 469 1671 novit
481 1648 584 1669 mentes
597 1645 698 1667 vestras
711 1641 765 1673 ipse
777 1639 917 1664 t‘tliltitiiat.

128 1694 193 1728 Quia
207 1701 256 1720 nos
269 1693 395 1718 intrantes
410 1697 456 1716 vos
468 1694 493 1715 et
509 1691 636 1715 exeuntes
652 1693 793 1720 possumus
809 1684 898 1710 videre
912 1693 917 1715 ;

128 1748 212 1775 usque
224 1739 290 1766 adeo
303 1743 389 1765 autem
406 1744 457 1763 nou
473 1736 592 1761 videmus
607 1733 668 1768 quid
685 1732 806 1766 cogitetis
822 1732 846 1757 in
858 1739 919 1757 cor-

129 1786 206 1813 dibus
220 1785 325 1815 vestris,
342 1787 371 1809 ut
386 1789 470 1816 neque
483 1781 545 1815 quid
560 1780 643 1813 agatis
653 1779 677 1805 in
690 1778 812 1804 domibus
826 1778 919 1804 rostris

130 1833 220 1860 videre
236 1831 378 1865 possimus.
403 1828 541 1862 Quomodo
555 1834 617 1861 ergo
640 1825 823 1852 custodimus?
847 1824 920 1856 Quo—

130 1878 209 1906 modo
225 1877 364 1906 homines;
380 1878 504 1908 quantum
530 1879 680 1906 possumus,
703 1874 829 1904 quantum
844 1877 920 1895 accc-

130 1925 226 1959 pimus.
240 1923 271 1950 Et
282 1922 342 1957 quia
358 1928 405 1947 nos
416 1920 483 1946 sicut
498 1918 617 1943 homines
632 1916 805 1946 custodimus,
823 1919 849 1941 et
861 1923 922 1948 per--

131 1971 198 1997 lecte
222 1969 355 1996 custodire
380 1974 431 1993 non
455 1971 611 1999 possumus,
645 1962 703 1988 ideo
730 1961 786 1986 sine
814 1959 922 1986 custode

129 2013 321 2044 remanebitis?
343 2013 426 2039 Absit.
443 2011 507 2037 Nam
524 2010 567 2036 ubi
582 2014 620 2035 est
635 2008 678 2034 ille
693 2008 725 2034 de
741 2015 792 2040 quo
815 2006 920 2038 dicitur,

131 2061 189 2088 Nisi
205 2060 329 2086 Dominus
342 2057 486 2084 custodierit
500 2056 632 2086 civitatem,
655 2054 680 2079 in
698 2061 788 2079 vanum
803 2052 923 2078 laborari:

132 2107 171 2141 qui
182 2104 291 2132 custodit
305 2103 380 2129 eam?
394 2102 556 2128 Laboramus
572 2100 596 2125 in
617 2097 799 2125 custodiendo.
815 2096 860 2123 sed
877 2104 922 2122 va-

132 2159 181 2179 nus
195 2154 237 2178 est
249 2149 324 2176 labor
335 2151 435 2179 noster,
461 2146 510 2172 nisi
527 2145 571 2171 ille
586 2143 717 2171 custodiat
732 2142 776 2176 qui
790 2141 861 2168 videt
877 2148 923 2168 co—

132 2196 272 2232 gitationes
285 2197 396 2221 vestras.
407 2191 528 2219 Custodit
539 2190 582 2216 ille
596 2197 654 2216 cum
668 2188 793 2223 vigilatis,
810 2187 924 2214 custodit

133 2245 159 2269 et
183 2248 244 2269 cum
269 2238 458 2267 dormieritis'.
485 2236 530 2263 llle
559 2235 629 2262 enim
653 2234 777 2260 dormivit
798 2233 823 2259 iu
846 2240 924 2259 cruce

134 2287 229 2321 semei,
247 2290 275 2314 et
294 2285 428 2317 surrexit;
448 2284 500 2317 jam
522 2290 573 2309 non
589 2280 697 2308 dormit.
715 2279 806 2306 Estote
828 2278 922 2310 Israel;

134 2332 196 2368 quia
224 2339 276 2359 non
302 2330 409 2361 dormit,
431 2336 517 2363 neque
541 2326 704 2356 dormitabit,
739 2325 783 2359 qui
809 2324 926 2351 custodit

134 2377 216 2406 Israel
242 2375 326 2412 (Psal.
351 2383 412 2407 cxx,
436 2374 474 2409 4).
496 2374 552 2405 Eia,
577 2372 680 2403 fratres,
699 2371 720 2397 si
741 2370 863 2396 volturnus
878 2369 926 2396 sub

136 2424 230 2453 umbra
244 2422 346 2450 alarum
357 2421 402 2448 Dei
415 2419 552 2451 custodiri,
568 2418 651 2445 simus
664 2417 744 2443 Israel
754 2417 774 2443 ⁸.
805 2415 927 2442 Custodi-

136 2477 196 2498 mus
209 2469 281 2498 enim
294 2475 342 2496 vos
354 2475 388 2495 ex
400 2465 488 2494 ofﬁcio
502 2463 724 2501 dispensationis;
739 2463 785 2489 sed
800 2462 926 2489 custodiri

137 2516 262 2543 volumus
273 2514 420 2542 vobiscum.
434 2512 571 2546 Tanquam
589 2510 664 2537 vobis
677 2514 798 2544 pastores
814 2516 905 2535 sumus
918 2529 924 2541 ,

136 2562 183 2590 sed
197 2562 246 2589 sub
263 2561 309 2588 illo
322 2560 432 2588 Pastore
444 2558 579 2586 vobiscum
594 2564 658 2584 oves
675 2563 776 2582 sumus.
791 2555 926 2589 Tanquam

137 2607 213 2635 vobis
225 2615 258 2635 ex
278 2607 331 2634 hoc
344 2606 403 2634 loco
422 2605 545 2632 doctores
558 2611 670 2636 sumus;
690 2602 736 2629 sed
753 2602 801 2628 Sui)
815 2602 860 2628 illo
876 2608 927 2627 uno

139 2655 263 2690 Magistro
275 2654 302 2681 in
318 2653 367 2680 bac
382 2651 472 2680 schola
487 2651 624 2677 vobiscum
638 2648 811 2683 condiscipuli
826 2655 925 2674 sumus.

173 2701 200 2729 4.
215 2699 290 2737 [υεη.
303 2698 345 2736 2.]
358 2699 386 2727 Si
401 2698 524 2725 volumus
537 2696 662 2724 custodiri
675 2697 708 2723 ab
720 2695 765 2721 illo
782 2694 825 2729 qui
840 2693 927 2721 humi-

169 2757 179 2773 ι
188 2757 225 2781 sic
233 2755 325 2782 aliquot
334 2759 385 2780 Mss.
396 2753 440 2779 Alii
450 2756 531 2778 autem
543 2752 665 2782 omittunt,
677 2754 755 2776 custos
767 2753 818 2776 erat
833 2756 842 2775 :
857 2751 926 2781 cujus

139 2787 193 2813 loco
204 2783 260 2812 add.
271 2783 372 2819 habent,
384 2787 467 2810 cautus
474 2786 535 2819 erat.

169 2819 180 2835 ²
192 2822 230 2844 Er.
242 2818 316 2849 Lugd.
328 2820 464 2849 vember“
473 2815 591 2849 dormitis.
635 2817 667 2849 tu:

171 2849 182 2866 ³
192 2844 369 2877 ιδὼεεςέἲθὼιι,
378 2844 545 2874 simus/smel,
556 2845 642 2879 absunt
649 2844 680 2868 ab
691 2848 740 2879 am.
753 2846 876 2879 eia-uss,
884 2848 930 2866 nec

140 2873 279 2907 100θέθῇιί
290 2873 445 2907 videbuntur,
458 2878 479 2902 si
489 2874 740 2909 sententiahsupcrior
751 2875 788 2909 .ad
802 2874 824 2908 id
836 2873 928 2897 refera-

141 2903 350 2944 Hrj'm‘pt'dib
361 2910 420 2935 intra
432 2903 566 2940 subjicitur.
577 2903 677 2936 scilicel,
692 2903 791 2930 humilia
803 2904 885 2929 simus.

649 149 847 182 ENARBATIO
866 148 898 177 IN
918 148 1077 178 PSALMUM
1095 149 1212 179 CXXVI.

1683 150 1752 184 1670

965 206 1043 236 liatus
1055 211 1096 236 est
1110 212 1217 243 propter
1229 214 1287 241 nos,
1303 211 1331 236 et
1342 207 1472 237 exaltatus
1490 211 1531 236 est
1551 208 1585 236 ad
1599 209 1752 237 custodien-

962 252 1010 281 dos
1024 261 1081 287 nos,
1105 254 1218 282 humiles
1237 254 1328 282 simus.
1350 254 1432 282 Nemo
1455 255 1504 282 sibi
1521 259 1628 290 arroget
1641 255 1752 290 aliquid.

962 297 1045 326 Nemo
1072 299 1150 328 habet
1177 300 1276 335 aliquid
1299 300 1372 334 boni,
1406 300 1456 327 nisi
1480 301 1514 329 ab
1540 300 1585 329 illo
1608 302 1749 337 acceperit,

963 346 1006 380 qui
1031 346 1103 377 solus
1126 346 1211 374 bonus
1233 351 1282 374 est.
1315 346 1364 380 Qui
1388 351 1475 374 autem
1502 347 1552 375 sibi
1575 348 1688 375 voluerit
1710 356 1754 375 ar-

964 399 1057 427 rogare
1076 393 1249 427 sapientiam,
1272 393 1368 421 stultus
1389 398 1439 421 est.
1460 393 1500 423 Sit
1515 393 1632 428 humilis,
1656 398 1685 422 ut
1707 403 1754 423 ve-

964 437 1018 464 niat
1030 437 1159 473 sapientia
1173 443 1199 465 et
1213 438 1344 466 illuminet
1359 439 1444 467 illum.
1466 439 1493 467 Si
1509 445 1598 468 autem
1612 444 1755 476 antequam

964 483 1053 510 veniat
1075 483 1101 510 in
1120 483 1193 511 illum
1212 484 1350 519 sapientia,
1378 489 1454 520 putat
1474 493 1503 513 se
1516 493 1575 513 esse
1590 486 1754 523 sapientem;

964 534 1025 556 ante
1040 529 1125 556 lucem
1140 530 1233 565 surgit,
1259 535 1285 558 et
1299 531 1416 558 ambulat
1442 531 1469 559 in
1490 531 1617 560 tenebris.
1640 532 1674 560 Et
1693 532 1756 568 quid

965 575 1037 602 audit
1058 575 1084 601 in
1102 575 1153 602 isto
1170 576 1292 610 psalmo?
1312 576 1346 603 In
1360 585 1452 604 vanum
1467 582 1503 605 est
1524 578 1592 606 vobis
1606 583 1664 606 ante
1677 578 1757 606 lucem

965 629 1075 657 surgere.
1088 621 1155 655 Quid
1169 626 1223 654 est,
1239 621 1271 649 In
1286 631 1377 650 vanum
1400 628 1435 650 est
1448 624 1516 651 vobis
1536 629 1594 652 ante
1606 625 1686 652 lucem
1698 634 1757 653 mr-

966 668 1043 703 gere?
1057 668 1083 695 Si
1107 668 1221 703 surgatis
1243 673 1385 704 antequam
1406 675 1496 705 surgat
1515 670 1570 702 lux,
1586 678 1695 699 necesse
1717 676 1758 699 est

966 714 1030 740 utin
1045 714 1159 741 vanitate
1171 715 1339 747 remanentis,
1351 716 1412 750 quia
1426 716 1452 742 in
1465 716 1582 744 tenebris
1593 717 1677 745 eritis.
1690 717 1758 745 Sur-

966 759 1034 787 rexit
1050 760 1093 787 lux
1117 765 1206 787 nostra
1218 759 1356 793 Christus;
1379 760 1477 788 bonum
1492 767 1533 790 est
1554 762 1600 789 tibi
1620 767 1648 790 ut
1666 770 1759 798 surgas

967 810 1025 840 post
1040 805 1186 839 Christum,
1209 814 1261 833 non
1280 814 1373 842 surgas
1392 799 1454 834 ante
1468 806 1612 835 Christum.
1637 808 1687 843 Qui
1702 817 1760 836 sur-

967 854 1031 886 gunt
1046 856 1107 878 ante
1122 851 1279 879 Christum?
1303 852 1354 886 Qui
1369 860 1398 880 se
1414 853 1506 880 volunt
1517 861 1673 889 prmponere
1683 855 1760 883 Chri-

968 901 1019 924 sto.
1036 898 1066 924 Et
1088 898 1130 932 qui
1146 898 1266 933 suntqui
1290 905 1319 925 se
1339 898 1432 925 volunt
1455 906 1614 934 praeponere
1635 900 1760 928 Christo?

968 944 1018 977 Qui
1037 944 1131 971 volunt
1154 943 1198 971 hic
1220 944 1319 972 excelsi
1343 952 1418 977 esse,
1439 945 1483 972 ubi
1504 945 1613 973 humilis
1635 946 1679 973 ille
1701 946 1759 973 fuit.

968 990 1027 1018 Sint
1039 998 1103 1025 ergo
1117 990 1160 1017 hic
1175 990 1300 1024 humiles,
1325 991 1347 1018 si
1360 991 1452 1018 volunt
1465 991 1500 1019 ibi
1518 999 1577 1019 esse
1595 992 1703 1025 excelsi,
1719 992 1762 1020 ubi

969 1035 1089 1064 Christus
1101 1037 1224 1064 excelsus
1238 1041 1289 1064 est.
1304 1036 1349 1063 Ait
1363 1038 1433 1064 enim
1448 1037 1482 1064 de
1495 1037 1527 1064 iis
1540 1038 1583 1072 qui
1597 1038 1634 1065 illi
1648 1037 1771 1066 adhzeser

968 1087 1028 1109 rant
1037 1083 1097 1114 ﬁde,
1107 1084 1132 1109 in
1139 1082 1234 1117 quibus
1242 1086 1270 1110 et
1279 1090 1327 1109 nos
1335 1090 1437 1116 sumus,
1446 1083 1467 1109 si
1477 1086 1505 1110 et
1517 1090 1566 1110 nos
1575 1083 1600 1110 in
1612 1083 1686 1110 illum
1698 1091 1763 1118 puro

969 1129 1049 1156 corde
1063 1129 1195 1156 credimus
1207 1137 1213 1155 :
1230 1128 1318 1162 Pater,
1335 1129 1428 1163 inquit,
1444 1137 1506 1163 quos
1516 1130 1577 1156 milii
1587 1129 1693 1162 dedisti,
1707 1131 1763 1157 volo

969 1179 996 1202 ut
1018 1175 1058 1201 ubi
1073 1183 1118 1210 ego
1138 1183 1210 1208 sum,
1224 1179 1247 1202 et
1268 1174 1318 1210 ipsi
1334 1175 1384 1201 sint
1401 1182 1497 1201 mecum
1519 1174 1607 1210 (Joan.
1625 1183 1688 1207 xvu,
1705 1176 1762 1212 24).

970 1220 1092 1255 Magnum
1118 1221 1228 1253 donum,
1259 1228 1353 1256 magna
1378 1221 1474 1255 gratia,
1504 1229 1597 1256 magna
1612 1222 1763 1256 promissio,

971 1266 1065 1294 fratres
1080 1267 1130 1293 mei
1143 1267 1149 1293 ι
1168 1267 1202 1293 Et
1213 1267 1272 1302 quis
1286 1274 1338 1294 non
1354 1267 1410 1294 vult
1433 1274 1493 1294 esse
1507 1275 1566 1294 cum
1581 1267 1698 1301 Christo,
1718 1268 1765 1296 ubi

971 1318 1011 1340 est
1021 1312 1160 1340 Christus?
1178 1312 1229 1340 Sed
1239 1312 1293 1347 jam
1307 1313 1429 1340 excelsus
1443 1312 1564 1340 Christus
1579 1322 1585 1339 ε
1602 1313 1641 1340 vis
1654 1314 1691 1341 ibi
1705 1321 1764 1342 esse

971 1359 1015 1386 ubi
1037 1364 1077 1385 est
1097 1359 1240 1386 excelsus?
1267 1359 1330 1386 Esto
1347 1359 1463 1392 humilis,
1487 1360 1530 1387 ubi
1550 1365 1578 1387 et
1592 1360 1635 1388 ille
1658 1361 1765 1389 humilis

972 1406 1029 1432 fuit.
1045 1406 1188 1440 Propterea
1205 1406 1257 1432 illis
1271 1406 1335 1432 dicit
1351 1406 1406 1440 ipsa
1422 1406 1468 1433 lux
1484 1415 1490 1433 :
1506 1405 1567 1433 Non
1579 1411 1614 1434 est
1627 1407 1766 1444 discipulus

971 1461 1048 1487 super
1071 1453 1229 1488 magistrum,
1260 1461 1303 1479 nec
1327 1461 1412 1479 servus
1435 1461 1511 1487 super
1538 1453 1667 1480 dominum
1693 1463 1767 1483 suum

974 1498 1078 1534 (Matt/1.
1094 1507 1120 1531 x,
1130 1498 1187 1534 Ἢ).
1200 1498 1249 1532 Qui
1259 1498 1513 1534 volebautdiscipuli
1525 1507 1584 1527 esse
1596 1507 1675 1535 super
1685 1501 1768 1536 magi-

972 1549 1074 1577 strum;
1090 1548 1117 1571 et
1131 1545 1200 1572 servi
1216 1545 1340 1572 volebant
1353 1552 1412 1572 esse
1427 1552 1507 1579 super
1526 1545 1663 1574 dominum
1677 1554 1765 1581 suum,

972 1596 1034 1618 ante
1049 1591 1134 1618 lucem
1151 1590 1275 1617 volebant
1289 1599 1416 1624 surgere;
1441 1592 1465 1618 in
1486 1600 1582 1619 vanum
1600 1593 1682 1625 ibant,
1706 1594 1766 1628 quia

973 1644 1025 1663 non
1041 1642 1098 1670 post
1112 1636 1197 1663 lucem
1212 1636 1294 1663 ibant.
1313 1636 1366 1663 lllis
1376 1644 1440 1672 ergo
1451 1637 1515 1664 dicit
1525 1638 1575 1665 iste
1589 1639 1717 1673 psalmus,
1734 1639 1768 1666 In

972 1690 1065 1709 vanum
1079 1687 1115 1708 est
1137 1682 1203 1708 vobis
1223 1686 1281 1708 ante
1299 1682 1379 1708 lucem
1393 1690 1504 1718 surgere.
1526 1682 1604 1711 Tales
1626 1689 1700 1711 erant
1722 1684 1768 1712 lilii

973 1728 1105 1761 Zebedtei,
1119 1728 1164 1762 qui
1176 1732 1317 1762 antequam
1332 1727 1537 1755 humiliarentur
1548 1729 1693 1756 secundum
1709 1737 1768 1765 pas-

974 1775 1076 1803 sionem
1092 1775 1206 1808 Domini,
1216 1774 1272 1809 jam
1285 1773 1334 1801 sibi
1347 1774 1404 1800 loca
1417 1773 1559 1809 eligebant,
1572 1774 1616 1801 ubi
1631 1775 1767 1808 sederent,

974 1830 1043 1849 unus
1056 1821 1089 1849 ad
1110 1821 1259 1854 dexteram,
1280 1820 1347 1848 alter
1369 1819 1402 1847 ad
1416 1820 1573 1848 sinistram:
1597 1825 1659 1848 ante
1681 1820 1768 1848 lucem

974 1867 1098 1894 volebant
1109 1874 1233 1902 surgere;
1248 1865 1308 1893 ideo
1319 1867 1343 1892 in
1354 1873 1450 1892 vanum
1462 1866 1544 1893 ibant.
1556 1867 1699 1894 Revocavit
1710 1868 1769 1896 illos

975 1914 1102 1940 Dominus
1113 1913 1144 1939 ad
1157 1912 1343 1943 humilitatem,
1358 1919 1418 1939 cum
1427 1912 1477 1939 hoc
1487 1912 1600 1946 audiret,
1615 1917 1642 1940 et
1652 1913 1688 1940 ait
1699 1913 1767 1941 illis:

977 1959 1085 1986 Potestis
1095 1959 1176 1985 bibere
1188 1958 1291 1985 calicem
1304 1966 1377 1991 quem
1387 1966 1431 1993 ego
1444 1957 1564 1985 bibiturus
1583 1966 1638 1985 sum
1652 1958 1707 1992 (Id.
1723 1967 1768 1993 xx,

974 2005 1019 2035 21,
1028 2003 1082 2039 22).
1097 2005 1150 2038 Ego
1158 2004 1215 2031 veni
1227 2003 1331 2029 humilis
1337 2011 1407 2036 esse,
1419 2007 1446 2030 et
1453 2010 1500 2030 vos
1506 2008 1567 2031 ante
1574 2011 1616 2031 me
1623 2004 1702 2031 vultis
1710 2012 1770 2033 esse

976 2050 1092 2077 excelsi?
1106 2050 1161 2083 Qua
1177 2058 1226 2084 ego
1239 2057 1282 2082 eo,
1299 2049 1359 2077 illac
1374 2050 1526 2085 sequimini,
1541 2050 1587 2077 ait.
1601 2050 1667 2078 Nam
1684 2051 1707 2078 si
1720 2050 1770 2079 hac

976 2096 1055 2123 vultis
1066 2097 1117 2129 ire,
1129 2103 1179 2131 qua
1194 2103 1244 2132 ego
1259 2103 1312 2123 non
1324 2103 1366 2128 eo,
1381 2095 1414 2123 In
1427 2103 1519 2123 vanum
1533 2101 1569 2123 est
1580 2097 1648 2124 vobis
1659 2102 1717 2124 ante
1732 2098 1772 2124 lu-

977 2151 1030 2170 cem
1042 2151 1151 2178 surgere.
1168 2143 1201 2171 Et
1214 2143 1308 2170 Petrus
1321 2148 1381 2170 ante
1393 2143 1479 2170 lucem
1491 2148 1654 2177 surrexerat,
1666 2144 1771 2179 quando

977 2190 1115 2217 consilium
1128 2189 1241 2217 Domino
1254 2188 1318 2217 dare
1332 2189 1449 2223 volebat,
1465 2194 1493 2217 ut
1507 2197 1559 2217 non
1576 2195 1709 2225 pateretur
1722 2199 1771 2226 pro

978 2236 1063 2263 nobis.
1081 2235 1189 2262 Dixerat
1199 2235 1270 2262 enim
1285 2234 1330 2261 ille
1343 2234 1376 2262 de
1389 2235 1513 2270 passione
1525 2242 1581 2263 sua.
1595 2236 1621 2263 in
1637 2243 1689 2271 qua
1702 2237 1771 2263 salvi

978 2282 1057 2309 futuri
1071 2288 1188 2313 eramus,
1200 2281 1234 2308 de
1248 2281 1304 2315 ipsa
1320 2280 1489 2314 humilitate;
1505 2281 1613 2309 humilis
1622 2282 1693 2309 enim
1710 2290 1770 2317 pas-

978 2335 1023 2355 sus
1038 2332 1098 2355 est:
1125 2335 1184 2354 cum
1208 2334 1272 2361 ergo
1289 2326 1321 2353 de
1345 2326 1470 2361 passione
1491 2334 1537 2355 sua
1558 2327 1644 2355 futura
1660 2327 1770 2360 diceret,

979 2374 1084 2408 expavit
1105 2373 1211 2406 Petrus,
1236 2372 1281 2406 qui
1297 2372 1371 2399 illum
1386 2372 1465 2407 paulo
1485 2377 1547 2400 ante
1558 2372 1660 2401 dixerat
1677 2372 1770 2400 Filium
1785 2409 1787 2412 Ι

979 2419 1025 2446 Dei
1039 2427 1045 2450 ;
1062 2418 1150 2445 timuit
1166 2425 1201 2444 ne
1216 2421 1375 2450 moreretur,
1397 2421 1424 2444 et
1435 2417 1472 2444 ait
1486 2417 1534 2450 illi,
1550 2417 1620 2445 Absit
1631 2426 1647 2444 a
1663 2423 1695 2450 te,
1717 2417 1771 2445 Do-
1785 2417 1786 2427 ‘

980 2464 1062 2496 mine;
1076 2463 1199 2498 propitius
1214 2466 1265 2489 esto
1282 2462 1325 2489 tibi
1341 2470 1350 2489 :
1370 2471 1422 2490 non
1436 2463 1478 2497 ﬁet
1494 2463 1571 2490 istud.
1595 2465 1664 2491 Ante
1686 2464 1772 2492 lucem

980 2509 1085 2536 volebat
1099 2515 1217 2542 surgere,
1235 2512 1261 2535 et
1275 2507 1327 2535 luci
1342 2508 1482 2535 consilium
1496 2508 1570 2536 dare.
1588 2508 1639 2536 Sed
1654 2509 1716 2544 quid
1734 2510 1772 2537 fe-

980 2556 1016 2583 cit
1035 2554 1183 2581 Dominus?
1197 2553 1272 2581 Fecit
1293 2554 1366 2580 illum
1390 2558 1417 2581 ut
1442 2557 1504 2589 post
1524 2554 1609 2581 lucem
1630 2560 1773 2590 surgeret:

980 2602 1045 2630 Redi
1056 2605 1111 2637 post
1125 2609 1174 2634 me,
1185 2605 1287 2628 satanas
1298 2600 1352 2637 (Id.
1363 2609 1416 2633 xvr,
1430 2600 1536 2637 21-25).
1549 2601 1611 2629 Ideo
1623 2603 1693 2629 enim
1705 2607 1770 2629 sala-

981 2655 1039 2681 nas,
1053 2647 1114 2682 quia
1124 2651 1186 2674 ante
1196 2646 1282 2674 lucem
1291 2646 1330 2673 vis
1341 2654 1459 2681 surgere.
1475 2646 1541 2674 Redi
1554 2652 1610 2682 post
1620 2656 1669 2681 me,
1682 2651 1712 2674 ut
1726 2655 1776 2683 ego

982 2693 1141 2729 praecedam,
1157 2697 1186 2720 tu
1198 2693 1318 2728 sequaris
1336 2701 1341 2719 :
1369 2700 1419 2728 qua
1442 2701 1491 2728 ego
1504 2700 1546 2726 eo,
1563 2694 1623 2722 illac
1637 2701 1700 2728 eas;
1722 2702 1776 2724 non

981 2747 1032 2773 qua
1046 2743 1075 2767 tu
1086 2739 1126 2766 vis
1141 2738 1190 2771 ire,
1207 2738 1266 2765 illac
1280 2745 1324 2765 me
1338 2737 1404 2765 velis
1418 2737 1526 2766 ducere.

1017 2786 1043 2812 5.
1059 2784 1130 2819 Ergo
1144 2784 1194 2811 illis
1209 2784 1252 2818 qui
1268 2783 1392 2811 volebant
1413 2787 1474 2811 ante
1487 2784 1573 2811 lucem
1586 2791 1696 2819 surgere
1709 2784 1775 2812 dicit

982 2831 1113 2863 Psalmus,
1141 2829 1175 2857 In
1194 2837 1285 2857 uanum
1305 2835 1340 2857 est
1352 2829 1420 2857 vobis
1441 2834 1499 2857 ante
1517 2829 1597 2858 lucem
1614 2839 1726 2867 surgere.
1741 2832 1776 2859 Et

984 2876 1090 2912 quando
1097 2875 1258 2911 surgemus?
1273 2875 1341 2906 Cum
1352 2874 1483 2907 fuerth
1499 2875 1634 2908 humiliati
1646 2885 1652 2904 :
1674 2875 1777 2913 Surgite
