4074 6474
538 355 677 417 16⁸11

537 481 862 546 posteaquam
882 465 1099 520 sedistis.
1145 459 1415 518 Surrectio
1438 457 1811 525 exaltationem
1838 454 2119 528 signiﬁcat,

543 566 712 621 sessio
763 561 1114 616 humilitatem
1157 553 1434 626 signiﬁcat.
1469 552 1602 606 Aliis
1644 551 1772 606 locis
1817 546 2126 617 intelligitur

540 659 709 713 sessio
758 655 810 710 iu
862 652 1062 706 honore
1104 645 1396 719 judicandi,
1447 645 1566 699 aliis
1593 643 1726 698 locis
1771 641 2125 696 humilitatem

538 745 790 804 ostendit.
827 739 1106 810 Quomodo
1129 741 1180 794 itt
1204 738 1406 794 honore
1425 733 1697 806 judicandi
1722 732 1932 789 sessio?
1960 731 2123 787 Sede-

537 839 651 893 bitis
678 851 829 904 super
865 834 1126 887 duodecim
1161 831 1322 896 sedes,
1354 829 1644 900 judicantes
1679 824 1940 880 duodecim
1968 823 2124 877 tribus

538 926 704 982 Israel
727 925 934 997 (Matth.
962 939 1076 990 XIX,
1105 921 1177 979 28
1200 923 1237 993 ).
1267 919 1612 990 Quomodoin
1644 918 1796 987 signo
1813 914 2124 970 humilitatis

536 1019 742 1074 Sessio?
770 1016 915 1071 Hora
935 1027 1076 1072 sexta
1107 1015 1351 1069 Dominus
1386 1013 1629 1085 fatigatus
1654 1010 1781 1065 sedit
1818 1008 1886 1062 ad
1921 1016 2124 1077 puteum

535 1109 731 1180 (Joan.
778 1125 846 1170 tv.
894 1107 988 1179 6).
1048 1105 1306 1177 Fatigatio
1359 1101 1608 1169 Domini,
1677 1099 1984 1155 inﬁrmitas.
2021 1097 2124 1152 Do-

535 1203 661 1258 mini
705 1201 822 1268 fuit,
879 1200 1157 1255 inﬁrmitas
1193 1199 1421 1264 virtutis,
1479 1196 1758 1251 inﬁrmitas
1808 1193 2118 1264 sapientiae:

535 1296 628 1352 sed
673 1297 782 1366 ipsa
809 1295 1108 1360 inﬁrmitas,
1139 1292 1425 1347 humilitas.
1479 1277 1620 1357 Ergo
1647 1288 1692 1343 si
1720 1285 1856 1342 sedit
1881 1301 1946 1340 ex
1977 1285 2123 1339 inﬁr-

534 1391 736 1453 mitate,
761 1391 928 1445 sessio
959 1389 1043 1443 illa
1077 1386 1429 1442 humilitatem
1465 1383 1746 1454 siguiiicat.
1780 1381 1846 1435 Et
1868 1380 1977 1450 ipsa
2009 1393 2123 1435 ses-

535 1483 613 1536 sio
647 1483 828 1551 ipsius,
867 1480 914 1533 id
944 1491 1022 1534 est
1053 1478 1324 1532 humilitas
1365 1475 1551 1545 ipsius,
1596 1475 1706 1542 ipsa
1735 1486 1834 1526 nos
1863 1470 1988 1525 fecit
2011 1470 2118 1523 sal-

535 1589 626 1627 vos
649 1592 661 1634 ;
689 1575 832 1641 quia,
864 1572 1010 1640 Quod
1035 1572 1291 1640 inﬁrmum
1320 1578 1391 1623 est
1415 1567 1526 1632 Dei,
1559 1566 1737 1636 fortius
1757 1573 1829 1618 est
1853 1580 2002 1634 quam
2030 1563 2121 1616 Ito-

534 1667 709 1719 mines.
747 1664 938 1732 (lCor.
969 1681 1004 1722 t.
1033 1663 1161 1732 25).
1204 1663 1328 1717 Ideo
1352 1661 1484 1716 dicit
1511 1660 1564 1714 in
1603 1658 1832 1729 quodam
1877 1658 2117 1726 psalmo:

534 1757 769 1824 Domine,
815 1769 869 1811 tu
903 1758 1175 1828 cognouisti
1203 1757 1469 1810 sessionem
1501 1769 1681 1815 meum,
1726 1763 1771 1807 et
1798 1751 2120 1806 resurrectio-

533 1865 646 1902 nem
689 1867 848 1904 meam
900 1849 1069 1923 (Psal.
1099 1865 1351 1913 cxxxvnt,
1392 1847 1483 1918 2);
1537 1846 1588 1902 id
1635 1856 1717 1901 est
1765 1845 2117 1899 humilitatem

533 1958 726 2006 meam,
751 1951 805 1996 et
832 1944 1199 1997 exultationem
1227 1958 1418 1996 meam.
1454 1939 1587 2008 Quid
1617 1927 1868 2010 ergovos
1888 1949 2010 1993 ante
2031 1939 2118 1992 lu-

533 2049 650 2088 cem
677 2034 838 2088 vultis
867 2035 1105 2098 exaltari,
1151 2048 1184 2087 o
1214 2033 1301 2086 lilii
1332 2031 1613 2086 Zebedtei?
1649 2030 1736 2104 Sic
1763 2031 1904 2086 enim
1925 2031 2117 2100 loqua-

533 2142 672 2192 mur,
729 2133 783 2180 et
823 2127 965 2196 ipsos
1013 2127 1188 2196 potius
1243 2126 1617 2190 ninninemus,
1670 2124 1760 2194 qui
1810 2141 1912 2177 non
1965 2123 2118 2179 nobis

531 2216 865 2282 irascuntur;
896 2218 1015 2288 quia
1047 2216 1164 2280 ideo
1193 2216 1259 2270 de
1291 2216 1391 2270 illis
1422 2216 1518 2269 ista
1548 2215 1850 2284 conscripta
1888 2223 2031 2280 sunt,
2061 2223 2118 2268 ut

530 2311 618 2365 alii
645 2319 894 2366 caverent
923 2311 1223 2380 superbiam
1269 2311 1444 2381 inqua
1488 2310 1588 2378 ipsi
1625 2309 1856 2378 Correpti
1895 2318 2018 2362 sunt
2046 2309 2062 2338 ¹
2096 2345 2113 2364 .

529 2402 664 2471 Quid
691 2418 819 2473 ergo
845 2403 1003 2458 vultis
1028 2413 1143 2456 ante
1171 2403 1330 2456 lucem
1352 2402 1596 2472 surgere?
1632 2399 1698 2454 In
1721 2418 1901 2454 vanum
1930 2409 2000 2454 est
2025 2416 2114 2454 ιιο-

529 2494 625 2548 bis.
656 2495 884 2550 Exaltari
915 2495 1096 2558 vultis,
1126 2503 1408 2564 antequam
1439 2491 1827 2546 liumiliemini?
1862 2492 2116 2546 Dominus

529 2583 644 2654 ipse
670 2595 864 2651 vester,
893 2585 979 2655 qui
1007 2594 1087 2638 est
1116 2585 1205 2638 lux
1231 2594 1428 2645 vestra,
1455 2583 1764 2637 humiliatus
1786 2592 1863 2636 est
1888 2591 1945 2636 ιιι
1971 2582 2116 2637 exal-

528 2681 748 2729 taretur.
789 2674 981 2729 Audite
1008 2673 1226 2728 Paulum
1253 2673 1517 2728 dicentem
1548 2690 1562 2726 :
1608 2671 1708 2738 Qui
1732 2690 1846 2726 cum
1873 2674 1922 2726 in
1946 2674 2114 2743 forma

527 2765 624 2822 Dei
647 2778 791 2833 esset,
831 2785 931 2822 non
955 2768 1187 2838 rapinam
1213 2768 1483 2822 arbitratus
1509 2777 1579 2821 est
1607 2783 1714 2821 esse
1749 2768 1960 2837 atqualis
1987 2767 2111 2822 Deo.

527 2859 702 2929 Quare
730 2861 803 2914 illi
846 2877 950 2914 non
983 2870 1100 2916 erat
1145 2861 1366 2928 rapina?
1397 2859 1528 2927 Quia
1579 2870 1765 2913 natura
1811 2867 1942 2921 erat,
1992 2859 2114 2929 quia

530 2950 632 3008 hoc
657 2953 677 2983 ³
717 2959 869 3007 natus
900 2961 1032 3016 erat,
1077 2963 1132 3005 ιιι
1158 2961 1300 3006 esset
1329 2951 1546 3021 :equalis
1588 2951 1664 3004 illi
1705 2966 1734 3004 a
1771 2966 1876 3020 quo
1903 2949 2114 3020 genitus

530 3053 631 3099 est.
658 3043 761 3099 Sed
781 3045 906 3115 quid
925 3045 1080 3098 fecit?
1103 3045 1324 3114 Propter
1345 3059 1442 3097 nos
1470 3042 1790 3111 semetipsum
1817 3042 2110 3109 exinanivit,

528 3139 742 3206 formam
766 3136 893 3189 servi
916 3136 1186 3204 accipiens,
1212 3135 1264 3187 in
1285 3134 1613 3188 similitudine
1639 3134 1898 3188 hominum
1921 3138 2110 3205 factus,

527 3236 573 3280 et
599 3227 767 3279 habitu
799 3228 1025 3281 inventus
1053 3236 1108 3279 ut
1149 3226 1318 3280 homo.
1367 3225 1667 3279 lluntiliavit
1695 3226 2012 3296 semetipsum
2032 3225 2114 3294 fa-

525 3326 633 3370 ctus
672 3318 904 3372 obediens
941 3334 1095 3387 usque
1123 3317 1188 3370 ad
1224 3327 1454 3383 mortem,
1500 3327 1709 3370 mortem
1737 3327 1902 3369 autent
1927 3317 2109 3372 crucis.

526 3410 652 3465 IIarc
707 3419 788 3465 est
838 3411 1006 3464 sessio
1051 3410 1235 3480 ipsius.
1295 3409 1398 3464 Sed
1443 3408 1564 3462 audi
1620 3409 2109 3464 resurrectionem:

530 3502 747 3572 Propter
772 3501 906 3572 quod
932 3512 977 3555 et
1007 3500 1142 3555 Deus
1164 3501 1308 3555 illum
1333 3501 1590 3560 exultavit,
1619 3510 1662 3553 et
1683 3501 1885 3554 donavit
1911 3501 1986 3554 illi
2018 3517 2112 3554 tto-

529 3611 641 3647 men
678 3593 810 3663 quod
849 3605 919 3646 est
950 3611 1099 3662 super
1133 3610 1278 3647 omne
1317 3610 1494 3647 nomen
1544 3593 1796 3665 (Philipp.
1844 3610 1878 3648 tt
1903 3637 1917 3657 ,
1964 3594 2108 3666 6-9).

528 3685 646 3740 iam
707 3700 800 3739 vos
849 3685 913 3740 ad
964 3686 1087 3738 illud
1141 3702 1333 3740 nomen
1389 3685 1684 3752 festinatis;
1739 3687 1946 3756 surgite,
2018 3686 2112 3742 sed

532 3788 852 3844 posteaquam
868 3777 1084 3831 sedistis.
1112 3778 1340 3847 Surgere
1368 3778 1545 3836 vultis.
1577 3778 1668 3832 sed
1695 3778 1864 3846 primo
1893 3777 2110 3833 sedete:

527 3882 578 3922 et
607 3885 828 3939 surgens
869 3869 935 3922 ab
967 3868 1278 3928 humilitate.
1325 3869 1568 3938 pervenis
1597 3869 1661 3922 ad
1694 3885 1936 3938 regnum.
1981 3869 2112 3924 Nam

527 3965 570 4018 si
615 3963 850 4032 pra-ripis
875 3978 1119 4033 regnum,
1153 3963 1297 4016 cadis
1336 3978 1363 4014 a
1397 3977 1560 4031 regno
1587 3970 1871 4032 antequam
1903 3977 2108 4034 surgas.

530 4053 746 4108 Potestis
778 4055 959 4121 bibere,
986 4053 1172 4122 inquit,
1201 4053 1404 4107 calicem
1420 4070 1567 4123 quem
1593 4070 1682 4124 ego
1703 4054 1946 4109 bibiturus
1965 4056 2114 4110 sum?

529 4145 594 4199 Et
632 4128 754 4200 illi:
806 4144 1103 4199 Possumus.
1153 4146 1217 4199 Et
1248 4145 1379 4198 ille:
1428 4143 1666 4212 Calicem,
1719 4147 1907 4216 inquit,
1950 4165 2113 4200 meum

527 4237 698 4291 bibelis
722 4257 739 4303 ;
779 4237 949 4291 sedere
990 4248 1154 4290 autem
1195 4237 1262 4288 ad
1303 4238 1579 4301 dexteram,
1629 4237 1706 4290 vel
1748 4238 1815 4290 ad
1857 4239 2111 4293 sinistram

528 4346 709 4391 meum,
739 4329 831 4390 ait,
864 4345 961 4380 non
990 4337 1058 4381 est
1084 4343 1247 4380 meum
1269 4328 1390 4380 dare
1411 4327 1545 4380 vobis
1590 4344 1608 4382 :
1637 4329 1751 4382 aliis
1779 4340 2014 4399 paratum
2042 4340 2112 4385 est

526 4440 553 4471 (ι
579 4420 734 4473 Putre
773 4437 876 4472 meo
921 4418 1131 4489 (Mattlt.
1161 4433 1251 4484 xx,
1293 4419 1384 4484 22,
1414 4419 1529 4487 25).
1578 4419 1712 4485 Quid
1743 4431 1844 4483 est,
1897 4439 1995 4476 non
2039 4433 2112 4477 est

529 4529 687 4563 meum
717 4512 837 4563 dare
862 4511 1029 4564 vobis?
1073 4509 1187 4564 Non
1214 4520 1296 4564 est
1326 4527 1500 4564 meum
1531 4511 1659 4565 dare
1684 4512 1964 4579 superbis;
2009 4513 2111 4568 hoc

526 4607 664 4658 enim
695 4603 867 4655 adhuc
893 4610 1062 4656 erant.
1094 4602 1197 4656 Sed
1228 4602 1271 4654 si
1301 4602 1463 4655 vultis
1491 4601 1616 4655 illud
1639 4602 1903 4671 accipere,
1947 4604 2111 4660 nolite

525 4714 642 4750 esse
674 4696 810 4767 quod
841 4697 991 4749 estis.
1023 4696 1149 4748 Aliis
1180 4704 1411 4765 paratum
1439 4705 1552 4759 est;
1587 4704 1638 4748 et
1669 4710 1762 4749 vos
1800 4696 1889 4750 alii
1917 4705 2108 4766 estote,

523 4800 575 4843 et
604 4790 751 4843 vobis
782 4798 1021 4858 paratum
1044 4796 1142 4841 est.
1172 4785 1306 4853 Quid
1333 4794 1434 4848 est,
1461 4785 1559 4839 Alii
1588 4787 1800 4841 estote?
1832 4787 1982 4842 Prius
2005 4788 2106 4841 btt-

525 4884 822 4946 miliamini,
853 4881 942 4952 qui
974 4883 1083 4949 jam
1114 4880 1272 4933 vultis
1299 4878 1540 4934 exaltari.
1577 4879 1956 4935 lntellexerunt
1982 4898 2108 4952 ergo

528 4978 874 5030 humilitatem
917 4973 1242 5044 profuturam
1271 4971 1392 5034 sibi,
1444 4979 1498 5026 et
1523 4973 1744 5026 correcti
1774 4984 1914 5027 sunt.
1969 4974 2108 5046 Ergo

521 5079 573 5124 et
616 5088 708 5122 nos
747 5068 847 5122 hoc
889 5065 1188 5124 audiamus,
1238 5063 1361 5132 quia
1402 5061 1504 5118 hoc
1534 5064 1663 5119 dicit
1708 5065 1942 5134 psalmus
1969 5067 2102 5122 iste:

523 5161 728 5232 Surgite
759 5170 1079 5229 posteaquam
1109 5156 1325 5211 sedistis.

592 5256 646 5312 ti.
673 5253 778 5310 Sed
822 5270 888 5308 ne
914 5253 1032 5322 quis
1055 5260 1196 5321 putet
1225 5266 1283 5304 se
1311 5249 1374 5304 ad
1405 5247 1506 5304 hoc
1552 5249 1739 5306 sedere
1769 5259 1823 5306 ut
1855 5251 2094 5310 honore-

523 5355 637 5409 tur;
666 5354 724 5399 ut
746 5342 1050 5399 ostenderet
1086 5343 1205 5414 quia
1229 5341 1472 5397 sessione
1501 5341 1599 5395 ista
1633 5339 1984 5398 humilitatem
2015 5361 2100 5399 vo-
2137 5415 2143 5423 .

521 5436 612 5492 luit
655 5435 1065 5500 commendare;
1119 5450 1188 5488 ne
1228 5432 1346 5503 quis
1387 5447 1445 5486 se
1485 5443 1694 5502 putaret
1735 5432 1941 5503 jussum
1985 5453 2104 5494 esse

520 5530 712 5588 sedere
733 5540 824 5587 aut
851 5530 917 5586 ad
937 5527 1306 5601 iudicandum,
1333 5535 1424 5582 aut
1453 5525 1520 5580 ad
1541 5527 1865 5597 epulandum
1891 5539 1944 5585 et
1971 5547 2102 5603 gau-

584 5704 600 5736 ¹
624 5705 698 5760 sic
718 5713 822 5755 Mss.
839 5704 1097 5765 Edd.vero,
1120 5702 1326 5756 correcti
1337 5709 1461 5756 sunt.
1554 5738 1560 5749 ι
2087 5741 2096 5746 ς

521 5767 607 5880 ho;
626 5774 700 5819 sic
714 5766 938 5841 plerique
958 5775 1066 5819 Mss.
1090 5765 1179 5820 alii
1197 5780 1310 5820 cum
1333 5776 1454 5832 om,
1486 5767 1660 5822 inltoc.
1688 5776 1764 5824 Er.
1803 5778 1855 5824 et
1875 5778 2006 5838 Lov.,
2032 5775 2100 5827 ad

1775 342 1833 400 S.
1873 335 2240 398 AUGUSTINI
2275 331 2584 396 EPISCOPI

3675 347 3819 407 1679

2232 455 2500 525 dendum,
2547 463 2603 513 et
2653 455 2910 525 majorem
2967 457 3270 529 superbiam
3312 459 3386 518 ibi
3425 477 3724 535 quaereret;
3756 469 3816 526 in

2230 547 2672 619 signiﬁcationem
2715 547 3028 604 humilitatis
3067 549 3312 618 addidit,
3348 553 3446 619 Qui
3497 557 3817 616 manducetis

2230 658 2414 713 panem
2459 641 2670 696 doloris.
2704 641 2782 697 Illi
2823 657 2950 711 ergo
2989 644 3314 701 manducant
3353 661 3543 718 panem
3574 650 3812 722 doloris,

2229 733 2320 804 qui
2350 743 2569 804 gemunt
2611 733 2663 788 in
2695 733 2792 789 ista
2825 735 3268 805 peregrinatione.
3298 738 3401 808 Ipsi
3445 749 3572 796 sunt
3599 742 3650 796 in
3683 759 3814 801 con-

2228 827 2364 883 valle
2408 826 2741 898 plorationis.
2789 829 3146 885 Ascensioues
3187 831 3332 886 enim
3391 830 3514 888 facit
3567 833 3705 890 Deus
3759 837 3812 892 in

2229 920 2410 976 corde.
2445 919 2550 975 Sed
2581 920 2666 975 ubi
2700 919 2818 974 illas
2846 918 3074 990 disponit
3099 923 3122 975 ?
3147 922 3499 986 Ascensiones,
3521 925 3687 995 inquit
3709 968 3724 989 ,
3755 927 3813 981 in

2228 1014 2379 1068 corde
2424 1015 2532 1082 ejus
2579 1013 2846 1085 disposuit.
2891 1013 3060 1083 Quis?
3089 1015 3247 1072 Deus.
3279 1016 3336 1072 Si
3377 1020 3720 1075 ascensiones
3759 1022 3812 1076 in

2227 1106 2407 1171 corde,
2444 1106 2562 1162 ideo
2591 1116 2807 1163 cantant
2844 1111 3106 1165 canticum
3138 1113 3417 1182 graduum.
3466 1113 3814 1170 Humiliemur

2229 1199 2280 1253 in
2326 1200 2558 1254 saeculo:
2605 1202 3016 1260 ascendamus‘.
3069 1206 3392 1274 Quomodo?
3437 1208 3632 1265 Corde.
3679 1210 3810 1278 Quia

2226 1289 2340 1360 ipsa
2366 1292 2611 1348 ascensio
2639 1295 2834 1357 cordis.
2860 1312 2888 1349 a
2910 1298 3155 1353 convalle
3190 1299 3503 1368 plorationis
3531 1305 3722 1372 surgit.
3747 1302 3812 1358 In

2227 1384 2470 1448 convalle,
2497 1386 2684 1456 inquit,
2717 1386 3013 1458 plorationis
3041 1389 3214 1458 (Psal.
3240 1408 3306 1446 1.x
3319 1408 3464 1450 χχιιι.
3491 1394 3544 1460 6,
3563 1395 3644 1464 7).
3672 1400 3808 1462 Quu-

2225 1476 2386 1531 modo
2403 1479 2564 1532 erecti
2596 1491 2720 1534 sunt
2747 1491 2975 1546 montes,
2996 1483 3073 1538 sic
3089 1483 3343 1540 sederunt
3359 1489 3627 1543 convalles
3650 1505 3665 1542 :
3686 1507 3730 1543 et
3743 1509 3814 1541 m-

2225 1568 2393 1623 valles
2426 1571 2567 1624 enim
2605 1571 2854 1628 dicuntur
2885 1575 2996 1629 loca
3028 1574 3280 1644 depressa
3313 1587 3570 1633 terrarum
3599 1594 3613 1636 :
3645 1581 3766 1634 coll.
3788 1598 3814 1634 ε

2223 1671 2398 1717 autem
2429 1665 2776 1721 eminentiora
2807 1668 2940 1733 loca,
2971 1669 3146 1724 minus
3173 1680 3345 1724 tamen
3394 1687 3551 1742 quam
3581 1686 3811 1734 montes;

2224 1755 2447 1808 multum
2479 1757 2691 1812 excelsa
2720 1759 2832 1813 loca
2879 1770 3138 1815 terrarum
3177 1773 3385 1818 montes
3411 1764 3678 1820 dicuntur.
3716 1767 3813 1821 Pa-

2222 1860 2340 1899 rum
2373 1855 2454 1901 εει
2482 1865 2494 1901 :
2521 1863 2626 1901 non
2655 1849 2749 1916 ait,
2783 1851 2824 1904 A
2853 1850 2989 1906 colle
3018 1853 3252 1923 surgite;
3283 1871 3380 1909 nec
3407 1857 3501 1919 ait,
3527 1872 3553 1909 a
3582 1872 3810 1932 campo;

2224 1939 2342 2006 sed,
2366 1955 2395 1992 a
2423 1944 2686 2010 convalle,
2717 1951 2773 1998 ut
2807 1944 2876 1998 sit
2905 1945 3102 2016 aliquid
3135 1947 3385 2004 humilius
3407 1964 3563 2019 quam
3590 1965 3814 2020 campus

2223 2041 2324 2087 est.
2350 2033 2406 2088 Si
2433 2049 2561 2105 ergo
2590 2035 2640 2090 in
2673 2039 2915 2092 convalle
2944 2039 3257 2109 plorationis
3299 2044 3586 2098 manducas
3618 2060 3813 2114 panem

2223 2125 2446 2191 doloris,
2471 2139 2524 2183 et
2552 2129 2703 2195 dicis,
2728 2129 2904 2187 Facta:
2927 2143 3044 2186 sunt
3073 2134 3194 2187 mihi
3222 2136 3461 2208 lacrgmte
3501 2153 3624 2191 mea:
3666 2139 3816 2207 panis

2223 2218 2303 2274 die
2328 2237 2386 2273 ac
2426 2230 2586 2285 nocte,
2617 2221 2738 2276 dum
2768 2224 2956 2278 dicitur
2986 2226 3111 2279 nti/ti
3153 2228 3406 2298 quotidie,
3444 2229 3541 2284 Ubi
3571 2240 3642 2286 est
3669 2229 3815 2286 Deus

2220 2321 2335 2367 tuus
2374 2314 2545 2386 (Psal.
2577 2333 2686 2382 xta,
2709 2317 2804 2388 4)?
2832 2319 2966 2374 bene
2988 2321 3182 2390 surgis,
3205 2322 3327 2392 quia
3359 2322 3562 2378 sedisti.

2293 2407 2345 2462 7.
2399 2408 2464 2461 Et
2517 2409 2665 2477 quasi
2701 2408 2910 2466 diceres
2937 2453 2953 2478 ,
2985 2410 3208 2478 Quando
3259 2428 3538 2485 surgemus
3572 2415 3599 2467 ι
3649 2414 3816 2471 modo

2213 2499 2464 2571 juhemur
2484 2501 2705 2568 sedere;
2737 2503 2948 2573 quando
2963 2503 3067 2560 erit
3087 2515 3265 2560 nostra
3293 2508 3572 2569 surrectio,
3597 2508 3815 2577 quando

2219 2592 2318 2647 fuit
2369 2593 2597 2648 Domini.
2643 2593 2725 2648 Ad
2779 2610 2898 2650 eum
2969 2597 3226 2664 attende,
3277 2599 3365 2668 qui
3395 2610 3445 2654 te
3493 2601 3807 2670 pnecessit:

2219 2701 2343 2740 nam
2372 2686 2416 2740 si
2446 2703 2549 2740 non
2612 2686 2784 2756 ipsum
2817 2688 3046 2744 attendis
3067 2731 3082 2753 ,
3120 2689 3172 2744 in
3202 2670 3394 2745 vanum
3426 2702 3507 2746 est
3553 2693 3646 2746 tibi
3687 2705 3815 2748 ante

2218 2777 2392 2833 lucem
2430 2783 2682 2848 'surgere.
2736 2778 2855 2849 Ipse
2897 2779 3110 2850 quando
3155 2782 3420 2838 exaltatus
3465 2791 3548 2838 est
3585 2784 3610 2838 ?
3674 2783 3810 2839 Cum

2218 2880 2459 2927 mortuus
2488 2879 2588 2926 est.
2615 2871 2754 2943 Ergo
2784 2883 2838 2928 et
2880 2879 3024 2928 tuam
3055 2873 3440 2936 exaltationem
3493 2885 3613 2945 post
3660 2892 3811 2933 mor-
3846 2864 3850 2866 ’

2218 2970 2328 3020 tem
2393 2977 2546 3033 Spera
2579 3004 2595 3030 ,
2645 2963 2698 3018 in
2770 2965 3159 3022 resurrectione
3214 2975 3546 3022 mortuorum
3610 2984 3810 3036 spera,

2218 3056 2341 3126 quia
2371 3055 2459 3110 ille
2487 3055 2778 3111 resurrexit
2835 3067 2892 3113 et
2933 3058 3190 3114 ascendit.
3219 3057 3325 3114 Sed
3376 3059 3465 3115 ubi
3495 3058 3814 3115 dormivit?

2218 3144 2276 3201 In
2321 3161 2496 3201 cruce.
2541 3147 2764 3214 Quando
2790 3146 3038 3204 dormivit
3077 3150 3128 3204 in
3149 3165 3344 3218 cruce,
3388 3151 3596 3222 signum
3630 3161 3815 3222 gesta-

2218 3238 2342 3305 bat,
2377 3239 2485 3293 imo
2529 3238 2782 3308 implebat
2826 3241 2966 3311 quod
3010 3241 3361 3312 signiﬁcatum
3384 3251 3467 3297 est
3510 3244 3562 3297 in
3612 3243 3810 3298 Adam:

2218 3334 2341 3404 quia
2365 3350 2486 3389 cum
2515 3333 2773 3390 domtiret
2798 3334 2967 3389 Adam
2991 3375 3006 3400 ,
3037 3346 3184 3390 costa
3215 3335 3290 3390 illi
3335 3335 3574 3393 detracta
3605 3346 3690 3392 est
3714 3378 3730 3403 ,
3759 3346 3813 3393 et

2219 3428 2327 3483 Eva
2358 3429 2494 3485 facta
2539 3439 2624 3485 est
2648 3431 2800 3500 (Gen.
2825 3447 2893 3496 tt,
2916 3433 3008 3495 ‘21,
3039 3432 3164 3504 22);
3197 3433 3273 3488 sic
3313 3443 3366 3488 et
3411 3433 3640 3488 Domino
3685 3449 3810 3486 cum

2218 3519 2481 3576 dormiret
2531 3521 2585 3574 in
2618 3536 2777 3576 cruce
2801 3563 2816 3587 ,
2849 3523 2988 3577 latus
3015 3524 3132 3592 ejus
3161 3523 3342 3579 lancea
3385 3539 3696 3594 percussum
3731 3534 3813 3578 est

2221 3608 2397 3679 (Joan.
2431 3626 2546 3676 xix,
2578 3611 2718 3680 54),
2746 3624 2800 3666 ει
2840 3611 3185 3668 Sacramenta
3222 3611 3635 3683 proﬂuxerunt,
3669 3614 3812 3668 unde

2220 3701 2352 3757 facta
2379 3711 2460 3756 est
2486 3701 2748 3758 Ecclesia.
2774 3703 3014 3759 Ecclesia
3039 3705 3180 3759 enim
3207 3705 3399 3774 conjux
3433 3705 3640 3760 Domini
3670 3704 3810 3759 facta

2217 3803 2298 3848 est
2329 3792 2396 3848 de
2425 3793 2592 3849 latere
2620 3836 2636 3860 ,
2668 3796 2937 3864 quomodo
2965 3796 3073 3850 Eva
3102 3797 3238 3853 facta
3259 3807 3342 3852 est
3369 3796 3436 3851 de
3477 3798 3665 3853 latere.
3695 3797 3808 3853 Sed

2224 3888 2495 3958 quomodo
2523 3889 2613 3943 illa
2642 3903 2749 3944 non
2778 3899 2860 3945 est
2887 3889 3021 3944 facta
3053 3890 3152 3945 nisi
3177 3890 3244 3945 de
3273 3891 3437 3945 latere
3469 3889 3808 3956 dormientis,

2217 3982 2296 4036 sic
2318 3983 2417 4038 ista
2449 3999 2554 4036 non
2586 3991 2669 4038 est
2697 3982 2832 4038 facta
2863 3984 2965 4038 nisi
2995 3984 3062 4038 de
3086 3984 3250 4039 latere
3282 3985 3578 4040 morientis.
3603 3984 3658 4040 Si
3677 3999 3811 4054 ergo

2218 4073 2306 4129 ille
2356 4089 2460 4129 non
2507 4076 2799 4131 resurrexit
2829 4076 2930 4129 nisi
2983 4086 3263 4143 mortuus,
3310 4085 3367 4131 tu
3417 4077 3808 4132 exaltationem

2217 4177 2403 4234 Speras
2451 4165 2551 4219 nisi
2602 4175 2721 4235 post
2751 4165 2890 4220 hanc
2915 4166 3114 4220 vitam?
3163 4166 3268 4222 Sed
3310 4178 3361 4222 ut
3405 4167 3592 4224 doceat
3620 4179 3671 4223 te
3705 4169 3810 4222 iste

2218 4257 2454 4325 psalmus
2477 4296 2492 4320 ,
2522 4256 2673 4326 quasi
2705 4257 3065 4327 interrogares
3088 4299 3104 4324 ,
3137 4258 3360 4326 Quando
3408 4261 3666 4331 surgam?
3696 4263 3806 4314 lor-

2217 4348 2373 4401 tassis
2396 4348 2700 4420 priusquam
2730 4349 2958 4403 sedero?
2985 4348 3111 4404 Cum
3133 4350 3348 4416 dederit,
3383 4351 3575 4422 inquit,
3608 4353 3808 4406 dilectis

2217 4440 2324 4510 ejus
2352 4455 2601 4494 somnum.
2638 4440 2736 4493 Dat
2768 4439 2868 4494 hoc
2897 4441 3038 4496 Deus
3076 4483 3090 4508 ,
3117 4458 3237 4496 cum
3265 4443 3586 4498 dormierint
3623 4444 3804 4500 dilecti

2217 4530 2331 4596 ejus
2355 4547 2370 4594 ;
2405 4542 2529 4586 tunc
2557 4540 2776 4601 surgent
2796 4531 2974 4587 dilecti
3005 4533 3140 4601 ejus,
3159 4535 3214 4594 id
3243 4545 3325 4589 est
3353 4535 3569 4589 Christi.
3603 4536 3807 4591 Omnes

2215 4622 2357 4676 enim
2401 4632 2652 4691 surgent,
2699 4623 2793 4678 sed
2844 4641 2951 4678 non
3001 4625 3268 4694 quomodo
3297 4626 3479 4682 dilecti
3509 4628 3802 4697 ejus.0m-

2214 4704 2362 4767 nium
2388 4721 2474 4769 est
2500 4715 2824 4770 resurrectio
2853 4723 3186 4770 mortuorum
3215 4732 3232 4780 ;
3271 4716 3366 4771 sed
3394 4717 3520 4787 quid
3547 4719 3620 4771 ait
3661 4719 3806 4788 Apo-

2214 4806 2426 4861 stolus?
2459 4804 2643 4860 Omnes
2661 4805 2861 4874 quidem
2882 4823 3201 4876 resurgentus
3229 4848 3243 4870 ,
3271 4809 3361 4863 sed
3383 4826 3484 4862 non
3504 4826 3679 4863 omnes
3703 4813 3801 4863 im-

2215 4897 2516 4952 mutabiutur
2555 4897 2595 4969 (1
2621 4896 2736 4950 Cor.
2768 4913 2861 4964 xv,
2883 4899 2995 4969 51).
3029 4896 3332 4969 Resurgunt
3377 4898 3452 4952 illi
3487 4899 3554 4954 ad
3585 4915 3802 4968 poenas;

2215 4991 2542 5058 resurgimus
2573 5006 2670 5043 nos
2697 4989 2966 5059 quomodo
2993 4991 3287 5045 resurrexit
3311 4991 3574 5044 Dominus
3597 5003 3798 5057 noster,

2215 5093 2272 5137 ιιι
2294 5098 2581 5153 sequamur
2600 5092 2756 5153 caput
2779 5093 3042 5150 nostrum,
3066 5085 3109 5137 si
3135 5084 3373 5139 membra
3403 5085 3572 5154 ipsius
3595 5103 3798 5142 sumus.

2211 5175 2266 5231 Si
2299 5185 2476 5230 autem
2515 5175 2752 5230 membra
2796 5175 2912 5242 ejus
2959 5190 3145 5229 sumus
3172 5217 3187 5241 ,
3222 5186 3349 5233 tunc
3389 5193 3576 5233 sumus
3618 5177 3800 5234 dilecti

2211 5269 2346 5338 eius,
2379 5278 2504 5323 tunc
2533 5267 2598 5322 ad
2648 5282 2744 5322 nos
2769 5267 3000 5337 pertinet
3034 5267 3120 5322 illa
3152 5272 3476 5324 resurrectio
3499 5285 3622 5340 qua:
3660 5287 3797 5341 prae-

2211 5363 2370 5418 cessit
2403 5364 2452 5416 in
2490 5361 2737 5424 Domino,
2783 5370 2840 5415 ut
2891 5362 2980 5416 lux
3028 5362 3321 5416 surrexerit
3375 5371 3498 5418 ante
3549 5378 3669 5429 nos,
3705 5378 3800 5419 nos

2211 5463 2330 5524 post
2381 5453 2594 5508 lucem:
2633 5449 2751 5521 quia
2806 5451 2856 5505 in
2893 5466 3084 5505 vanum
3129 5461 3213 5506 est
3261 5453 3414 5508 nobis
3443 5461 3571 5508 ante
3621 5453 3794 5510 lucem

2210 5559 2427 5615 surgere
2446 5585 2459 5606 ,
2486 5541 2535 5596 id
2565 5551 2648 5597 est
2671 5584 2685 5608 ,
2709 5541 3041 5596 altitudinem
3068 5557 3311 5612 quaarere
3356 5550 3642 5613 antequam
3681 5559 3794 5598 mo-

2209 5637 2441 5702 riamur;
2467 5649 2590 5689 cum
2613 5633 2854 5689 Christus
2884 5633 2973 5688 lux
3001 5643 3181 5689 nostra
3207 5650 3314 5690 non
3343 5636 3412 5690 sit
3444 5635 3708 5690 exaltatus
3737 5634 3791 5688 in

2273 5772 2289 5803 ²
2309 5777 2375 5821 tta
2399 5775 2586 5835 Mss._At
2611 5767 2722 5817 Edd.
2741 5802 2757 5827 ,
2795 5775 2845 5835 ut
2868 5766 3199 5835 incendamus.
3230 5769 3477 5834 Pauloque
3509 5774 3622 5834 post
3641 5773 3717 5820 Kr.
3743 5773 3796 5820 α

2209 5842 2342 5887 μονά
2366 5831 2484 5895 Quia
2503 5829 2610 5896 ipsa
2630 5829 2843 5884 ascensio
2862 5829 2914 5885 in
2935 5829 3176 5896 cordibus,
3205 5837 3299 5883 etc.
