4074 6466
267 469 451 520 carne,
480 449 586 508 nisi
614 454 961 521 posteaquam
991 447 1236 499 mortuus
1261 445 1364 496 est.
1391 434 1675 494 Constituti
1715 445 1847 502 ergo

269 548 511 608 membra
534 546 648 616 ejus
671 585 688 610 ,
715 551 770 598 et
804 542 857 596 in
881 537 1135 596 membris
1170 535 1285 606 ejus
1324 532 1502 590 dilecti
1534 531 1650 601 ejus
1674 569 1688 594 ,
1721 541 1843 582 cum

270 653 518 698 somnum
566 635 930 706 acceperimus
954 672 971 699 ,
1023 640 1147 686 tunc
1197 640 1476 697 surgemus
1506 625 1558 679 in
1612 635 1860 677 resurrec

270 733 448 790 ctione
500 735 854 783 mortuorum.
889 723 1038 780 Unus
1067 719 1376 782 resurrexit,
1425 717 1536 787 jam
1589 728 1696 769 non
1744 726 1861 767 mo-

272 825 492 882 riturus.
518 816 830 876 Resurrexit
853 815 1086 870 Lazarus
1113 812 1308 883 (Joan.
1334 825 1414 877 xt,
1442 808 1547 879 44)
1567 847 1582 872 ,
1613 805 1709 861 sed
1741 819 1861 860 mo-

273 915 510 979 riturus;
556 909 851 967 resurrexit
890 907 995 961 filia
1043 899 1500 974 archisynagogi(
1541 899 1728 953 Matth.
1783 913 1861 969 ιιι,

277 1004 394 1079 25),
425 1004 520 1061 sed
548 1002 804 1058 moritura
830 1016 846 1066 ;
873 997 1167 1054 resurrexit
1207 995 1349 1050 illius
1369 990 1581 1064 vidua:(
1603 990 1730 1046 Luc.
1762 1003 1860 1057 vn,

280 1095 394 1168 l5),
417 1095 512 1151 sed
538 1093 830 1148 moriturus
859 1107 872 1144 :
906 1088 1198 1145 resurrexit
1227 1085 1489 1152 Christus,
1513 1099 1619 1140 non
1641 1083 1869 1138 moritu-

275 1203 387 1246 rus.
418 1186 558 1242 Audi
589 1185 903 1255 Apostolum
939 1200 953 1234 :
983 1181 1214 1236 Christus
1242 1195 1507 1249 resurgens
1549 1193 1613 1232 ea:
1654 1174 1866 1229 mortuis

269 1281 382 1352 jam
427 1295 534 1332 non
572 1277 814 1342 moritur,
842 1285 889 1328 et
938 1289 1072 1327 mors
1113 1273 1159 1326 ei
1204 1271 1341 1325 ultra
1375 1287 1475 1323 non
1526 1266 1868 1323 dominabitur

284 1370 461 1439 (Rom.
481 1385 553 1433 γι,
573 1367 648 1441 9).
675 1367 858 1424 Talem
884 1380 1040 1436 spera
1069 1364 1551 1426 resurrectionem;
1579 1367 1635 1414 et
1653 1367 1868 1428 propter

289 1459 395 1515 hoc
446 1468 562 1515 esto
596 1457 918 1512 christianus
941 1498 957 1523 ,
995 1470 1101 1510 non
1131 1463 1348 1524 propter
1375 1452 1683 1507 felicitatem
1709 1459 1868 1504 terrae

282 1553 465 1623 hujus.
490 1551 625 1608 Nam
654 1552 700 1607 si
731 1559 948 1622 propter
971 1547 1275 1604 felicitatem
1307 1547 1428 1601 vita:
1456 1545 1615 1616 hujus
1641 1543 1725 1598 vis
1749 1556 1869 1598 esse

281 1643 606 1699 cbristianus
633 1683 649 1709 ,
708 1641 921 1712 quando
967 1640 1056 1696 illa
1097 1640 1185 1694 lux
1227 1648 1315 1693 tua
1347 1653 1454 1692 non
1483 1636 1571 1691 hic
1617 1633 1870 1706 qumsivit

285 1736 610 1792 mundanam
642 1733 988 1800 felicitatem;
1021 1741 1143 1787 ante
1169 1732 1339 1786 lucem
1361 1731 1444 1786 vis
1479 1743 1738 1800 surgere;
1768 1741 1869 1782 ne-

279 1842 439 1883 cesse
468 1834 626 1882 estut
655 1826 706 1880 in
739 1824 975 1880 tenebris
1002 1839 1335 1893 perseveres.
1372 1821 1576 1877 Mutare
1600 1861 1614 1884 ,
1644 1831 1870 1889 sequere

283 1919 464 1975 lucem
497 1927 641 1972 tuam
669 1934 684 1984 ;
736 1932 838 1986 qua
867 1916 1227 1980 resurrexit‘,
1259 1929 1457 1984 surge:
1505 1913 1633 1968 sede
1678 1912 1827 1982 prius
1852 1951 1868 1977 ,

282 2018 340 2066 et
366 2010 445 2064 sic
469 2023 627 2078 surge
649 2048 664 2073 ,
691 2023 804 2061 cum
839 2006 1032 2059 dederit
1058 2021 1289 2058 somnum
1321 2003 1515 2058 dilectis
1539 2003 1669 2073 ejus.

355 2101 410 2157 8.
436 2099 565 2172 [vers
591 2097 669 2171 5.]
698 2098 857 2166 Quasi
888 2111 1157 2167 quaereres
1196 2097 1385 2150 iterum
1411 2136 1427 2160 ,
1475 2094 1679 2162 Quibus
1734 2091 1871 2148 dile-

283 2192 428 2250 ctis?
453 2191 586 2247 Ecce
611 2191 875 2245 hereditas
904 2189 1128 2255 Domini,
1148 2189 1277 2257 ﬁlii,
1306 2204 1492 2242 merces
1519 2191 1712 2258 fructus
1750 2201 1872 2240 uen-

285 2287 398 2343 tris.
426 2284 650 2356 Quando
679 2283 840 2347 dicit,
868 2286 1064 2354 [ructus
1094 2282 1279 2335 ventris
1302 2298 1320 2346 ;
1346 2279 1590 2349 parturiti
1631 2286 1756 2334 sunt
1782 2276 1875 2332 ﬁlii

285 2377 399 2432 isti.
431 2377 528 2430 Est
572 2373 815 2446 quaedam
846 2373 1058 2438 mulier,
1092 2372 1145 2426 in
1183 2386 1286 2442 qua
1317 2370 1664 2427 suiritualiter
1689 2377 1874 2425 osten-

284 2469 432 2525 ditur
470 2467 614 2539 quod
642 2467 844 2522 dictum
878 2474 962 2521 est
989 2466 1112 2520 Evae
1137 2482 1150 2518 :
1185 2461 1251 2518 In
1273 2470 1459 2534 gemitu
1483 2461 1754 2533 parturies.
1777 2461 1878 2516 Pa-

283 2559 359 2616 rit
383 2561 529 2615 enim
564 2557 801 2613 Ecclesia
830 2556 968 2611 filios
1002 2555 1195 2625 conjux
1233 2553 1462 2618 Christi;
1517 2561 1573 2608 et
1616 2552 1659 2606 si
1694 2551 1874 2622 parit,

288 2652 544 2723 parturit.
567 2651 626 2705 ιιι
657 2649 808 2721 cujus
837 2649 1001 2720 figura
1021 2649 1181 2702 etiam
1208 2647 1316 2702 Eva
1340 2654 1501 2700 mater
1527 2645 1754 2699 vivorum
1784 2656 1878 2712 ap-

282 2745 492 2812 pellata
519 2750 602 2797 est
629 2739 780 2813 (Gen.
809 2744 888 2807 ιιι,
912 2738 1125 2808 16,20).
1158 2738 1214 2792 lu
1246 2735 1503 2793 membris
1530 2733 1880 2806 parturientis

291 2841 412 2888 erat
442 2832 533 2887 ille
559 2831 647 2901 qui
668 2830 880 2886 dicebat
904 2845 916 2880 :
948 2827 1127 2883 Filioli
1145 2828 1261 2895 mei,
1279 2843 1404 2897 quos
1426 2825 1605 2880 iterum
1626 2823 1877 2894 parturio,

291 2923 451 2978 donec
477 2922 704 2977 Christus
732 2921 977 2991 [ametur
1000 2921 1054 2974 in
1092 2920 1229 2973 vobis
1251 2918 1269 2987 (
1292 2916 1464 2972 Galat.
1496 2931 1570 2983 1v,
1592 2914 1659 2971 l9
1681 2913 1725 2986 ).
1773 2911 1881 2968 Sed

292 3030 402 3070 non
428 3013 622 3070 frustra
645 3013 945 3084 parturivit,
963 3027 1063 3068 nec
1087 3010 1279 3066 frustra
1301 3009 1510 3080 peperit
1533 3026 1548 3064 :
1573 3008 1676 3062 erit
1694 3020 1881 3072 semen

292 3115 538 3161 sanctum
582 3105 635 3159 in
674 3104 1067 3160 resurrectione
1110 3111 1478 3166 mortuorum;
1535 3098 1880 3153 abundabunt

291 3196 442 3267 justi,
469 3195 557 3266 qui
596 3194 774 3250 diffusi
804 3203 927 3249 sunt
954 3192 1112 3248 modo
1143 3201 1251 3246 toto
1291 3191 1421 3245 orbe
1451 3199 1733 3244 terrarum.
1779 3186 1884 3243 Ge-

293 3287 393 3342 mit
419 3287 540 3342 illos
564 3287 828 3353 Ecclesia,
856 3287 1083 3357 parturit
1113 3286 1233 3340 illos
1261 3283 1502 3339 Ecclesia
1535 3299 1547 3335 :
1581 3283 1633 3335 in
1669 3281 1755 3336 illa
1781 3295 1882 3334 au-

297 3385 405 3433 tem
434 3378 826 3433 resurrectione
873 3385 1204 3430 mortuorum
1249 3372 1528 3444 apparebit
1564 3380 1746 3440 partus
1775 3369 1884 3425 Ec-

299 3470 480 3526 clesia:
506 3511 522 3537 ,
554 3469 774 3524 transiet
819 3469 971 3524 dolor
1003 3477 1057 3522 et
1087 3468 1336 3537 gemitus.
1373 3466 1441 3520 Et
1483 3463 1607 3534 quid
1641 3461 1887 3518 dicetur?

299 3559 432 3615 Ecce
477 3560 743 3615 Itwreditas
779 3560 1016 3625 Domini,
1051 3559 1177 3627 ﬁlii,
1206 3573 1392 3611 merces
1434 3561 1629 3628 fructus
1677 3554 1884 3610 ventris.

299 3653 469 3724 Hujus
496 3655 691 3724 {ructus
731 3654 849 3724 (a),
882 3668 1010 3718 non,
1039 3651 1126 3706 hic
1176 3651 1383 3706 fructus
1430 3666 1446 3715 ;
1497 3665 1684 3704 merces
1728 3647 1888 3717 hujus

299 3745 497 3816 fructus
529 3746 734 3800 ventris.
763 3743 893 3812 Quae
935 3752 1019 3798 est
1074 3743 1185 3811 ipsa
1236 3740 1482 3795 merces?
1524 3739 1828 3808 Rcsurgere
1855 3751 1889 3792 a

296 3837 544 3893 mortuis.
568 3836 697 3904 Quae
723 3843 805 3890 est
832 3835 946 3904 ipsa
989 3832 1241 3887 merces?
1266 3831 1517 3900 Surgere,
1543 3837 1888 3898 posteaquam

298 3927 508 3984 sedisti.
537 3927 666 3995 Quae
712 3935 794 3982 est
837 3925 951 3996 ipsa
1001 3926 1254 3980 merces?
1301 3923 1495 3978 Laetari
1542 3930 1888 3992 posteaquam

291 4013 636 4076 'manducasti
668 4033 860 4086 panem
886 4016 1110 4072 doloris.
1137 4014 1303 4084 Cujus
1319 4013 1566 4069 ventris?
1593 4013 1846 4068 Ecclesiae
1871 4030 1886 4066 :

299 4112 354 4168 in
381 4111 537 4182 cujus
568 4117 757 4165 ventre
780 4151 793 4174 ,
826 4109 948 4179 quia
984 4108 1101 4176 ejus
1124 4116 1305 4179 typum
1337 4105 1580 4160 Rebecca
1608 4103 1888 4175 gestabat,

299 4205 411 4262 duo
482 4203 558 4258 illi
611 4202 806 4275 gemini
861 4210 1111 4272 tanquam
1155 4199 1262 4254 duo
1319 4197 1499 4268 populi
1558 4196 1894 4252 laetabantur

307 4297 482 4372 (Gen.
511 4311 643 4363 xxv,
673 4295 766 4359 22,
795 4293 917 4365 25).
950 4293 1066 4349 Una
1122 4301 1294 4346 mater
1339 4291 1393 4345 iu
1437 4289 1730 4344 visceribus
1782 4287 1894 4343 suis

305 4388 682 4445 dissentientes
709 4385 904 4442 fratres
934 4383 1170 4439 nondum
1201 4392 1352 4436 natos
1381 4381 1691 4437 continebat
1720 4397 1734 4434 :
1764 4377 1887 4450 pul-

309 4481 496 4537 sabant
529 4487 768 4535 materna
799 4478 1004 4533 viscera
1043 4473 1324 4530 discordiis
1351 4471 1576 4528 internis
1603 4488 1618 4538 ;
1646 4471 1896 4542 gemebat

307 4574 423 4642 illa,
453 4573 559 4628 vim
595 4571 940 4643 patiebatur;
972 4569 1065 4624 sed
1119 4565 1332 4638 pariens
1380 4564 1720 4621 discernebat
1758 4577 1895 4634 quos

309 4669 552 4741 geminos
575 4681 860 4738 praegnans
889 4663 1200 4735 pertulerat.
1232 4660 1323 4716 Sic
1351 4668 1406 4716 et
1434 4658 1616 4727 modo,
1650 4655 1847 4713 fratres
1877 4697 1895 4726 ,

312 4758 566 4832 quamdiu
612 4758 844 4828 gemitus
872 4755 1028 4810 datus
1054 4760 1137 4809 est
1162 4750 1418 4807 Ecclesiae
1444 4792 1461 4817 ,
1492 4747 1747 4820 quamdiu
1779 4762 1898 4817 par-

312 4853 444 4909 turit
469 4848 726 4913 Ecclesia,
760 4848 860 4919 ipsi
909 4855 1032 4901 sunt
1071 4846 1213 4900 intus
1240 4853 1293 4898 et
1339 4842 1465 4898 boni
1493 4849 1548 4896 et
1575 4839 1721 4896 mali.
1765 4838 1904 4894 Fru-

311 4955 435 5002 ctus
453 4953 634 5000 autem
667 4941 870 4998 ventris
899 4941 954 4995 in
982 4938 1146 4994 Jacob
1187 4944 1326 5002 erat,
1357 4934 1482 5006 quia
1513 4932 1691 5004 ipsum
1714 4931 1902 4987 dilexit

312 5045 506 5094 mater.
527 5033 687 5089 Iacob
713 5033 888 5094 dilexi,
914 5029 1044 5086 dicit
1065 5030 1230 5095 Deus,
1260 5026 1396 5081 Esau
1422 5033 1589 5078 autem
1617 5023 1732 5078 odio
1750 5023 1904 5077 habui

315 5127 618 5202 (Malacha,
642 5126 700 5194 2,
716 5127 770 5190 3;
793 5123 943 5178 Rom.
967 5138 1043 5188 rx,
1060 5119 1175 5192 15).
1199 5118 1370 5173 Ambo
1391 5117 1458 5172 de
1483 5129 1590 5170 uno
1607 5122 1758 5169 utero
1776 5128 1904 5184 pro-

314 5229 632 5287 cesserunt;
654 5233 790 5274 unus
815 5217 981 5272 amari
1013 5213 1230 5280 meruit,
1259 5211 1392 5265 alius
1414 5208 1710 5280 reprobari.
1733 5207 1789 5261 lu
1818 5206 1903 5261 di-

315 5315 471 5372 lectis
485 5329 614 5386 ergo
635 5313 749 5384 ejus
765 5311 968 5366 fructus
985 5307 1253 5378 erit.Ergo
1272 5319 1458 5360 merces
1482 5306 1678 5374 fructus
1695 5300 1901 5356 ventris.

387 5407 441 5464 9.
473 5405 607 5481 [vers
630 5405 710 5480 4.]
759 5405 906 5460 Sicut
933 5403 1129 5472 sagittw
1157 5401 1211 5455 in
1248 5415 1402 5453 manu
1427 5397 1640 5469 potentis
1664 5437 1678 5461 ,
1701 5395 1774 5449 sic
1802 5393 1900 5464 ﬁlii

317 5515 670 5557 excussorum.
701 5495 856 5553 Unde
882 5495 1024 5550 enim
1054 5492 1189 5548 facta
1219 5499 1303 5547 est
1321 5489 1608 5546 htereditas
1637 5487 1736 5542 ista
1757 5528 1772 5552 ,
1798 5485 1905 5541 fra-

317 5592 472 5649 tres?
497 5590 641 5647 unde
690 5587 831 5644 facta
861 5594 945 5642 est
980 5594 1089 5640 tam
1133 5582 1301 5640 multa
1345 5580 1629 5637 haereditas
1657 5619 1672 5646 ,
1700 5578 1769 5635 de
1797 5593 1902 5650 qua

382 5731 400 5760 ί
426 5729 502 5778 sic
520 5731 595 5775 Er.
621 5723 769 5782 Lugd.
795 5729 916 5772 Ven.
935 5726 987 5782 et
1007 5725 1114 5769 nov.
1129 5721 1267 5778 tum,
1289 5727 1441 5780 quare
1461 5711 1689 5767 surrexit.
1714 5719 1772 5762 ιι.

383 5787 460 5860 (α)
490 5795 640 5838 Graec.
667 5780 752 5837 toi
769 5780 968 5847 παι-μού.

604 5873 836 5939 Sacr.
881 5871 1162 5944 Ausus'r.
1205 5863 1313 5926 IV.

1315 312 1712 378 ENARRATIO
1747 310 1818 370 lN
1853 307 2186 371 ΡεΑιιιυιι
2209 311 2448 372 CXXVI.

3403 310 3548 370 16'“

1965 426 2072 484 dici
2095 427 2254 484 habet
2281 429 2335 484 in
2365 429 2493 497 fine,
2515 427 2648 485 Ecce
2667 428 2934 484 hereditas
2967 428 3194 497 Domini,
3215 429 3334 502 ﬁlii,
3355 445 3547 486 merces

1965 519 2160 590 fructus
2182 521 2395 576 ventris?
2422 520 2642 576 Excussi
2667 527 2791 576 sunt
2816 519 3028 592 quidam
3047 519 3114 577 de
3129 535 3289 577 manu
3307 522 3540 590 Domini,

1964 616 2214 684 tanquam
2257 611 2463 685 sagittas
2486 655 2500 680 ,
2531 621 2586 668 et
2622 613 2797 668 ierunt
2823 613 2980 684 longe
3004 655 3020 682 ,
3049 621 3104 670 et
3150 621 3315 670 totam
3350 623 3545 670 terram
3633 601 3637 606 ’

1969 703 2345 775 impleverunt,
2367 705 2506 760 unde
2533 705 2795 777 pullulant
2823 707 3010 761 sancti.
3045 705 3176 761 Nam
3205 705 3320 777 ipsa
3342 716 3424 762 est
3445 707 3545 763 haz-

1966 792 2167 848 reditas
2192 792 2258 849 de
2280 809 2382 864 qua
2412 794 2635 850 dicitur:
2665 794 2880 851 Postula
2909 814 2940 850 a
2965 813 3064 862 me,
3093 806 3141 851 et
3165 797 3294 852 dabo
3315 797 3404 851 tibi
3427 815 3550 869 gen-

1969 893 2044 938 tes
2081 883 2423 938 haereditatem
2451 892 2589 938 tuam
2612 927 2629 953 ,
2657 895 2702 940 et
2741 889 3104 957 possessionem
3146 899 3285 941 tuam
3313 889 3550 944 terminos

1970 982 2119 1028 term
2147 972 2315 1044 (Psal.
2349 990 2406 1042 ιι,
2439 973 2517 1046 8).
2550 977 2618 1031 Et
2663 979 2931 1048 quomodo
2976 978 3076 1034 ista
3113 982 3383 1049 possessio
3421 995 3550 1050 per-

1971 1065 2209 1135 tenditur
2231 1075 2286 1120 et
2313 1067 2506 1122 crescit
2550 1083 2719 1139 usque
2763 1068 2826 1123 ad
2879 1070 3010 1125 fines
3039 1071 3237 1126 terra?
3264 1071 3394 1140 Quia
3421 1071 3552 1126 sicut

1972 1159 2171 1230 sagith
2197 1159 2250 1213 in
2279 1176 2434 1213 manu
2460 1163 2696 1230 potentis,
2718 1163 2789 1218 sic
2815 1163 2911 1232 filii
2944 1180 3282 1222 excussorum.
3315 1165 3390 1220 De
3421 1179 3549 1221 arcu

1974 1252 2317 1308 excutiuntur
2365 1253 2612 1323 sagittae,
2653 1263 2707 1309 et
2761 1265 2958 1326 quanto
3003 1256 3193 1312 fortior
3220 1259 3551 1324 excusserit,

1972 1349 2120 1409 tanto
2143 1343 2356 1414 longius
2393 1344 2538 1398 vadit
2565 1345 2773 1415 sagitta.
2801 1347 2938 1415 Quid
2966 1356 3143 1404 autem
3175 1348 3362 1404 fortius
3385 1364 3553 1405 excus

1974 1434 2140 1489 tiente
2160 1435 2428 1489 Domino?
2450 1436 2526 1491 De
2551 1451 2677 1490 arcu
2707 1451 2806 1492 suo
2829 1439 3047 1494 mandat
3072 1441 3358 1510 Apostolos
3383 1456 3550 1497 suos:

1973 1541 2081 1580 non
2111 1527 2282 1596 potuit
2309 1541 2434 1582 esse
2461 1527 2755 1590 residuum,
2775 1544 2879 1598 quo
2897 1545 3002 1584 non
3031 1533 3338 1601 perveniret
3363 1533 3556 1603 sagitta

1973 1631 2004 1671 a
2031 1625 2137 1672 tam
2183 1617 2309 1673 forti
2346 1633 2602 1685 excussa;
2643 1620 2886 1689 pervenit
2917 1636 3083 1692 usque
3122 1623 3189 1678 ad
3219 1622 3353 1678 fines
3376 1633 3554 1678 terrae.

1974 1708 2101 1764 Ideo
2129 1725 2234 1766 non
2264 1711 2426 1777 ultra,
2449 1711 2572 1782 quia
2603 1711 2733 1766 nihil
2774 1721 2856 1768 est
2883 1713 3022 1768 ultra
3059 1716 3271 1784 generis
3317 1715 3556 1770 humani.

1975 1798 2106 1855 Nam
2152 1809 2326 1856 tantas
2365 1802 2508 1857 vires
2539 1802 2628 1858 ille
2655 1803 2810 1859 habet
2835 1846 2850 1870 ,
2879 1814 2936 1858 ut
2976 1804 3134 1859 etiam
3176 1805 3220 1860 si
3249 1805 3386 1860 ultra
3415 1815 3562 1862 esset

1975 1905 2081 1962 quo
2102 1891 2446 1961 pertenderet
2473 1895 2688 1964 sagitta,
2716 1904 2996 1951 excuteret
3021 1895 3146 1951 illuc
3168 1897 3436 1968 sagittam.
3470 1897 3563 1954 Sic

1976 1993 2102 2037 sunt
2126 1993 2303 2038 autem
2328 1982 2425 2039 filii
2453 1999 2800 2042 excussorum
2823 1988 3124 2059 ,quomodo
3148 1999 3202 2045 et
3231 1990 3304 2045 illi
3327 1991 3562 2048 excussi.

1976 2071 2268 2141 Quaesitum
2290 2083 2374 2129 est
2402 2077 2544 2130 enim
2572 2076 2640 2132 de
2668 2078 2769 2132 hoc
2791 2078 2956 2134 verbo
2977 2079 3136 2134 etiam
3157 2081 3225 2135 ab
3247 2081 3309 2136 iis
3329 2082 3421 2152 qui
3441 2091 3566 2138 ante

1977 2177 2077 2218 nos
2105 2164 2204 2218 ista
2234 2172 2550 2234 tractarunt,
2572 2155 2741 2237 quare
2769 2168 2866 2224 filii
2890 2185 3240 2226 excussorum
3261 2172 3389 2228 dicti
3415 2183 3564 2242 sunt,

1981 2254 2066 2309 vel
2090 2253 2180 2325 qui
2210 2266 2334 2311 sunt
2377 2257 2704 2329 intelligendi
2733 2259 2828 2314 filii
2858 2276 3240 2329 excussorum;
3263 2271 3317 2318 et
3343 2263 3567 2334 quibus-

1980 2347 2104 2404 dam
2136 2350 2307 2404 visum
2338 2358 2421 2405 est
2444 2393 2457 2417 ,
2482 2352 2620 2407 sicut
2646 2353 2807 2408 modo
2834 2352 2976 2422 dixi,
3009 2353 3149 2410 filios
3177 2369 3522 2412 excussorum
3547 2396 3564 2424 ,

1981 2437 2119 2494 filios
2146 2454 2266 2495 esse
2295 2442 2694 2511 Apostolorum.

2054 2533 2142 2588 l0.
2168 2533 2410 2589 lntendat
2455 2534 2726 2605 paululum
2758 2533 3003 2591 Charitas
3029 2544 3230 2592 vestra.
3272 2535 3568 2606 Quaesitum

1983 2632 2066 2678 est
2092 2639 2258 2694 quare
2291 2626 2501 2680 excussi
2532 2627 2770 2698 Apostoli
2796 2643 2810 2681 :
2841 2626 3040 2683 dictum
3071 2636 3155 2683 est
3177 2643 3208 2682 a
3228 2627 3567 2698 quibusdam,

1985 2710 2106 2770 ideo
2129 2716 2247 2770 illos
2274 2717 2566 2786 appellatos
2593 2733 2883 2786 excussos,
2914 2720 3036 2791 quia
3068 2721 3322 2790 praecepit
3345 2720 3427 2777 eis
3468 2721 3572 2775 Do-

1988 2805 2188 2870 min’us,
2222 2806 2286 2861 Si
2313 2809 2535 2862 exieritis
2568 2809 2632 2862 de
2671 2810 2937 2864 civitatein
2968 2827 3068 2881 qua
3089 2827 3194 2865 non
3219 2811 3431 2866 audiunt
3453 2828 3569 2878 vos,

1985 2898 2203 2953 excutite
2223 2899 2472 2970 pulverem
2497 2901 2560 2954 de
2585 2901 2793 2973 pedibus
2815 2903 2988 2956 vestris
3019 2901 3231 2974 (Matth.
3252 2918 3310 2967 x,
3339 2900 3448 2974 M).
3466 2901 3574 2960 Sed

1986 2991 2060 3045 ait
2085 2991 2250 3058 alius,
2280 2991 2392 3047 Non
2419 3008 2548 3064 ergo
2578 2994 2676 3063 ﬁlii
2715 3011 3041 3050 excussorum
3084 2995 3188 3050 dici
3232 2994 3571 3065 debuerunt,

1987 3081 2083 3137 sed
2113 3081 2207 3136 filii
2239 3083 2625 3139 excutientium
2661 3103 2674 3138 :
2704 3086 3037 3141 excutientes
3083 3087 3228 3142 enim
3278 3086 3398 3142 illos
3449 3085 3578 3142 fecit

1989 3173 2243 3229 Dominus
2271 3215 2286 3242 ,
2310 3175 2501 3244 quibus
2526 3175 2692 3244 dixit,
2729 3177 2968 3233 Emeutite
2992 3179 3248 3248 pulverem
3273 3179 3338 3233 de
3368 3179 3578 3249 pedibus

1987 3267 2205 3330 vestris;
2251 3279 2357 3321 non
2387 3282 2663 3323 excussos.
2706 3267 2988 3324 Subtiliter
3015 3269 3229 3339 quidem
3270 3270 3422 3339 quasi
3447 3284 3578 3325 con-

1988 3342 2254 3414 tradicere
2280 3358 2447 3412 voluit
2482 3358 2809 3428 praecedenti
2854 3360 3134 3416 sententia:
3157 3361 3174 3392 ⁸
3200 3402 3216 3425 ,
3257 3359 3349 3414 ille
3390 3375 3421 3414 a
3472 3375 3579 3433 quo

1985 3446 2097 3518 jam
2135 3447 2237 3502 ista
2283 3455 2506 3504 tractata
2534 3457 2590 3504 et
2634 3448 2776 3505 dicta
2807 3458 2961 3505 erant
2994 3468 3007 3504 :
3040 3460 3410 3506 verumtamen
3453 3465 3577 3519 nos,

1990 3547 2248 3610 quantum
2275 3539 2489 3610 adjuvat
2509 3540 2790 3609 Dominus,
2811 3549 3112 3613 quaerentes
3137 3541 3408 3612 quomodo
3432 3551 3581 3599 recte

1991 3629 2097 3685 dici
2149 3630 2419 3701 potuerint
2463 3631 2625 3687 etiam
2652 3632 2866 3688 excussi
2893 3674 2908 3700 ,
2941 3633 3134 3702 quibus
3181 3633 3257 3687 ait
3282 3633 3578 3700 Dominus,

1993 3720 2231 3776 Excutite
2258 3723 2512 3793 puluerem
2538 3722 2601 3776 de
2645 3723 2855 3792 pedibus
2881 3723 3058 3778 vestris
3082 3738 3103 3788 ;
3146 3723 3446 3778 invenimus
3475 3737 3581 3778 non

1993 3813 2228 3869 absurde
2257 3813 2360 3868 dici
2384 3815 2640 3884 potuisse.
2669 3815 2923 3882 Quamvis
2949 3815 3092 3870 enim
3121 3815 3221 3885 ipsi
3243 3824 3579 3878 excuterent.

1993 3918 2055 3960 se
2099 3904 2246 3974 ipsos
2274 3905 2637 3960 excutiebant.
2672 3904 2787 3962 Hoc
2813 3906 2936 3960 dico
2964 3921 2978 3958 :
3007 3906 3097 3976 qui
3126 3907 3327 3962 excutit
3353 3948 3370 3975 ,
3400 3915 3490 3963 aut
3525 3921 3586 3964 se

1995 3996 2218 4064 excutit,
2251 4004 2343 4050 aut
2364 3996 2564 4067 aliquid
2594 3996 2738 4052 aliud
2772 4013 2786 4050 :
2830 3997 2876 4051 si
2905 3996 3106 4066 aliquid
3137 3996 3279 4052 aliud
3307 3998 3581 4064 excutiat,

1997 4088 2274 4144 excutiens
2299 4095 2383 4143 est
2410 4129 2427 4153 ,
2452 4102 2711 4144 excussus
2736 4103 2844 4143 non
2882 4097 2966 4143 est
2989 4106 3004 4147 :
3031 4087 3078 4143 si
3117 4097 3294 4145 autem
3334 4104 3394 4145 se
3420 4104 3587 4145 excu-

1999 4180 2118 4249 tiat,
2141 4188 2195 4236 et
2221 4179 2502 4236 excutiens
2531 4189 2614 4235 est
2642 4189 2695 4235 et
2723 4195 3001 4236 excussus.
3017 4179 3316 4249 intendite;
3347 4182 3449 4238 hoc
3469 4183 3586 4254 pla-

1999 4273 2120 4328 nius
2147 4271 2323 4327 dicam
2350 4313 2367 4339 ,
2395 4271 2440 4327 si
2467 4279 2710 4342 potuero.
2737 4271 2793 4328 Si
2821 4271 2964 4326 aliud
2989 4273 3226 4328 excutiat
3251 4314 3266 4341 ,
3297 4275 3584 4330 excutiens

1999 4369 2103 4430 est,
2125 4376 2232 4418 non
2256 4375 2511 4418 excussus
2535 4379 2551 4429 ;
2575 4362 2618 4418 si
2641 4362 2710 4418 ab
2724 4361 2831 4418 alio
2855 4364 3172 4431 excutiatur,
3199 4379 3459 4421 excussus
3482 4374 3586 4432 est,

2003 4469 2111 4522 non
2161 4453 2481 4510 excutiens:
2528 4455 2574 4508 si
2627 4464 2805 4510 autem
2851 4455 3085 4510 excutiat
3123 4456 3394 4526 seipsum,
3429 4471 3593 4512 excu-

2004 4545 2145 4601 tiens
2173 4553 2295 4612 est,
2315 4545 2437 4616 quia
2467 4545 2670 4600 excutit
2698 4560 2797 4611 se;
2835 4555 2890 4600 et
2934 4560 3191 4601 excussus
3212 4587 3226 4613 ,
3261 4547 3382 4617 quia
3432 4563 3595 4603 excu-

2004 4635 2135 4691 titur
2183 4650 2213 4690 a
2258 4650 2336 4692 se.
2393 4635 2663 4704 Quaeritur
2714 4651 2842 4708 ergo
2890 4651 3026 4707 quos
3072 4639 3404 4692 excusserint
3449 4639 3595 4708 Apo-

2005 4727 2171 4785 stoli?
2194 4727 2388 4798 Utique
2414 4729 2623 4799 seipsos
2650 4743 2665 4781 :
2703 4743 2732 4782 a
2760 4729 2985 4798 pedibus
3011 4730 3152 4784 enim
3182 4731 3294 4785 suis
3310 4729 3595 4800 pulverem

2007 4831 2381 4880 excusserunt.
2403 4821 2510 4879 Sed
2538 4823 2612 4876 ait
2632 4822 2822 4892 aliquis
2843 4840 2858 4877 :
2882 4822 2996 4877 Non
3017 4839 3078 4879 se
3103 4831 3472 4890 excusserunt,
3501 4823 3596 4878 sed

2006 4917 2308 4989 pulverem.
2329 4915 2440 4970 Hoc
2465 4914 2622 4985 plane
2637 4914 2969 4970 calumniose
2987 4914 3202 4970 dicitur.
3221 4914 3434 4969 Duobus
3453 4915 3596 4969 enim

1984 5011 2184 5093 (modis
2219 5009 2446 5066 dicimus
2483 5007 2682 5079 aliquid
2724 5007 2943 5073 excuti;
2988 5007 3100 5062 sive
3147 5006 3275 5061 illud
3305 5006 3444 5076 quod
3474 5005 3598 5061 inde

2011 5105 2294 5172 excutitur,
2309 5102 2423 5158 sive
2440 5101 2568 5156 illud
2595 5101 2737 5157 unde
2760 5100 3047 5157 excutitur.
3070 5097 3203 5154 Nam
3227 5107 3302 5164 et,
3329 5098 3598 5153 Excussus

2012 5206 2094 5253 est
2122 5196 2292 5267 pulvis
2323 5236 2338 5262 ,
2369 5194 2596 5250 dicimus
2621 5210 2636 5258 ;
2667 5201 2757 5258 et,
2789 5206 3014 5247 excussa
3049 5199 3132 5244 est
3177 5189 3360 5245 vestis.
3391 5189 3601 5243 Tenent

2013 5289 2173 5360 aliqui
2195 5295 2252 5343 et
2277 5288 2554 5344 excutiunt
2579 5294 2782 5341 vestem
2814 5323 2830 5349 ,
2863 5291 2919 5337 et
2947 5281 3125 5337 exsilit
3155 5279 3278 5335 inde
3313 5279 3484 5350 pulvis
3506 5280 3595 5350 qui

2014 5384 2318 5439 inhaeserat.
2350 5381 2485 5450 Quid
2514 5379 2649 5434 dicis
2669 5378 2735 5433 de
2763 5374 3015 5448 pulvere?
3054 5374 3326 5429 Excussus
3362 5381 3444 5427 est
3485 5372 3600 5441 pul-

2013 5478 2118 5532 vis.
2143 5475 2282 5546 Quid
2312 5474 2446 5530 dicis
2475 5474 2541 5529 de
2579 5471 2772 5527 veste?
2803 5470 3036 5525 Excussa
3063 5477 3145 5522 est
3171 5465 3355 5522 vestis.
3383 5465 3440 5520 Si
3470 5477 3600 5534 ergo

2016 5578 2073 5627 et
2094 5569 2235 5642 quod
2262 5567 2386 5624 inde
2410 5564 2728 5622 excutiendo
2754 5561 2952 5619 exsiliit
2976 5603 2993 5630 ,
3023 5568 3080 5617 et
3108 5558 3239 5615 illud
3278 5556 3419 5613 unde
3447 5556 3594 5611 exsi-

2081 5705 2101 5738 ι
2127 5712 2229 5754 Am.
2257 5710 2310 5754 et
2331 5709 2438 5752 uss.
2464 5707 2598 5764 post,
2631 5695 2928 5764 precedenti
2963 5693 3251 5764 sententite,_
3267 5690 3450 5751 ferunt,

2012 5765 2122 5830 jam
2142 5753 2237 5819 ista
2257 5753 2525 5818 tractata'et
2546 5753 2680 5816 dicit!
2699 5767 2838 5810 erant
2862 5773 2874 5808 :
2900 5757 3030 5823 quod
3052 5756 3179 5807 forte
3203 5753 3450 5819 glossema
3465 5757 3560 5802 est.

2656 5839 3300 5928 “linquente-troia.)
