4074 6474
528 385 665 442 1675

523 497 602 558 liit
622 497 763 569 quod
791 496 1114 562 inhaeserat,
1143 485 1425 546 excussum
1446 487 1679 551 dicitur;
1718 494 1772 542 et
1798 483 1968 553 pulvis
1996 497 2097 536 ex-

523 607 715 649 cussus
735 597 836 653 est,
860 595 916 642 et
954 583 1196 654 Apostoli
1218 581 1429 642 excussi
1471 587 1616 633 sunt.
1646 577 1820 644 Quare
1842 590 1968 646 ergo
1996 589 2102 630 non

523 687 769 744 dicantur
797 680 891 752 [itii
918 694 1238 734 excusserunt
1268 675 1362 731 ﬁlii
1391 670 1813 746 Apostolorum?

595 784 684 838 11.
717 778 824 836 Sed
851 786 934 834 est
953 775 1060 830 alia
1085 772 1348 829 sententia
1368 766 1963 841 quamprzetermittere
1994 777 2100 818 non

521 875 802 932 debemus.
850 870 974 926 Ideo
1002 868 1144 924 enim
1171 865 1309 922 forte
1335 864 1613 919 obscurius
1643 861 1873 932 positum
1899 868 2012 923 est,
2045 864 2104 911 ut

522 967 720 1023 multos
750 961 1049 1020 inteliectus
1079 966 1319 1031 generet,
1343 965 1400 1012 et
1423 954 1681 1010 ditiores‘
1710 951 1987 1007 discedant
2009 948 2104 1003 ho-

520 1061 695 1118 mines
715 1099 730 1121 ,
771 1055 893 1126 quia
932 1055 1171 1110 clausum
1202 1053 1521 1105 invenerunt
1548 1045 1688 1118 quod
1717 1045 1898 1099 multis
1929 1041 2102 1096 modis

521 1149 849 1217 aperiretur,
877 1160 1036 1216 quam
1085 1144 1130 1198 si
1173 1156 1282 1197 uno
1313 1138 1472 1195 modo
1501 1145 1747 1208 apertum
1777 1135 2096 1189 invenirent.

523 1241 762 1296 Dicimus
803 1238 981 1294 excuti
1028 1237 1186 1291 etiam
1237 1232 1456 1303 aliquid,
1491 1240 1550 1285 ut
1593 1239 1753 1284 exeat
1798 1227 1919 1282 inde
1961 1225 2103 1295 quod

520 1334 661 1390 forte
679 1332 1048 1397 absconditum
1070 1337 1170 1384 est.
1199 1327 1370 1381 Aliter
1390 1325 1531 1380 enim
1559 1323 1786 1377 dicimus
1811 1320 1986 1376 excuti
2013 1334 2104 1374 ve-

522 1435 659 1480 stem
679 1467 694 1491 ,
726 1433 784 1478 ut
813 1423 1082 1479 exentiant
1124 1419 1247 1472 inde
1276 1417 1584 1486 pulverem;
1615 1422 1669 1467 et
1696 1413 1847 1466 aliter
1875 1411 2105 1467 dicimus

521 1519 700 1574 excuti
743 1529 992 1577 saccum,
1034 1522 1092 1565 ut
1123 1509 1251 1564 illud
1282 1507 1422 1577 quod
1466 1507 1609 1563 intus
1647 1504 1881 1569 latebat,
1928 1511 2100 1560 exeat.

522 1611 667 1680 Ergo
687 1609 945 1677 intelligo,
975 1605 1185 1669 fratres,
1213 1607 1466 1672 quantum
1493 1612 1728 1667 possum,
1757 1597 1892 1651 ﬁlios
1919 1611 2107 1650 excus-

523 1717 707 1758 sorum
734 1699 958 1754 fortasse
984 1697 1128 1764 ipsos
1156 1690 1443 1761 Apostolos
1469 1688 1662 1754 dictos,
1699 1687 1834 1742 ﬁlios
1865 1686 2104 1754 Prophe-
2131 1702 2140 1710 '

519 1802 721 1849 tarum.
766 1790 1047 1858 Propheta:
1090 1787 1230 1841 enim
1267 1784 1447 1839 clausa
1483 1787 1818 1835 sacramenta
1843 1788 1896 1834 et
1920 1788 2106 1848 Operta

525 1883 871 1941 continebant
896 1898 909 1934 :
936 1878 1144 1934 excussi
1173 1884 1330 1940 sunt,
1361 1883 1418 1928 ut
1447 1873 1570 1928 inde
1598 1873 1875 1927 manifesta
1917 1888 2104 1941 proce-

527 1977 732 2034 derent.
768 1975 898 2028 Puta
927 1986 1053 2041 ergo
1085 1969 1399 2038 prephetam
1427 1966 1625 2021 dixisse
1645 1965 1829 2031 ,sient
1857 1973 1911 2018 et
1938 1965 2102 2018 dixit:

526 2069 740 2141 Agnovit
761 2067 846 2122 bos
870 2077 1205 2134 possessorem
1220 2077 1384 2124 suum,
1408 2068 1456 2112 et
1475 2059 1651 2112 asinus
1681 2073 1902 2127 praesepe
1917 2057 2107 2110 domini

524 2161 643 2223 sui;
685 2156 848 2212 Israel
891 2163 1058 2208 autem
1097 2169 1176 2207 me
1211 2167 1314 2205 non
1355 2150 1584 2220 cognovit
1625 2146 1759 2222 (Isai
1789 2164 1840 2214 ι,
1869 2146 1960 2215 '5).
1996 2148 2106 2204 Hoc

525 2250 653 2307 mihi
687 2251 894 2304 interim
922 2248 988 2302 ad
1013 2259 1255 2315 praesens
1277 2243 1548 2308 occurrit,
1581 2241 1722 2311 quod
1750 2241 1819 2296 de
1850 2241 2105 2310 prepheta

525 2345 758 2400 dicerem
784 2360 797 2396 :
819 2342 865 2395 si
897 2339 1040 2396 aliud
1064 2337 1407 2400 occurrisset,
1437 2335 1539 2390 hoc
1565 2334 1841 2388 dixissem.
1873 2335 1983 2388 lloc
2011 2350 2106 2388 au-

523 2445 630 2491 tem
661 2434 882 2488 audiens
911 2432 1094 2497 homo,
1123 2430 1167 2484 si
1195 2430 1410 2482 asinum.
1431 2436 1486 2483 et
1511 2427 1723 2490 bovem,
1751 2435 1806 2483 et
1834 2442 2022 2495 pecora
2051 2436 2106 2482 et

510 2525 759 2594 (iumenta
805 2537 924 2592 qua:
969 2519 1144 2583 videt,
1188 2517 1529 2586 cogitaverit;
1572 2514 1756 2570 nescio
1793 2515 1919 2585 quid
1962 2516 2105 2570 intus

509 2625 774 2688 .tanquam
815 2615 870 2669 in
911 2611 1185 2668 involucra
1225 2610 1458 2680 positum
1487 2608 1781 2663 forinsecus
1811 2617 2104 2677 pertracta-

521 2707 629 2769 bit;
661 2704 787 2775 quid
813 2703 885 2759 ibi
913 2703 982 2757 sit
1012 2702 1200 2757 nescit.
1235 2699 1431 2756 Asinus
1456 2710 1510 2755 et
1539 2699 1634 2754 hos
1655 2699 1855 2769 aliquid
1897 2699 2104 2768 signiﬁ-

508 2807 664 2866 cant.
705 2797 846 2866 Quid
881 2809 1008 2864 ergo
1037 2793 1232 2848 dicitur
1257 2791 1456 2847 homini
1475 2791 1594 2860 ‘jam
1626 2791 1972 2860 pronuntiare
2002 2807 2127 2846 vo-'

507 2891 688 2948 llenti'?
716 2891 1012 2960 Exspecta;
1044 2887 1282 2942 clausum
1311 2893 1392 2941 est
1417 2884 1556 2954 quod
1585 2888 1774 2954 tangis,
1804 2893 1992 2939 excute
2023 2885 2105 2938 in-

520 2983 802 3036 volucrum
836 2998 849 3034 :
883 2977 1152 3047 PrOpheta
1204 2976 1386 3032 nescio
1430 2974 1557 3044 quid
1602 2975 1705 3030 illis
1753 2975 2104 3030 velamiuihns

507 3045 796 3134 inominum
824 3045 1064 3136 texit;et
1086 3069 1267 3124 nescio
1288 3083 1443 3138 quem
1471 3068 1702 3132 asinum,
1738 3068 1921 3123 nescio
1943 3081 2102 3137 quem

507 3167 711 3222 .bovem
758 3162 1040 3234 signiﬁcat.
1087 3161 1220 3216 Nam
1246 3158 1702 3228 asinusfin-ﬁgura
1743 3159 1923 3229 populi
1970 3161 2098 3225 Dei,

519 3256 812 3328 iumentum
860 3255 952 3309 Dei
994 3259 1106 3316 est,
1139 3261 1356 3320 portans
1396 3265 1661 3308 sessorem
1712 3251 1991 3308 Dominum
2035 3268 2103 3308 ne

517 3355 663 3402 erret
687 3345 738 3398 in
765 3344 855 3400 via
880 3360 893 3398 :
919 3352 973 3398 et
1003 3344 1097 3398 bos
1125 3341 1214 3396 ille
1242 3341 1311 3397 de
1335 3356 1444 3411 quo
1473 3341 1602 3400 dicit
1630 3342 1918 3410 Apostolus
1935 3337 1961 3407 ,”
1977 3342 2102 3397 Bovi

519 3439 776 3494 trituranti
803 3453 860 3491 os
884 3453 988 3490 non
1010 3435 1312 3506 infrenabis.
1339 3431 1608 3504 Numquid
1649 3433 1713 3486 de
1747 3431 1905 3487 bobus
1947 3436 2102 3503 perti-

503 3539 600 3586 net
629 3528 697 3582 ad
724 3528 912 3593 Deum,
931 3526 1094 3582 dixit?
1121 3526 1225 3580 Sed
1252 3534 1455 3596 propter
1477 3541 1568 3580 nos
1595 3525 1870 3594 Scriptura
1903 3526 2025 3582 dicit
2054 3526 2098 3597 (1

503 3621 735 3688 ,Cor.'tx,
759 3620 814 3683 9,
843 3619 953 3688 10).
981 3617 1318 3686 Omnisergo
1338 3616 1428 3684 qui
1459 3615 1955 3684 praedicatverbum
1985 3617 2098 3685 Dei,

501 3687 724 3776 intonet,
753 3687 1016 3782 obiurgat,
1043 3718 1235 3772 terret;
1267 3709 1480 3764 triturat
1504 3721 1708 3773 aream,
1732 3717 1794 3763 ‘et
1823 3709 1974 3764 bovis
2003 3711 2102 3765 im-

505 3807 631 3876 .plet
653 3801 1186 3860 ofﬁcinm.Veniehat
1216 3801 1312 3856 hos
1329 3800 1406 3856 .de
1429 3809 1583 3869 gente
1609 3800 1952 3868 Judreorum;
1977 3803 2100 3859 inde

517 3901 659 3956 enim
706 3897 1088 3968 praedicatores
1135 3894 1374 3964 Apostoli
1405 3913 1417 3948 :
1447 3894 1698 3950 veniebat
1733 3904 1787 3950 et
1824 3897 2004 3952 asinus
2031 3897 2101 3954 de

501 3988 966 4062 ,genteprzeputii,
996 3987 1049 4042 id
1077 3995 1160 4044 est
1183 4001 1211 4038 a
1233 3985 1512 4042 Gentibus.
1537 3985 1692 4043 Venit
1717 3987 1858 4041 enim
1886 3997 1943 4043 nt
1971 4004 2099 4058 por-

518 4090 656 4140 taret
680 4082 961 4137 Dominum
989 4096 1004 4134 :
1033 4086 1090 4134 et
1117 4078 1240 4133 ideo
1266 4078 1319 4132 in
1349 4076 1502 4133 asino
1531 4077 1669 4145 sedit
1697 4079 1978 4145 Dominus,
2010 4083 2101 4151 qui

517 4187 788 4246 nunquam
835 4179 1142 4242 portaverat
1186 4169 1487 4234 hominem;
1533 4170 1876 4238 quantam-ad
1903 4171 2100 4227 Gentes

501 4264 628 4326 =Lex
657 4280 762 4320 non
793 4272 907 4318 erat
935 4263 1115 4324 missa,
1150 4275 1249 4316 nec
1279 4259 1581 4330 Ρνοιιιιθιειξ.
1609 4261 1749 4331 Ergo
1773 4264 2101 4332 quia—Domi—

517 4371 622 4414 nus
647 4364 830 4412 noster
852 4353 1010 4410 Jesus
1032 4350 1276 4409 Christus
1307 4351 1506 4408 cibaria
1549 4362 1728 4406 nostra
1759 4355 1924 4408 voluit
1945 4369 2097 4422 esse,

497 4458 576 4506 .et
597 4455 885 4518 propterea
904 4452 1058 4504 natus
1083 4443 1137 4498 in
1165 4444 1425 4512 praesepio
1445 4442 1740 4498 collocatus
1765 4453 1880 4508 est;
1903 4443 2103 4515 Cogno-

515 4541 588 4596 vit
615 4540 701 4594 bos
730 4551 1064 4607 possessorem
1082 4551 1249 4602 suum,
1275 4545 1321 4589 et
1337 4535 1509 4590 asinus
1529 4547 1753 4604 prtesspe
1773 4534 1979 4592 Domini
2001 4539 2098 4592 sui.

517 4630 624 4687 Sed
667 4626 923 4697 numquid
967 4627 1066 4682 ista
1095 4627 1338 4691 exirent,
1379 4625 1481 4679 nisi
1509 4638 1696 4679 saccus
1724 4628 2102 4685 excuteretur?

507 4720 631 4779 Nisi
655 4719 944 4791 prophetia
974 4718 1230 4784 involuta,
1259 4716 1549 4773 accedente
1571 4716 1840 4786 diligentia
1869 4718 2104 4776 discute—

507 4823 701 4877 retur,
733 4810 988 4880 numquid
1018 4817 1203 4880 operta
1235 4808 1445 4864 exirent
1480 4807 1547 4864 ad
1581 4808 1714 4864 nos?
1746 4808 1944 4870 Omnia
1973 4825 2102 4881 ergo

504 4905 619 4962 ista
646 4905 828 4960 clausa
848 4910 1037 4967 erant,
1064 4910 1352 4970 antequam
1387 4901 1596 4957 veniret
1634 4902 1912 4962 Dominus.
1951 4904 2104 4961 Venit

505 4995 777 5052 Dominus
806 5002 862 5050 et
883 4993 1120 5049 excussit
1145 4991 1236 5046 illa
1264 4991 1465 5056 clausa,
1495 5000 1552 5047 et
1579 4992 1910 5050 manifestata
1941 5005 2098 5062 sunt;

517 5086 728 5144 excussi
775 5095 896 5140 sunt
939 5082 1257 5152 Propheta,
1303 5090 1358 5137 et
1399 5085 1639 5153 generati
1683 5093 1810 5140 sunt
1837 5087 2099 5156 Apostoli.

493 5212 495 5214 -
516 5179 653 5250 Quia
673 5194 801 5250 ergo
823 5176 1063 5234 excussis
1093 5175 1378 5246 Prophetis
1401 5178 1640 5247 generati
1669 5186 1790 5233 sunt
1811 5219 1828 5246 ,
1861 5181 2101 5250 Apostoli

518 5269 612 5328 ﬁlii
651 5278 776 5324 sunt
813 5281 1186 5324 excussornm.
1229 5266 1334 5336 Ipsi
1373 5266 1427 5321 in
1469 5282 1627 5322 manu
1671 5270 1900 5337 potentis
1928 5272 2102 5340 positi

520 5369 772 5431 tanquam
803 5358 1008 5429 sagittae
1027 5399 1042 5423 ,
1085 5366 1442 5429 pervenerunt
1471 5374 1640 5429 usque
1667 5359 1722 5414 in
1754 5359 1885 5416 ﬁnes
1915 5370 2096 5418 terrae.

528 5451 682 5508 Unde
709 5450 815 5508 dici
840 5450 1001 5507 habet
1023 5449 1077 5506 in
1105 5451 1246 5505 ﬁne:
1269 5448 1404 5504 Ecce
1429 5451 1697 5506 htereditas
1720 5451 1948 5520 Domini,
1979 5456 2098 5525 ﬁlii,

523 5561 713 5600 merces
737 5549 932 5617 [ructus
959 5545 1164 5599 ventris.
1193 5542 1326 5610 Quia
1348 5543 1468 5598 ideo
1493 5545 1560 5599 de
1591 5544 1786 5601 ﬁnibus
1809 5555 1964 5602 terra:
1986 5549 2101 5604 eol-

523 5636 704 5708 ligitur
733 5639 830 5692 ista
860 5636 1141 5691 litercditas
1166 5653 1180 5690 :
1204 5636 1348 5706 quia,
1377 5637 1524 5692 Sicut
1543 5640 1739 5709 sagitta:
1762 5639 1815 5693 in
1837 5657 1989 5694 manu
2011 5659 2104 5712 po-

515 5709 706 5797 tentis,
737 5730 810 5784 sic
837 5729 932 5798 ﬁlii
957 5745 1317 5794 excussorum;
1345 5729 1397 5784 id
1435 5738 1551 5798 est,
1590 5730 1686 5788 lilii
1714 5709 2104 5804 PrOphctarum

588 5845 604 5884 ⁸
632 5843 762 5908 alter
786 5856 816 5897 e
833 5843 1121 5907 cornutas,
1145 5843 1397 5898 doctiores.

1737 331 1810 422 's.
1847 339 2214 422 mensum
2243 366 2548 427 EPlSCOPl

3656 379 3795 468 tm

2207 486 2449 555 Apostoli
2492 488 2710 545 fuerunt
2737 492 2886 562 quasi
2916 491 3122 562 sagittae
3151 492 3206 548 in
3231 507 3392 550 manu
3423 493 3680 566 potentis.
3719 483 3790 556 Si

2209 588 2400 647 potens
2427 581 2515 636 ille
2535 624 2550 648 ,
2586 593 2831 651 potenter
2855 585 3128 650 excussit;
3160 585 3205 640 si
3240 579 3494 656 potenter
3521 589 3790 658 excussit,

2207 685 2375 741 usque
2405 674 2458 728 in
2489 675 2620 729 ﬁnes
2650 685 2803 730 terra:
2831 687 3187 746 pervenerunt
3213 695 3348 750 quos
3374 681 3628 736 excussit.

2277 763 2363 818 12.
2399 763 2549 837 [vers.
2573 763 2651 839 5.]
2697 759 2882 822 Beatus
2909 769 3058 824 homo
3091 771 3178 839 qui
3220 772 3443 842 implevit
3487 772 3790 827 desiderium

2203 869 2354 907 suum
2378 873 2439 911 ex
2464 859 2553 910 eis.
2585 858 2698 923 Eia,
2725 851 2919 914 fratres
2948 861 3051 915 mei
3074 903 3088 928 ,
3121 849 3240 932 quis
3266 862 3438 932 replet
3463 863 3788 919 desiderium

2206 959 2362 1001 suum
2391 963 2456 1002 ex
2485 949 2595 1003 eis?
2625 947 2723 1016 Qui
2756 966 2859 1005 non
2892 961 3035 1007 amat
3063 953 3340 1007 sacculum.
3384 953 3488 1021 Qui
3525 953 3790 1010 desiderio

2206 1041 2392 1096 ateculi
2427 1043 2615 1110 plenus
2643 1054 2742 1110 est,
2773 1061 2880 1100 non
2903 1056 2981 1100 est
3004 1062 3110 1117 quo
3132 1048 3293 1102 intret
3318 1048 3457 1118 quod
3486 1049 3557 1102 illi
3592 1048 3789 1118 praedi-

2205 1144 2484 1188 caverunt.
2510 1135 2693 1192 Funde
2722 1138 2864 1206 qnod
2911 1149 3127 1208 portas,
3160 1148 3216 1194 et
3253 1157 3418 1210 capax
3458 1141 3586 1196 ﬁere
3624 1140 3692 1196 ad
3736 1141 3791 1196 id

2207 1224 2347 1294 quod
2374 1239 2477 1279 non
2512 1226 2696 1282 habes.
2724 1228 2776 1282 Id
2806 1239 2907 1293 est,
2931 1230 3202 1288 desideras
3232 1232 3474 1297 divitias;
3506 1247 3612 1288 non
3635 1242 3789 1303 potes

2208 1317 2427 1387 implere
2457 1335 2521 1374 ex
2547 1321 2625 1374 eis
2653 1322 2975 1378 desiderium
3018 1332 3164 1380 tuum
3191 1343 3203 1377 :
3234 1325 3510 1381 desideras
3556 1328 3790 1385 honores

2208 1407 2261 1464 in
2291 1418 2459 1478 terra,
2497 1411 2767 1468 desideras
2806 1429 2866 1468 ea
2908 1432 3026 1487 qua:
3076 1418 3235 1472 etiam
3270 1418 3526 1486 jumentis
3567 1419 3793 1476 donavit

2207 1499 2370 1565 Deus,
2392 1493 2502 1557 hoc
2544 1512 2628 1558 est
2670 1505 2997 1574 voluptatem
3043 1511 3419 1578 temporalem,
3463 1521 3518 1566 et
3561 1513 3792 1567 salutem

2206 1593 2465 1660 corporis,
2499 1601 2553 1648 et
2600 1595 2753 1658 talia;
2787 1611 2892 1651 non
2939 1614 3002 1652 ex
3047 1599 3124 1654 eis
3166 1600 3414 1670 implebis
3465 1602 3793 1658 desiderium

2207 1688 2377 1736 tuum.
2410 1682 2464 1738 Si
2491 1695 2669 1740 autem
2689 1688 2767 1742 sic
2792 1687 3067 1743 desideras
3088 1733 3103 1758 ,
3130 1693 3398 1762 quomodo
3427 1708 3616 1748 cervus
3644 1695 3792 1749 desi-

2207 1771 2358 1826 derat
2382 1773 2447 1827 ad
2474 1773 2648 1830 fontes
2673 1792 2926 1847 aquarum
2955 1778 3126 1852 (Psal.
3157 1798 3227 1847 ιι,
3254 1783 3341 1853 2);
3376 1785 3418 1838 si
3447 1785 3610 1850 dicis,
3639 1785 3791 1840 Desi-

2207 1863 2348 1918 derat
2370 1875 2414 1918 et
2436 1865 2602 1935 deﬁcit
2622 1870 2791 1921 anima
2808 1887 2918 1924 mea
2934 1873 2985 1925 in
3007 1874 3138 1925 atria
3155 1872 3361 1927 Domini
3381 1874 3553 1945 (I’sal.
3567 1892 3792 1943 Lxxxm,

2208 1951 2271 2022 5)
2305 1971 2318 2006 :
2348 1954 2538 2023 imples
2577 1957 2903 2013 desiderium
2948 1970 3091 2014 tuum
3131 1977 3198 2017 ex
3233 1964 3343 2028 eis;
3372 1980 3478 2018 non
3520 1967 3642 2035 quia
3684 1966 3795 2036 jam

2208 2041 2284 2097 illi
2308 2055 2556 2114 .possunt
2588 2048 2689 2101 tale
2721 2048 3043 2105 desiderium
3087 2054 3308 2122 implere
3329 2095 3343 2116 ,
3374 2055 3470 2110 sed
3503 2057 3635 2126 tales
3664 2057 3793 2114 imi-

2207 2134 2370 2188 tando
2398 2137 2548 2191 venis
2569 2138 2637 2192 ad
2663 2154 2782 2193 eum
2811 2142 2899 2211 qui
2927 2141 3164 2212 implevit
3185 2145 3508 2202 desiderium
3532 2152 3795 2216 ipsorum.

2280 2227 2366 2281 15.
2401 2225 2525 2308 Non
2567 2231 2928 2304 confundetur,
2957 2251 3071 2288 cum
3111 2235 3339 2306 loquetur
3365 2239 3579 2294 inimicis
3605 2242 3712 2295 suis
3739 2243 3797 2296 in

2207 2328 2378 2388 porta.
2401 2313 2647 2388 Fratres,
2681 2323 2733 2376 in
2757 2333 2909 2393 porta
2935 2326 3235 2395 loquamur,
3268 2329 3323 2384 id
3354 2340 3455 2395 est,
3482 2347 3670 2388 omnes
3699 2350 3799 2390 no-

2208 2410 2380 2465 verint
2422 2412 2549 2482 quid
2594 2414 2894 2485 loquamur.
2943 2399 3042 2485 Qui
3089 2420 3230 2474 enim
3266 2437 3374 2475 non
3417 2423 3524 2478 vult
3562 2425 3711 2494 loqui
3742 2426 3797 2482 in

2211 2511 2387 2568 porta,
2405 2503 2584 2559 latere
2603 2506 2716 2560 vult
2736 2501 2876 2576 quod
2899 2508 3158 2582 loquitur;
3193 2520 3245 2566 et
3271 2512 3406 2570 forte
3436 2513 3556 2570 ideo
3579 2515 3695 2571 vult
3722 2517 3802 2572 la-

2207 2599 2341 2660 tere,
2368 2594 2490 2664 quia
2513 2596 2709 2672 malnm
2740 2607 2841 2653 est.
2872 2597 2925 2655 Si
2952 2600 3085 2667 ﬁdit,
3116 2604 3166 2657 in
3194 2615 3347 2673 porta
3381 2605 3658 2676 loquatur;
3690 2608 3800 2664 sic-

2209 2692 2266 2736 ut
2293 2685 2486 2739 dicitur
2513 2685 2581 2740 de
2609 2686 2881 2758 Sapientia
2908 2709 2920 2744 :
2947 2689 3011 2745 In
3039 2697 3198 2764 portis
3218 2707 3390 2749 autem
3413 2698 3675 2752 civitatum
3701 2717 3800 2754 au-

2208 2773 2380 2828 denter
2407 2775 2528 2830 dicit
2558 2775 2736 2851 (Prov.
2762 2796 2850 2835 vni
2871 2824 2887 2849 ,
2913 2781 2992 2855 5).
3023 2781 3232 2850 Quanto
3263 2795 3504 2858 tempore
3529 2790 3798 2859 justitiam

2199 2867 2519 2956 linnocentes
2569 2874 2870 2941 tenuerint,
2903 2891 3010 2930 non
3050 2877 3415 2934 erubescent:
3461 2881 3562 2938 hoc
3612 2893 3696 2939 est
3743 2885 3799 2940 in

2200 2953 2357 3044 porta
2380 2953 2698 3029 praedicare.
2745 2965 2814 3018 Et
2844 2967 2963 3037 quis
2988 2977 3070 3023 est
3097 2971 3186 3038 qui
3220 2973 3474 3040 prredicat
3506 2976 3559 3030 in
3603 2978 3801 3046 porta?

2207 3049 2306 3120 Qui
2336 3053 2589 3120 praedicat
2614 3054 2666 3108 in
2688 3056 2934 3123 Christo;
2977 3061 3101 3130 quia
3127 3060 3372 3119 Christus
3401 3075 3663 3135 estporta
3691 3085 3800 3140 qua

2206 3141 2466 3198 intramus
2512 3144 2579 3199 ad
2626 3146 2770 3200 illam
2815 3149 3106 3206 civitatem.
3154 3153 3403 3222 Mentior,
3444 3157 3488 3213 si
3529 3173 3635 3213 non
3681 3160 3801 3230 ipse

2209 3233 2362 3302 dixit,
2397 3237 2507 3308 Ego
2532 3256 2643 3293 sum
2672 3242 2832 3310 ianua
2866 3245 3041 3315 (Joan.
3073 3261 3106 3299 x
3130 3287 3144 3310 ,
3173 3247 3268 3318 9_).
3300 3248 3358 3304 Si
3393 3249 3556 3320 janua
3582 3263 3700 3320 est,
3744 3263 3801 3311 et

2205 3337 2361 3398 porta
2388 3340 2491 3384 est.
2520 3331 2688 3387 Janua
2718 3335 2862 3389 enim
2892 3336 3086 3391 dicitur
3113 3338 3334 3406 domus;
3361 3342 3528 3412 janua
3566 3347 3800 3404 civitatis

2210 3431 2364 3493 porta
2388 3433 2490 3491 est,
2522 3436 2671 3495 porta
2696 3427 2887 3483 domus
2910 3431 3071 3499 janua
3098 3441 3200 3488 est.
3231 3433 3338 3490 Sed
3359 3435 3496 3493 forte
3522 3455 3627 3494 non
3660 3441 3801 3497 bene

2215 3511 2410 3568 dicitur
2432 3525 2605 3584 porta,
2635 3518 2805 3573 sinon
2829 3519 2967 3576 bene
2989 3522 3182 3578 dicitur
3201 3525 3386 3581 civitas
3406 3545 3525 3598 qua:
3546 3530 3687 3586 dicta
3713 3541 3801 3589 est

2203 3603 2420 3678 domus.
2450 3605 2746 3678 Utrumque
2774 3611 2919 3665 enim
2961 3614 3119 3682 paulo
3145 3627 3270 3672 ante
3295 3619 3493 3674 dictum
3522 3632 3603 3676 est
3633 3641 3648 3677 :
3676 3622 3802 3678 Nisi

2205 3695 2454 3753 Dominus
2498 3701 2820 3770 wdiﬁcaverit
2867 3704 3103 3774 domum,
3144 3711 3199 3764 in
3225 3725 3412 3766 vanum
3442 3715 3802 3772 laboraverunt

2203 3789 2513 3857 adi/icantes
2541 3808 2683 3857 eam;
2714 3802 2769 3847 et
2813 3811 2880 3849 ne
2924 3797 3076 3851 istam
3114 3798 3332 3856 domum
3363 3804 3631 3860 audiendo
3669 3823 3798 3876 par-

2203 3894 2327 3934 Vum
2349 3881 2550 3953 aliquid
2581 3892 2816 3952 putares,
2844 3885 2961 3939 Nisi
2985 3887 3258 3957 Dominus,
3291 3894 3479 3963 inquit,
3505 3897 3800 3954 custodierit

2203 3972 2472 4040 civitatem,
2500 3973 2553 4028 in
2580 3990 2764 4030 vanum
2789 3977 3033 4033 laboravit
3058 3984 3142 4054 qui
3171 3985 3389 4039 custodit
3415 4003 3545 4062 eum.
3576 3989 3674 4043 Illa
3709 3998 3801 4046 est

2206 4077 2337 4132 ergo
2368 4064 2559 4121 domus
2587 4083 2705 4137 quat
2731 4078 2817 4124 est
2844 4071 3054 4130 civitas.
3085 4073 3201 4142 Ipsa
3231 4091 3358 4146 ergo
3390 4078 3552 4136 habet
3573 4081 3800 4150 januam

2187 4143 2453 4240 fitanquam
2502 4158 2728 4228 domus,
2757 4170 2811 4216 et
2858 4163 3016 4220 habet
3062 4177 3268 4236 portam
3302 4179 3554 4242 tanquam
3580 4174 3794 4235 civitas.

2191 4247 2306 4324 .Qni
2335 4259 2416 4305 est
2443 4266 2570 4320 ergo
2593 4251 2755 4322 janua
2782 4253 2976 4330 domus
2997 4299 3012 4325 ,
3046 4257 3162 4328 ipse
3187 4270 3288 4317 .est
3333 4273 3487 4334 porta
3537 4267 3794 4324 civitatis.

2191 4339 2346 4415 _Ergo
2370 4343 2412 4395 si
2439 4342 2681 4400 Christus
2711 4355 2859 4414 porta
2881 4349 3131 4418 civitatis,
3158 4352 3256 4431 ille
3273 4369 3382 4424 non
3408 4357 3678 4414 erubescit
3702 4361 3797 4431 qui

2193 4432 2258 4514 'in
2297 4430 2509 4488 Christo
2552 4443 2684 4497 stat,
2714 4438 2887 4512 etsic
2935 4442 3210 4510 praedicat.
3241 4425 3342 4520 Qui
3387 4457 3565 4502 autem
3606 4425 3798 4508 contra

2190 4515 2472 4596 :_Christum
2491 4525 2774 4603 praedicat,
2803 4529 3070 4602 clauditur
3099 4544 3282 4590 contra
3311 4515 3456 4612 illum
3486 4548 3660 4608 porta.
3691 4543 3796 4613 Qui

2206 4624 2332 4667 sunt
2363 4615 2439 4668 illi
2467 4618 2556 4688 qui
2587 4627 2778 4696 contra.
2800 4619 3070 4678 Christum
3105 4626 3432 4704 praedicant?
3459 4619 3560 4700 Qui
3599 4642 3800 4706 negant

2195 4708 2328 4781 quia
2351 4708 2527 4763 missa:
2550 4720 2674 4765 sunt
2691 4713 2894 4782 sagitta:
2917 4714 2984 4769 de
3005 4699 3439 4788 manu‘potenlis,
3459 4699 3800 4795 etpervene-

2189 4810 2332 4870 _runt
2359 4818 2526 4872 usque
2551 4791 2766 4860 in'ﬁues
2806 4815 2992 4874 terrm;
3023 4818 3079 4863 et
3115 4812 3226 4879 ipsa
3254 4821 3339 4867 est
3369 4791 3796 4890 litereditasvDo-

2207 4896 2373 4962 mini,
2416 4896 2482 4953 de
2511 4913 2613 4968 qua
2652 4898 2852 4958 dictum
2891 4912 2969 4957 est
2992 4942 3008 4968 ,
3041 4902 3257 4959 Postulo
3283 4922 3314 4959 α
3343 4925 3442 4975 me,
3473 4917 3518 4963 et
3545 4910 3678 4965 dabo
3708 4912 3798 4966 tibi

2207 4997 2377 5062 gentes
2405 4988 2747 5044 [nereditatem
2777 5000 2946 5058 tuam,
2971 5003 3023 5064 et
3057 4998 3421 5070 possessionem
3449 5010 3591 5055 turma
3619 5004 3796 5058 termi-

2208 5095 2302 5133 nos
2333 5090 2479 5135 terraz
2504 5079 2672 5153 (Psal.
2699 5098 2757 5150 ιι,
2786 5081 2863 5157 8).
2891 5071 3244 5160 Praedicatum
3269 5099 3389 5158 est,
3409 5094 3659 5152 auditum
3681 5104 3792 5164 est,

2209 5181 2493 5242 antequam
2537 5173 2713 5241 ﬁeret;
2746 5185 2800 5231 et
2835 5177 2944 5246 jam
2998 5177 3199 5235 factum
3249 5167 3435 5252 nolunt
3478 5201 3790 5257 agnoscere.

2209 5265 2309 5332 Qui
2351 5266 2624 5336 disputant
2661 5284 2790 5342 ergo
2833 5278 3018 5327 contra
3057 5273 3363 5344 Christum,
3396 5289 3544 5336 extra
3587 5292 3789 5352 portant

2210 5368 2364 5424 sunt;
2395 5360 2518 5429 quia
2550 5374 2676 5414 suos
2703 5360 2935 5417 honores
2973 5377 3218 5434 quaerunt
3241 5384 3387 5442 ,Inon
3430 5370 3654 5429 Christi.
3695 5375 3796 5443 Qui

2211 5459 2390 5514 autem
2437 5452 2691 5521 praedicat
2730 5453 2784 5507 in
2820 5465 2973 5524 porta
2996 5497 3010 5522 ,
3041 5454 3240 5514 Christi
3282 5461 3542 5519 honorem
3569 5468 3794 5536 quierit,

2211 5561 2318 5608 non
2344 5559 2528 5610 suum;
2562 5552 2617 5598 et
2644 5545 2764 5600 ideo
2792 5548 2880 5617 qui
2910 5549 3163 5620 praedicat
3189 5552 3238 5606 in
3269 5564 3422 5624 porta
3444 5599 3458 5622 ,
3485 5557 3620 5613 dicit
3645 5577 3659 5613 :
3685 5558 3796 5616 No-

2212 5637 2303 5691 lite
2349 5637 2402 5691 in
2448 5652 2536 5692 me
2587 5653 2940 5706 prtesunn-re;
2970 5657 3074 5696 non
3107 5645 3248 5698 enim
3293 5661 3389 5715 per
3425 5664 3513 5702 me
3536 5691 3551 5715 ,
3585 5650 3677 5704 sed
3704 5664 3799 5721 per

2213 5736 2420 5798 portam
2460 5726 2746 5782 intrabitis.
2779 5729 2871 5784 'llli
2909 5741 3090 5786 autem
3125 5736 3213 5806 qui
3243 5739 3430 5793 volunt
3460 5741 3707 5796 homines
3746 5744 3799 5797 in

2225 5819 2432 5896 seipsos
2479 5835 2801 5891 praisumerc
2819 5863 2835 5896 ,
2867 5823 3052 5890 uolunt
3080 5840 3172 5885 eos
3198 5827 3397 5890 intrare
3425 5846 3523 5918 per
3551 5843 3797 5914 portam;
