4078 6476
329 409 339 438 Ι
445 407 454 414 ο

328 459 468 548 1677
560 537 568 548 ι

327 543 434 636 non
463 543 658 638 mirum
688 567 732 624 si
763 543 1033 648 clauditur
1065 572 1252 632 contra
1293 562 1414 624 illos
1441 568 1606 634 porta
1627 601 1642 628 ,
1675 567 1730 614 et
1755 556 1912 612 otiosi

327 666 546 740 pulsant
573 670 630 716 ut
651 661 942 731 aperiatur.
989 657 1404 728 Adestoteergo
1433 654 1612 710 animo
1633 692 1646 718 ,
1681 652 1911 740 fratres,

327 739 489 818 etiam
511 763 738 830 propter
764 752 1053 820 crastinum
1079 761 1384 818 sermonem
1406 787 1422 812 ,
1469 759 1534 798 ex
1560 751 1743 808 nostra
1771 739 1919 810 polli-

328 850 616 922 citatione,
639 831 933 915 adiuvante
963 841 1234 914 Domino,
1269 837 1425 894 Vobis
1467 832 1804 890 reddendum
1850 846 1918 888 ex

331 938 624 1009 Evangelio
650 938 716 994 de
741 935 990 1008 columba.
1023 932 1119 1004 (a).
1161 930 1218 989 ιιι
1238 929 1396 1004 cujus
1423 927 1639 998 nomine
1664 923 1918 996 promisi-

331 1049 451 1093 mus
471 1074 490 1102 ,
521 1009 573 1086 in
603 1031 749 1104 illius
776 1026 1139 1084 misericordia
1155 1023 1471 1102 reddemus.
1521 1019 1627 1075 Sed
1657 1029 1710 1073 ut
1745 1018 1917 1088 possi-

332 1141 453 1187 mus
478 1138 598 1192 esse
620 1121 796 1178 idonei
821 1120 1141 1188 redditores,
1168 1132 1235 1172 ne
1255 1114 1482 1170 audaces
1503 1111 1762 1168 fuerimus
1791 1123 1918 1180 pro-

333 1218 616 1281 missores,
648 1222 798 1269 orate
822 1227 924 1284 pro
942 1211 1126 1275 nobis.

335 1316 1906 1346 ._________._______.____——————

688 1361 775 1444 '1N
816 1361 1195 1442 PSALMUM
1239 1365 1540 1436 CXXVII

938 1499 1074 1555 ENA
1085 1493 1360 1551 “RATIO.

981 1618 1154 1660 saeuo
1172 1602 1287 1674 '(b).

411 1713 648 1804 1.1m.
677 1711 726 1782 1-
743 1709 820 1795 1.]
845 1713 993 1778 Sicu‘t
1017 1719 1145 1774 dicit
1173 1713 1479 1786 Apostolus,
1504 1711 1696 1766 fratres
1722 1707 1925 1804 charis-

336 1823 482 1890 simi,
550 1815 870 1890 pirilualibus
887 1810 1171 1876 spirituulia
1191 1821 1564 1876 comparamus;
1585 1802 1820 1854 animalis
1836 1816 1925 1852 au-

337 1923 438 1968 tem
462 1913 610 1967 homo
640 1925 741 1964 non
771 1905 978 1976 percipit
1005 1917 1116 1974 qua:
1134 1908 1253 1955 sunt
1280 1897 1504 1968 Spiritus
1527 1891 1621 1948 Dei
1647 1893 1700 1963 (Ι
1726 1891 1847 1946 Cor.
1864 1907 1922 1956 ll,

335 2006 429 2069 15.
459 2005 549 2075 14)
569 2021 583 2070 ;
606 1993 900 2057 cavendum
924 2009 1006 2051 eSt
1033 1987 1365 2048 ne'homines
1389 1986 1648 2042 animales
1673 2000 1776 2039 non
1805 1999 1926 2053 pcr—

333 2099 601 2167 cipieutcs
626 2109 743 2164 qua:
774 2099 896 2144 sunt
921 2077 1147 2156 spiritus
1171 2083 1284 2148 Dei,
1304 2079 1730 2135 scandalizentur
1752 2075 1927 2167 potius

336 2166 404 2244 ini
451 2187 554 2241 hoc
605 2185 840 2254 psalmo,
896 2193 1053 2248 quam
1111 2173 1458 2230 aedificentur.
1509 2169 1643 2224 Nam
1692 2166 1929 2223 breviter

339 2275 667 2351 (quanquam
700 2290 819 2330 eum
842 2315 857 2339 ,
888 2287 1010 2326 cum
1039 2276 1364 2332 cautaretur,
1401 2262 1771 2333 audivimus),
1805 2259 1926 2329 quia

339 2369 522 2426 brevis
547 2377 648 2430 est,
680 2373 840 2419 curro
866 2377 986 2416 eum
1008 2403 1024 2428 ,
1055 2374 1159 2413 non
1191 2365 1457 2421 tractans,
1489 2353 1583 2409 sed
1614 2353 1818 2424 legens.
1861 2351 1930 2406 Et

338 2461 518 2518 videte
543 2459 662 2530 quia
693 2459 737 2511 si
768 2456 887 2512 talia
917 2455 1141 2522 quisque
1166 2449 1499 2517 concupierit
1539 2463 1633 2517 pro
1679 2460 1871 2516 magno
1897 2459 1928 2499 a

341 2557 493 2620 Deo,
520 2549 692 2623 qualia
721 2548 960 2603 continet
991 2545 1089 2598 iste
1121 2541 1392 2612 psalmus;
1427 2549 1477 2594 et
1510 2539 1645 2592 forte
1671 2553 1776 2591 non
1808 2537 1930 2606 quia

342 2651 591 2706 desertus
619 2654 700 2700 est
729 2643 794 2697 ab
821 2641 932 2704 illo,
955 2637 1048 2692 sed
1084 2636 1203 2706 quia
1238 2635 1404 2704 magis
1425 2633 1683 2698 diligitur,
1715 2647 1818 2686 non
1841 2645 1929 2685 ac-

345 2725 578 2813 ceperit;
607 2737 903 2802 videritqne
931 2733 1020 2786 illa
1053 2746 1169 2798 qum
1195 2729 1283 2782 hic
1312 2727 1388 2781 sic
1417 2725 1616 2779 audivit
1639 2739 1757 2778 esse
1786 2739 1929 2792 pra:-

343 2835 448 2890 mia
478 2830 776 2888 timentium
810 2827 970 2880 Deum
995 2866 1008 2884 ,
1042 2820 1312 2876 abundare
1343 2818 1448 2872 illis
1481 2817 1566 2885 qui
1597 2831 1700 2868 non
1740 2817 1932 2868 timent

346 2928 514 2982 Deum
546 2942 557 2978 :
587 2929 776 2978 nutent
799 2933 1013 2987 gressus
1037 2917 1195 2979 illius,
1221 2923 1273 2967 et
1301 2908 1638 2967 effundantur
1663 2908 1810 2976 lapsu
1842 2921 1928 2960 vc-

344 3017 501 3088 stigia
530 3017 665 3086 ejus,
698 3023 751 3068 et
775 3013 916 3067 dicat
942 3012 991 3064 iu
1021 3007 1182 3063 corde
1209 3023 1323 3066 suo,
1356 3005 1471 3057 sine
1500 3016 1657 3056 causa
1683 3015 1738 3054 se
1765 3001 1929 3053 Deum

345 3109 611 3170 timuisse,
641 3105 852 3178 quando
881 3102 966 3155 illa
1000 3101 1135 3154 dona
1164 3113 1266 3151 non
1298 3095 1510 3153 meruit,
1540 3109 1658 3164 qum
1689 3092 1932 3160 promisit

345 3200 660 3255 timentibus
707 3213 792 3259 se;
823 3195 1040 3260 insuper
1087 3197 1142 3244 et
1188 3189 1262 3242 illi
1312 3193 1652 3252 acceperunt,
1681 3183 1768 3251 qui
1808 3197 1929 3235 eum

344 3308 451 3348 non
485 3279 660 3344 solum
689 3302 793 3341 non
826 3286 1150 3346 timuerunt,
1197 3279 1286 3333 sed
1325 3278 1483 3330 etiam
1525 3274 1932 3343 blasplu-maveo

344 3392 490 3440 runt.
519 3381 705 3434 Videte
733 3379 873 3433 enim
906 3373 1027 3444 quid
1068 3372 1208 3426 dicot
1233 3389 1244 3422 :
1267 3368 1419 3422 ’Βαιιὶ
1449 3383 1620 3420 omnes
1646 3366 1728 3434 qui
1759 3363 1934 3417 timent

345 3475 640 3535 Dominum,
671 3472 755 3542 qui
779 3468 1040 3523 ambulant
1070 3465 1120 3517 in
1148 3463 1238 3516 viis
1267 3462 1397 3531 ejus.
1429 3457 1648 3512 Lobores
1677 3458 1935 3526 fructuum

347 3580 550 3626 tuorum
578 3564 940 3625 mundumbis;
967 3561 1139 3613 beatus
1165 3559 1237 3621 es,
1268 3565 1312 3608 et
1342 3555 1462 3608 bene
1485 3553 1570 3605 tibi
1596 3549 1710 3604 erit.
1745 3549 1932 3603 Adhuc

346 3645 635 3735 possumus
665 3660 768 3722 hic,
797 3666 847 3710 et
874 3652 1114 3725 quamvis
1137 3647 1417 3711 animales,
1450 3643 1831 3698 beatitudinem
1856 3642 1935 3695 fu-

347 3734 452 3814 turi
481 3753 662 3809 sweuli
687 3754 952 3820 cogitare;
978 3745 1069 3799 sed
1100 3743 1278 3795 videte
1302 3738 1427 3807 quid
1456 3737 1724 3806 sequitur:
1746 3754 1765 3786 ‹
1794 3734 1937 3789 Uxor

349 3859 438 3903 tua
467 3847 604 3900 sicut
637 3843 785 3896 vinea
819 3838 1029 3903 fertilis,
1064 3836 1115 3888 in
1149 3831 1403 3886 laterilms
1433 3829 1623 3882 domus
1654 3836 1776 3879 tum.
1811 3824 1932 3880 Filii

349 3941 424 3995 tui
455 3939 596 3991 sicut
623 3932 906 3987 novellatio
932 3929 1215 3988 olivartnu,
1245 3924 1298 3976 in
1328 3919 1552 3976 circuitu
1586 3931 1785 3971 mensre
1809 3926 1933 3970 tuas.

347 4033 492 4089 Ecce
534 4031 612 4082 sic
657 4025 1002 4080 benediectnr
1040 4019 1201 4073 homo
1243 4015 1330 4086 qui
1376 4013 1528 4067 timet
1570 4011 1873 4064 Dominum.
1910 4027 1931 4061 ι

347 4120 662 4194 Quomodo?
690 4119 758 4175 Ut
786 4119 852 4170 sit
892 4130 1023 4168 uxor
1050 4112 1164 4178 ejus
1205 4119 1450 4177 tanquam
1478 4105 1630 4156 vinea
1661 4100 1850 4155 fertilis
1881 4101 1934 4155 in

348 4217 605 4275 lateribus
628 4213 816 4266 domus
839 4207 976 4279 ejus,
1003 4212 1058 4258 et
1081 4203 1170 4256 filii
1196 4201 1308 4269 ejus
1336 4195 1669 4252 circumdent
1696 4208 1936 4247 mensam

345 4310 492 4382 ejus,
525 4316 772 4375 tanquam
800 4300 1057 4354 olivarum
1090 4292 1397 4347 novellatio.
1423 4287 1567 4382 Ergo
1591 4285 1938 4382 perdiderunt

350 4375 653 4458 mercedem
684 4408 855 4452 suam,
887 4389 972 4459 qui
999 4396 1212 4457 propter
1237 4385 1399 4437 Deum
1429 4381 1589 4436 etiam
1620 4391 1812 4431 uxores
1837 4375 1938 4430 du-

345 4511 472 4550 cere
503 4483 820 4544 uoluerunt?
847 4479 952 4535 Sed
993 4477 1066 4532 ait
1107 4474 1196 4546 qui
1237 4473 1408 4528 uoluit
1443 4471 1641 4525 ducere
1674 4481 1933 4521 uxorem:

347 4587 521 4639 Aliter
551 4597 636 4635 me
663 4577 944 4634 benedicet
971 4575 1128 4627 Deus.
1162 4569 1273 4623 imo
1299 4582 1445 4630 vero,
1471 4573 1560 4618 aut
1583 4563 1661 4617 sic
1691 4570 1742 4616 te
1775 4562 1938 4615 bene-

345 4680 525 4743 dicet,
567 4684 657 4729 aut
702 4688 805 4726 non
839 4679 888 4723 te
916 4665 1194 4721 benedicet
1222 4679 1235 4714 :
1262 4672 1448 4731 aperte
1488 4657 1628 4713 dicta
1674 4654 1937 4710 sententia

348 4783 452 4837 est,
486 4767 620 4823 Ecce
648 4766 719 4820 sic
747 4761 1062 4816 benedicatur
1091 4758 1238 4809 homo
1264 4754 1348 4825 qui
1376 4753 1510 4805 timet
1540 4749 1834 4805 Dominum.

419 4865 475 4920 2.
506 4860 643 4930 Quid
667 4873 794 4928 ergo
819 4855 918 4909 sibi
951 4855 1048 4906 hoc
1071 4849 1200 4911 vult,
1229 4846 1452 4901 fratres?
1477 4844 1553 4898 Ne
1582 4841 1937 4897 desiderando

348 4954 701 5031 temporalem
731 4960 784 5007 et
812 4961 1077 5004 terrenam
1106 4942 1430 5002 felicitatem,
1463 4937 1746 5008 perdamus
1775 4935 1937 4992 caele-

347 5028 802 5117 stem,‘Propbeta
829 5051 1075 5110 tanquam
1102 5033 1431 5120 involucrum
1459 5031 1610 5084 nobis
1640 5028 1932 5084 constituit.

348 5145 688 5202 lnvolucrum
717 5139 818 5194 hoc
844 5134 1023 5190 nescio
1046 5129 1171 5203 quid
1204 5127 1365 5183 habet
1391 5127 1548 5180 intus.
1579 5123 1817 5178 Meminit
1837 5139 1934 5177 au-

353 5253 462 5297 tem
486 5236 731 5294 Charitas
753 5241 950 5296 vestra,
974 5241 1094 5283 cum
1117 5221 1457 5293 Superiorem
1489 5219 1748 5289 psalmum
1785 5217 1938 5272 vobis

349 5313 677 5393 tractarem,
728 5323 814 5392 qui
866 5327 950 5375 est
993 5315 1115 5371 ante
1158 5315 1346 5376 istum,
1393 5309 1682 5366 incurrisse
1729 5323 1827 5362 nos
1881 5308 1935 5362 in

349 5420 639 5500 quemdam
671 5429 881 5471 versum
910 5410 1195 5466 obscurum
1216 5449 1231 5474 ,
1262 5406 1350 5460 ubi
1395 5404 1593 5460 dictum
1637 5411 1754 5465 est,
1790 5400 1936 5455 Sicut

347 5487 548 5586 augura:
589 5511 644 5564 in
686 5523 841 5562 morm
882 5502 1128 5574 potentis,
1156 5499 1226 5554 sic
1269 5498 1364 5567 ﬁlii
1408 5511 1729 5551 ercussorum
1762 5490 1932 5563 (Psal.

353 5621 534 5674 cum,
568 5601 656 5678 4);
689 5607 886 5656 etcum
912 5605 1272 5666 quaireremus
1304 5589 1394 5659 qui
1439 5589 1544 5643 sint
1569 5588 1663 5655 ﬁlii
1695 5599 1934 5641 excusso-

351 5683 484 5765 rum,
509 5698 682 5752 visum
706 5681 824 5749 esse
844 5689 1017 5755 nobis,
1044 5693 1360 5756 suggerente
1385 5686 1639 5752 quantum
1667 5679 1936 5736 credimus

352 5791 600 5857 Domino,
638 5787 776 5842 filios
805 5795 1150 5839 excusserunt
1184 5775 1471 5847 Apostolus
1491 5774 1662 5829 dictos
1689 5788 1843 5838 esse,
1868 5771 1933 5825 fi-

413 5907 485 5968 (a)
507 5904 609 5968 vid.
635 5906 789 5968 Tract.
815 5900 1102 5968 tv_in_.loan.,
1129 5892 1294 5968 n.‘;
1322 5896 1746 5968 [ἕρ.

417 5907 465 5968 (a
507 5907 609 5954 \‘id.
635 5907 789 5952 Tract.
815 5915 859 5950 tv
880 5907 928 5948 in
950 5907 1102 5967 .loan.,
1129 5907 1294 5965 nam;
1323 5907 1372 5938 et.
1406 5907 1548 5962 iraa.
1574 5907 1600 5936 v
1619 5907 1746 5957 eti-'1.

417 5907 503 6039 (ὦ
532 5966 600 6018 Ad
620 5963 851 6036 populum
869 5960 1062 6013 habitus
1081 5971 1133 6010 in
1152 5954 1233 6008 die
1253 5961 1297 6007 s.
1322 5949 1491 6004 rebus
1510 5957 1747 6018 martyris.

1428 413 1822 503 sumente
1853 421 1926 497 ut
1957 401 2284 499 essenon
2315 405 2578 500 'Cxxvn.

3460 440 3600 499 ms

2021 556 2126 611 lios
2148 556 2567 627 Prophetarum:
2591 557 2711 629 quia
2734 556 3015 627 Propheta:
3039 556 3090 612 in
3115 557 3412 628 :enigmatis
3437 555 3602 614 locuti

2019 658 2164 714 Sunt,
2187 658 2240 703 et
2271 650 2452 722 figuris
2480 664 2658 704 rerum
2689 659 2936 718 tanquam
2969 651 3349 720 mysteriorum
3379 648 3593 703 involu-

2020 743 2125 796 cris
2145 751 2535 812 conparuerunt
2559 743 2919 808 intellectum;
2947 744 3037 814 Qui
3059 744 3360 799 intellectus
3382 744 3600 814 prodire

2021 849 2126 916 non
2156 836 2328 904 potuit
2353 836 2420 889 ad
2448 835 2711 903 homines,
2741 837 2840 892 nisi
2871 836 3139 894 involucra
3172 837 3259 892 illa
3285 846 3602 894 excuteren-

2023 932 2144 980 tur:
2173 925 2311 980 unde
2338 926 2464 980 dicti
2491 936 2613 982 sunt
2642 928 2715 981 illi
2745 927 2839 996 ﬁlii
2864 944 3216 995 excusserunt,
3241 929 3330 997 qui
3365 927 3434 984 de
3464 929 3598 985 Pro-

2024 1016 2198 1087 pbetis
2228 1019 2466 1074 excussis
2499 1020 2853 1090 profecerunt.
2901 1020 3037 1091 Ergo
3063 1029 3117 1074 ct
3142 1036 3238 1076 nos
3265 1022 3598 1078 excutiamus

2023 1107 2206 1172 istum,
2239 1122 2302 1162 ne
2332 1123 2426 1177 per
2453 1109 2724 1164 involucra
2749 1109 3015 1178 fallamur,
3043 1120 3097 1164 et
3143 1121 3420 1181 tangentes
3458 1112 3602 1182 quod

2024 1197 2167 1254 intus
2205 1208 2289 1253 est
2327 1208 2380 1253 et
2418 1215 2521 1254 non
2550 1201 2820 1265 videntes,
2849 1201 3086 1268 dicamus
3117 1201 3250 1257 forte
3278 1203 3475 1274 lignum
3505 1217 3605 1276 pro

2025 1307 2176 1355 auro,
2207 1301 2299 1346 aut
2331 1302 2519 1348 testam
2553 1309 2647 1362 pro
2668 1303 2906 1364 argento.
2941 1295 3302 1361 Excutiamus,
3322 1297 3365 1350 si
3394 1295 3604 1352 videtur

2027 1387 2282 1442 Cbaritati
2313 1396 2504 1442 vestras
2536 1405 2548 1441 :
2580 1386 2751 1441 aderit
2781 1388 3070 1454 Dominus,
3099 1398 3155 1442 ut
3186 1388 3438 1458 procedat
3464 1389 3606 1459 quod

2027 1478 2168 1533 intus
2197 1489 2320 1545 est;
2351 1479 2580 1534 maxime
2603 1519 2617 1544 ,
2643 1479 2837 1534 fratres
2866 1482 2989 1546 mei,
3023 1483 3144 1552 quia
3181 1494 3470 1556 martyrum
3508 1499 3608 1537 na-

2028 1573 2191 1627 talitia
2222 1573 2574 1627 celebramus.
2602 1574 2811 1639 Quanta
2838 1574 2975 1628 mala
3006 1576 3144 1644 passi
3171 1585 3298 1632 sunt
3317 1585 3607 1649 martyres,

1962 1707 1974 1717 .
2027 1673 2222 1734 quanta
2253 1666 2434 1730 exitia,
2467 1675 2660 1734 quanta
2694 1675 2980 1730 tormenta,
3004 1670 3278 1736 Squalorcs
3305 1686 3606 1738 carcerum,

2028 1756 2331 1812 stricturam
2375 1765 2719 1821 catenarum,
2759 1758 3014 1813 smvitiam
3061 1757 3330 1824 ferarum,
3358 1763 3606 1816 ardorem

2028 1846 2384 1914 flammarum,
2402 1849 2616 1915 aculeos
2641 1850 3120 1905 contumeliarum!
3145 1850 3246 1906 Ista
3268 1854 3442 1908 omnia
3471 1852 3612 1922 passi

2029 1950 2244 2008 essent,
2270 1942 2376 1996 nisi
2415 1944 2599 1998 nescio
2629 1942 2755 2012 quid
2780 1942 3025 2000 viderent
3050 1961 3154 2013 quo
3178 1961 3234 1999 sc
3263 1947 3542 2000 tenderent
3569 1947 3610 2011 ι,

2030 2033 2173 2104 quod
2193 2034 2260 2088 ad
2283 2034 2437 2104 hujus
2458 2036 2638 2090 satculi
2667 2035 2967 2092 felicitatem
3003 2053 3107 2092 non
3139 2038 3406 2108 pertinet?
3436 2039 3614 2109 Turpe

2031 2136 2112 2180 est
2139 2135 2316 2180 autem
2343 2135 2405 2181 ut
2429 2127 2665 2193 natalitia
2698 2137 2989 2198 martyrum
3016 2128 3350 2186 celebremus
3370 2171 3385 2196 ,
3420 2130 3612 2186 borum

2031 2218 2276 2274 videlicet
2295 2234 2567 2274 servorum
2596 2219 2689 2274 Dei
2705 2221 3159 2276 contemnentium
3180 2220 3432 2276 mundum
3453 2222 3612 2277 istum

2033 2318 2250 2380 propter
2279 2311 2660 2380 sempiternam
2690 2310 3019 2386 felicitatem,
3044 2320 3099 2366 et
3123 2312 3446 2381 accipiamus
3470 2314 3613 2383 quod

2035 2401 2395 2472 hiescriptum
2416 2412 2498 2457 est
2523 2417 2620 2470 pro
2648 2403 2895 2472 praesenti
2924 2402 3197 2469 felicitate,
3219 2411 3275 2458 ut
3297 2404 3616 2474 cuicumque

2033 2492 2172 2548 forte
2196 2493 2398 2548 homini
2430 2495 2522 2548 Dei
2551 2493 2714 2560 fideli,
2743 2494 2844 2549 civi
2875 2494 3016 2549 illius
3041 2494 3338 2552 Jerusalem
3362 2537 3376 2562 ,
3402 2497 3622 2551 contio--

2033 2595 2122 2656 gat
2141 2586 2301 2646 etiam
2323 2586 2480 2642 ducta
2504 2601 2668 2640 uxore
2690 2587 2825 2642 filios
2842 2602 2946 2641 non
2968 2585 3184 2653 habere,
3207 2587 3477 2642 dicamus:
3499 2587 3614 2644 Non

2034 2680 2184 2740 timet
2207 2680 2368 2734 homo
2393 2680 2492 2734 iste
2519 2679 2826 2744 Dominum;
2855 2695 2976 2734 nam
2998 2679 3043 2734 si
3069 2681 3282 2735 timeret
3309 2681 3616 2747 Dominum,

2034 2786 2171 2826 uxor
2191 2772 2307 2839 ejus
2337 2780 2586 2840 tanquam
2616 2752 2768 2826 vinea
2802 2771 2996 2826 fertilis
3021 2782 3162 2825 esset
3198 2771 3248 2824 in
3277 2772 3438 2826 domo
3466 2771 3617 2841 ejus,

2037 2877 2145 2915 non
2167 2862 2383 2921 sterilis,
2409 2870 2469 2916 ut
2487 2861 2690 2915 nullum
2712 2870 3021 2932 generaret;
3050 2870 3103 2916 et
3126 2862 3172 2915 si
3204 2863 3415 2918 timeret
3441 2862 3618 2917 Domi-

2037 2968 2162 3006 num
2216 2953 2375 3005 homo
2423 2953 2555 3014 iste,
2591 2952 2683 3006 filii
2726 2952 2893 3022 ipsius
2935 2953 3331 3008 circumdarent
3377 2970 3618 3009 mensam

2036 3042 2224 3112 ipsius,
2251 3053 2498 3113 umquam
2523 3044 2742 3099 arbores
2767 3044 3047 3098 olivarum.
3079 3043 3135 3099 Si
3159 3045 3299 3098 enim
3325 3047 3446 3100 talia
3472 3046 3615 3101 dixe-

2037 3135 2232 3198 rimus,
2263 3133 2518 3186 animales
2558 3148 2777 3200 sumus,
2809 3150 2912 3187 non
2959 3134 3314 3204 percipicnps
3351 3152 3468 3206 qua:
3497 3145 3620 3193 sunt

2037 3226 2264 3295 Spiritus
2299 3227 2410 3280 Dei.
2445 3226 2760 3294 Incipiamus
2781 3235 2834 3280 et
2855 3243 2952 3281 nos
2973 3235 3224 3282 excutere
3244 3270 3258 3294 ,
3288 3238 3341 3282 ut
3371 3229 3537 3283 simus
3566 3238 3619 3284 ct

2038 3335 2135 3372 nos
2159 3319 2247 3371 lilii
2272 3333 2638 3372 excussornm.
2659 3318 2715 3374 Si
2741 3319 2883 3374 enim
2910 3320 3110 3374 erimus
3133 3321 3222 3374 filii
3245 3335 3615 3389 excusserunt,

2039 3413 2237 3465 erimus
2259 3411 2312 3464 in
2337 3427 2493 3465 manu
2523 3411 2750 3480 potentis
2779 3419 3028 3481 tanquam
3059 3412 3267 3481 sagitta:
3288 3451 3302 3478 ,
3334 3421 3387 3465 et
3410 3412 3625 3482 jacula~

2040 3503 2183 3558 bitur
2223 3520 2320 3558 nos
2358 3503 2424 3558 de
2470 3513 2736 3574 prteccpto
2767 3520 2866 3559 suo
2905 3505 2956 3558 in
2988 3505 3150 3558 corda
3181 3504 3453 3559 hominum
3484 3522 3612 3560 non-

2039 3598 2163 3654 dum
2208 3599 2520 3664 amantium,
2552 3606 2608 3652 ιιι
2655 3612 2903 3666 percussa
2948 3598 3152 3667 sagittis
3196 3598 3481 3652 verborum
3532 3599 3622 3657 Det

2039 3701 2238 3748 ament.
2267 3692 2398 3746 Nam
2424 3693 2468 3745 si
2499 3691 2622 3746 talia
2647 3692 2970 3760 coeperimus
3002 3692 3105 3746 illis
3137 3691 3456 3761 praidicarc:
3478 3690 3620 3758 Filii,

2040 3793 2130 3838 aut
2158 3784 2344 3837 fratres
2371 3783 2495 3846 mei,
2523 3782 2704 3837 timete
2732 3783 3034 3848 Dominmn,
3062 3793 3118 3836 ut
3148 3785 3384 3838 habeatis
3412 3785 3547 3838 filios
3569 3793 3624 3841 et

2039 3884 2282 3945 nepotes,
2309 3886 2363 3928 ut
2392 3874 2619 3943 gaudeat
2645 3875 2835 3930 domus
2854 3884 3060 3939 vestra;
3095 3889 3199 3928 non
3226 3875 3538 3944 sagittamus
3564 3882 3622 3930 ut

2040 3979 2249 4022 ametur
2273 3967 2360 4020 illa
2388 3975 2586 4020 :rterua
2616 3964 2912 4020 Jerusalem
2939 3983 2952 4017 :
2979 3965 3330 4021 remanebunt
3358 3966 3410 4019 in
3436 3982 3622 4023 amore

2043 4071 2400 4121 terrenarum.
2421 4070 2478 4136 et
2501 4058 2740 4136 videntes
2761 4057 2862 4113 ista
2882 4058 3156 4114 abundare
3183 4059 3376 4128 impiis,
3397 4059 3496 4114 etsi
3524 4076 3620 4115 ι]οο

2041 4154 2123 4209 bis
2147 4171 2250 4208 non
2268 4154 2484 4217 audent,
2504 4156 2556 4207 in
2573 4152 2736 4208 corde
2756 4167 2853 4206 suo
2869 4152 3072 4217 dicunt,
3091 4151 3267 4220 Quare
3290 4152 3378 4206 ille
3399 4153 3488 4223 qui
3513 4169 3620 4211 non

2043 4249 2194 4302 timet
2233 4247 2428 4308 Deum,
2474 4245 2683 4314 plenam
2728 4243 2944 4299 domum
2991 4243 3148 4297 habet
3186 4243 3342 4298 ﬁliis?
3374 4243 3442 4299 Et
3484 4243 3621 4300 forte

2039 4340 2176 4394 alius
2201 4338 2331 4392 dicit
2358 4338 2430 4392 illi
2457 4355 2472 4392 :
2497 4335 2686 4391 Adhuc
2724 4336 2899 4391 nescis
2937 4335 3061 4405 quid
3100 4335 3173 4388 illi
3213 4336 3381 4404 possit
3409 4336 3623 4391 contin-

2039 4448 2195 4504 gere;
2225 4430 2347 4501 quid
2378 4430 2422 4485 si
2450 4429 2637 4485 efferet
2657 4429 2796 4493 illos,
2821 4428 2943 4498 quia
2968 4442 3072 4481 non
3098 4428 3248 4482 timet
3271 4428 3459 4492 Deum,
3481 4437 3535 4484 et
3554 4429 3624 4484 ad

2042 4526 2144 4581 hoc
2172 4525 2246 4581 illi
2276 4525 2458 4594 plures
2485 4523 2591 4578 nati
2618 4531 2760 4584 sunt,
2785 4530 2842 4576 ut
2861 4521 3117 4590 majorem
3143 4521 3382 4578 dolorem
3409 4520 3477 4577 de
3502 4521 3626 4577 illo-

2041 4635 2159 4676 rum
2193 4626 2364 4672 morte
2391 4615 2653 4686 patiatur?
2683 4613 2786 4669 Sed
2811 4613 2856 4668 si
2880 4613 2999 4668 talia
3025 4611 3247 4680 dixeris,
3278 4612 3624 4684 respondebit

2042 4713 2137 4769 tibi
2168 4712 2257 4767 illc
2280 4728 2294 4765 :
2317 4710 2430 4779 Ego
2452 4709 2572 4763 novi
2596 4707 2864 4764 hominem
2889 4707 3128 4776 impium,
3154 4721 3435 4775 paganum,
3459 4706 3626 4762 sacri-

2041 4806 2239 4874 legum,
2271 4803 2604 4856 adoratorem
2634 4800 2895 4853 idolorum
2918 4801 2992 4868 (et
3025 4796 3160 4852 forte
3190 4798 3336 4850 novit
3362 4806 3414 4854 et
3434 4811 3620 4852 verum

2041 4895 2203 4960 dicit,
2234 4909 2330 4950 nec
2366 4907 2528 4948 unum
2557 4901 2758 4946 tantum
2783 4891 2802 4920 ²
2832 4890 3010 4952 novit,
3037 4904 3133 4942 nec
3159 4887 3292 4940 duos
3319 4887 3397 4938 vel
3433 4885 3620 4956 tres),

2040 5005 2202 5060 quem
2245 4987 2580 5042 deduxerunt
2619 4983 2686 5038 ad
2733 4983 2928 5038 fossam
2953 5023 2967 5046 ,
3000 4996 3217 5043 senem,
3252 4976 3620 5054 decrepitum,

2041 5089 2310 5136 mortuum
2353 5079 2403 5132 in
2449 5077 2588 5132 lecto
2630 5090 2763 5141 suo,
2795 5074 2961 5130 turba:
3000 5070 3226 5125 filiorum
3259 5077 3311 5132 et
3343 5077 3617 5137 nepotum.

2042 5174 2179 5230 Ecce
2202 5187 2306 5226 non
2335 5169 2509 5225 timuit
2539 5169 2840 5225 Dominum,
2865 5174 2918 5219 et
2939 5163 3115 5231 proles
3135 5159 3507 5215 fecundissima
3525 5159 3624 5215 do-

2041 5280 2162 5324 mus
2185 5262 2302 5334 ejus
2327 5262 2524 5318 clausit
2544 5260 2728 5314 oculos
2757 5256 2891 5324 ejus.
2920 5251 3055 5320 Quid
3084 5250 3150 5306 ad
3180 5251 3281 5304 hoc
3306 5249 3495 5302 dicturi
3528 5265 3623 5304 su-

2041 5359 2196 5416 mus?
2225 5357 2369 5414 Nihil
2409 5356 2482 5410 illi
2531 5358 2706 5422 potest
2747 5349 2965 5404 evenire
2992 5345 3151 5410 mali,
3183 5353 3238 5398 ut
3267 5342 3452 5397 efferat
3483 5341 3624 5398 filios

2041 5466 2166 5506 suos
2192 5451 2362 5514 vivus,
2385 5444 2596 5517 quando
2616 5441 2727 5514 jam
2753 5447 2993 5494 mortuus
3016 5454 3044 5490 a
3074 5436 3194 5490 filiis
3219 5433 3287 5490 ad
3313 5434 3620 5504 sepulcrum

2039 5544 2330 5616 gloriosum
2350 5539 2610 5594 deductus
2631 5544 2730 5588 est.

2113 5637 2166 5691 ’5.
2199 5631 2541 5688 Excutiamus
2568 5640 2698 5697 ergo
2717 5667 2730 5690 ,
2756 5623 3089 5679 excutiamus
3108 5661 3122 5685 ,
3148 5619 3194 5674 si
3226 5618 3469 5672 volumus
3500 5631 3623 5672 esse

2105 5757 2120 5785 ³
2142 5753 2216 5802 Sic
2237 5758 2332 5796 am.
2353 5751 2426 5795 Er.
2456 5751 2508 5793 et
2536 5741 2705 5807 plures
2726 5748 2831 5791 Mss.
2849 5743 2912 5807 _A_t
2931 5744 3062 5807 ιον.Ἴ
3083 5749 3175 5799 quo
3190 5747 3242 5786 se
3264 5739 3492 5783 tenerent.

2103 5818 2121 5846 α
2148 5801 2221 5864 Er.
2244 5810 2386 5872 tugd.
2417 5801 2606 5872 venfet
2642 5803 3018 5872 lzovaexbilient
3039 5802 3102 5872 .in
3135 5801 3624 5872 textuAvocem,‘t_r_ttt-:

2044 5885 2160 5930 tum,
2206 5862 2442 5930 ηυιῑὲἰιοιι
2463 5868 2642 5930 legitur
2661 5869 2711 5916 in
2761 5871 2839 5925 B.;
2881 5862 2968 5914 sed
2992 5862 3049 5911 ad
3091 5862 3359 5923 marginem
3391 5863 3624 5912 notatur;

2048 5957 2072 5988 tt
2094 5935 2288 6004 Supple,
2309 5939 2506 5986 tantum.
2533 5945 2556 5978 ι
2657 5935 2714 5982 ιι.
