4078 6478
471 346 609 406 1679

474 462 571 519 ﬁlii
595 477 946 520 excussorum
974 482 987 520 :
1009 472 1164 521 exeat
1184 464 1287 522 huc
1311 465 1529 537 aliquid.
1552 466 1648 523 Est
1666 468 1807 524 enim
1829 466 2047 538 quidam

469 555 635 611 homo
660 556 750 627 qui
777 557 854 610 sic
883 556 1244 623 benedicitur;
1275 566 1332 617 et
1362 573 1520 613 nemo
1554 559 1706 614 timet
1729 560 2008 613 Dominum
2029 600 2045 627 ,

468 651 570 706 nisi
597 651 686 720 qui
712 659 794 705 est
816 651 867 703 in
894 652 1147 706 membris
1182 651 1347 720 ipsius
1374 652 1604 707 hominis
1634 669 1648 704 :
1678 660 1732 707 et
1764 652 1916 706 multi
1947 652 2047 706 ho-

465 744 640 798 mines
663 750 806 805 sunt,
834 750 889 796 et
913 757 1050 797 unus
1076 742 1237 800 homo
1257 753 1368 806 est;
1399 745 1550 800 multi
1570 745 1711 801 enim
1733 744 2042 812 Christiani,

464 843 521 891 et
570 849 704 889 unus
749 834 1012 889 Christus.
1059 834 1161 904 lpsi
1203 836 1492 892 Christiani
1532 853 1653 893 cum
1692 839 1866 908 capite
1905 852 2042 905 suo,

462 926 604 998 quod
630 927 866 982 ascendit
897 929 948 982 in
972 929 1167 985 caelum
1190 972 1205 996 ,
1236 947 1373 986 unus
1402 940 1483 987 est
1511 932 1759 987 Christus
1783 950 1796 985 :
1824 948 1929 987 non
1958 934 2047 989 ille

464 1035 604 1074 unus
625 1029 677 1073 et
701 1035 797 1074 nos
818 1021 991 1084 multi,
1016 1022 1108 1077 scd
1136 1031 1192 1077 et
1220 1038 1316 1077 nos
1345 1025 1494 1078 multi
1518 1026 1569 1079 in
1598 1025 1690 1080 illo
1721 1042 1828 1081 uno
1855 1042 2043 1081 unum.

462 1110 612 1166 Unus
639 1126 765 1179 ergo
792 1110 955 1165 homo
982 1111 1245 1179 Christus,
1276 1123 1433 1183 caput
1462 1126 1517 1171 et
1545 1130 1758 1185 corpus.
1784 1117 1934 1183 Quod
1961 1127 2045 1172 est

459 1216 655 1271 corpus
680 1201 831 1271 ejus?
864 1203 1098 1258 Ecclesia
1129 1205 1246 1273 ejus
1266 1246 1280 1270 ,
1314 1205 1527 1262 dicente
1554 1208 1813 1276 Apostolo
1837 1250 1852 1274 ,
1898 1209 2043 1276 Quo-

457 1295 595 1348 niam
618 1294 837 1348 membra
856 1312 1029 1350 sumus
1052 1298 1277 1365 corporis
1299 1298 1408 1367 ejus
1439 1297 1652 1369 (Ephes.
1676 1314 1728 1363 v,
1769 1299 1871 1369 50)
1894 1316 1908 1365 ;
1952 1309 2005 1354 et
2023 1340 2039 1365 ,

467 1386 571 1443 Vos
596 1397 761 1443 autem
788 1389 906 1441 estis
929 1404 1114 1460 corpus
1140 1387 1326 1444 Christi
1360 1398 1406 1442 et
1435 1390 1656 1443 membra
1686 1389 1737 1459 (Ι
1765 1389 1884 1445 Cor.
1923 1407 2038 1457 xu,

455 1480 571 1551 27).
596 1480 954 1550 lntelligamus
975 1497 1103 1550 ergo
1125 1496 1309 1535 vocem
1334 1480 1493 1552 hujus
1520 1481 1771 1549 hominis,
1806 1482 1856 1537 in
1887 1484 2038 1555 cujus

454 1586 682 1642 corpore
721 1586 858 1626 unus
902 1587 1086 1626 sumus
1135 1573 1333 1637 homo;
1381 1581 1434 1626 et
1479 1572 1549 1627 ibi
1594 1572 1891 1628 videbimus
1935 1574 2036 1630 ista

452 1679 582 1719 vera
609 1663 747 1718 bona
776 1663 1095 1718 Jerusalem.
1125 1661 1216 1718 Sic
1235 1664 1375 1717 enim
1397 1663 1530 1717 dixit
1555 1664 1605 1717 in
1635 1663 1766 1719 ﬁne:
1785 1664 1850 1718 Et
1870 1666 2038 1720 videas

453 1758 584 1813 bona
613 1774 727 1830 qua:
753 1766 868 1811 sunt
894 1756 1199 1810 Jerusalem.
1232 1757 1286 1811 Si
1318 1765 1497 1811 autent
1527 1757 1624 1811 ista
1653 1756 1789 1811 bona
1821 1766 2035 1814 terreno

453 1848 611 1904 oculo
639 1848 931 1903 attenderis
952 1889 966 1913 ,
994 1847 1368 1903 abundantiam
1398 1848 1625 1902 ﬁliorum
1658 1856 1714 1904 et
1743 1857 1994 1918 nepotum
2015 1891 2032 1917 ,

451 1948 507 1995 et
550 1939 873 1994 fertilitatem
922 1938 1405 2009 fecunditatemque
1448 1939 1725 2009 conjugis,
1773 1954 1880 1994 non
1912 1949 2038 1996 sunt

456 2031 596 2085 bona
622 2030 763 2085 illius
784 2030 1241 2099 Jerusalem;quia
1269 2031 1405 2084 bona
1434 2030 1532 2084 ista
1560 2030 1613 2084 in
1643 2041 1781 2086 terra
1803 2033 2037 2087 morien-

450 2123 583 2177 tium
604 2132 748 2188 sunt,
780 2122 866 2176 illa
887 2132 1025 2177 terra
1047 2124 1334 2177 viventium
1358 2131 1459 2178 est.
1485 2123 1601 2178 Noli
1624 2125 1779 2180 valde
1804 2142 1899 2196 pro
1922 2142 2033 2181 ma-

448 2231 555 2287 gno
578 2215 809 2281 habere,
838 2215 882 2269 si
920 2215 1086 2269 habes
1125 2214 1262 2269 ﬁlios
1301 2215 1621 2282 morituros,
1653 2216 1752 2271 etsi
1775 2232 1881 2272 non
1910 2227 2032 2273 ante

448 2318 522 2373 te,
544 2317 691 2363 certe
709 2315 830 2377 post
854 2316 926 2361 te.
946 2306 1039 2360 Vis
1060 2306 1258 2361 habere
1286 2305 1420 2361 ﬁlios
1438 2323 1703 2377 nunquam
1718 2310 2028 2380 morituros,

444 2411 501 2457 e-t
519 2417 639 2457 cum
658 2415 871 2470 semper
891 2400 1301 2455 vieturos?Esto
1329 2400 1383 2455 in
1414 2401 1555 2456 illius
1577 2416 1820 2472 corpore,
1834 2403 1900 2457 de
1925 2419 2033 2474 quo

458 2495 659 2551 dictum
687 2504 800 2560 est,
836 2493 935 2547 Vos
960 2507 1127 2547 autem
1152 2494 1268 2548 estis
1293 2510 1472 2563 corpus
1495 2493 1685 2549 Christi
1710 2504 1754 2549 et
1783 2495 2024 2550 membra.

504 2589 569 2643 4.
598 2587 729 2642 Nam
762 2596 818 2640 ut
845 2585 945 2641 hoc
972 2584 1281 2640 ostenderet
1301 2596 1353 2640 et
1379 2587 1491 2657 ipse
1516 2587 1781 2653 Psalmus,
1805 2587 1928 2657 quia
1951 2588 2028 2643 sic

441 2688 527 2735 est
555 2679 820 2734 obscurus
847 2689 904 2732 ut
933 2677 1220 2732 admoneat
1242 2678 1457 2746 pulsari,
1490 2679 1568 2733 sic
1587 2690 1806 2748 opertus
1827 2689 1882 2733 ut
1902 2680 2029 2734 velit

440 2771 640 2838 excuti,
668 2785 698 2824 a
731 2770 968 2839 pluribus
997 2770 1161 2838 cmpit
1193 2788 1205 2823 :
1232 2768 1379 2823 Beati
1408 2786 1579 2824 omnes
1604 2771 1690 2833 qui
1714 2771 1888 2824 timent
1916 2770 2024 2824 Do-

441 2865 655 2927 minum,
687 2863 773 2930 qui
800 2861 1061 2915 ambulant
1084 2863 1138 2915 in
1164 2863 1256 2914 viis
1281 2864 1413 2931 ejus.
1441 2862 1619 2917 Multis
1646 2862 1907 2933 loquitur;
1931 2863 2026 2918 sed

440 2958 562 3027 quia
591 2956 690 3025 ipsi
721 2956 872 3009 multi
905 2970 1065 3008 unum
1094 2962 1219 3009 sunt
1245 2956 1296 3007 in
1330 2954 1560 3019 Christo,
1584 2955 1822 3024 sequitur
1842 2964 1893 3009 et
1915 2956 2027 3011 sin-

438 3050 697 3119 gnlariter
721 3048 829 3117 jam
857 3048 1018 3111 dicit,
1054 3047 1269 3101 Labores
1296 3048 1550 3117 fructuum
1577 3058 1776 3102 tuorum
1804 3050 2025 3103 mandu-

440 3139 597 3193 cabis.
631 3140 885 3208 Superius
911 3139 1138 3203 dixerat,
1162 3138 1308 3193 Beati
1335 3156 1506 3194 omnes
1525 3140 1611 3210 qui
1638 3140 1814 3196 timent
1844 3142 2025 3197 Domi-

437 3247 594 3297 num,
628 3234 714 3304 qui
738 3231 997 3285 ambulant
1024 3233 1076 3285 in
1102 3232 1193 3285 viis
1220 3233 1368 3302 ejus:
1393 3231 1551 3284 modo
1576 3248 1741 3302 quare
1761 3275 1775 3298 ,
1805 3232 2026 3289 Labores

438 3329 695 3397 fructuum
724 3334 925 3378 tuorum
956 3323 1321 3387 manducabis;
1361 3331 1567 3389 etnon,
1600 3324 2024 3382 manducabitis?

435 3426 493 3472 et
520 3433 705 3486 quare,
734 3415 955 3469 Lubores
984 3415 1239 3483 fructuum
1272 3424 1512 3477 tuorum;
1543 3424 1597 3468 et
1623 3430 1727 3470 non
1746 3458 1760 3483 ,
1789 3416 2024 3472 Labores

437 3510 701 3565 frui-tuum
725 3508 1062 3563 vestrorum?
1085 3506 1214 3562 Tam
1240 3508 1290 3560 in
1317 3508 1561 3576 proximo
1580 3509 1780 3563 oblitus
1801 3520 1882 3564 est
1901 3511 2021 3579 quia

437 3602 682 3673 pluribus
716 3599 1062 3669 loquebatur?
1089 3598 1191 3653 Sed
1224 3601 1267 3653 si
1292 3598 1399 3667 jam
1426 3600 1708 3654 excussisti
1731 3640 1744 3665 ,
1775 3601 1899 3670 quid
1929 3601 2024 3657 tibi

436 3692 746 3762 respondit?
776 3691 908 3746 Cum
958 3691 1139 3761 plures
1166 3691 1498 3745 Christianos
1528 3692 1774 3762 appello,
1824 3693 1876 3747 in
1918 3710 2024 3749 uno

436 3784 651 3841 Christo
690 3801 852 3839 unum
900 3784 1157 3854 intelligo.
1205 3784 1393 3839 Plures
1438 3799 1567 3854 ergo
1610 3786 1771 3852 estis,
1804 3797 1858 3841 et
1888 3802 2023 3842 unus

437 3878 596 3943 estis;
640 3877 821 3946 plures
847 3891 1063 3941 sumus,
1101 3886 1153 3930 et
1183 3890 1320 3930 unus
1350 3890 1556 3931 sumus.
1590 3876 1870 3943 Quomodo
1899 3879 2022 3949 plu-

435 3985 522 4024 res
548 3985 751 4035 sumus,
780 3979 833 4024 et
854 3972 991 4023 unus
1011 3969 1230 4023 sumus?
1258 3968 1388 4035 Quia
1418 3968 1492 4022 illi
1521 3968 1845 4024 inhaeremus
1866 3971 2020 4040 cujus

436 4064 673 4118 membra
704 4078 924 4128 sumus;
971 4070 1022 4116 et
1062 4076 1287 4131 quorum
1330 4068 1489 4131 caput
1531 4060 1584 4115 in
1626 4061 1767 4119 caelo
1809 4070 1922 4129 est,
1965 4071 2023 4118 ut

438 4156 677 4210 membra
708 4162 1016 4224 sequantur.

508 4248 560 4301 5.
596 4247 711 4315 lpse
754 4261 881 4316 ergo
924 4247 1188 4301 describat
1225 4246 1366 4315 jam;
1398 4246 1519 4316 quia
1550 4245 1890 4301 manifestum
1937 4256 2022 4302 est

437 4356 595 4410 quem
623 4339 895 4394 describit.
927 4337 1014 4393 Sic
1046 4338 1299 4407 patebunt
1328 4338 1504 4392 omnia
1528 4352 1647 4407 qua:
1677 4346 1973 4408 sequuntur
1997 4355 2014 4391 :

439 4441 640 4484 tantum
664 4447 757 4483 vus
780 4431 961 4484 timete
988 4430 1289 4493 hominum,
1315 4439 1367 4484 et
1388 4429 1655 4483 ambulate
1684 4430 1733 4481 iu
1762 4430 1861 4483 viis
1883 4429 2018 4497 ejus,

438 4534 493 4579 et
525 4526 685 4577 nolite
716 4525 892 4578 zelare
918 4541 1009 4577 eos
1048 4526 1135 4592 qui
1185 4539 1286 4577 non
1333 4525 1605 4576 ambulant
1642 4524 1693 4575 in
1735 4524 1834 4577 viis
1873 4524 2018 4593 ejus,

437 4614 651 4683 quando
692 4614 814 4667 illos
843 4614 1082 4667 videritis
1110 4628 1231 4669 esse
1263 4613 1443 4666 felices
1483 4613 1783 4668 infeliciter.
1830 4614 2019 4669 Surculi

436 4708 579 4761 enim
626 4707 870 4761 homines
914 4706 1193 4761 infeliciter
1223 4704 1405 4760 felices
1435 4715 1559 4760 sunt
1587 4724 1601 4762 :
1631 4712 1892 4779 martyres
1922 4724 2020 4762 au-

437 4808 543 4854 tem
588 4799 812 4855 feliciter
854 4797 1095 4853 infelices
1139 4809 1310 4853 erant.
1360 4798 1524 4852 Erant
1547 4798 1687 4853 enim
1715 4799 1781 4853 ad
1812 4806 2021 4870 tempus

437 4893 675 4949 infelices
694 4932 712 4960 ,
740 4891 832 4947 sed
864 4892 913 4945 in
941 4902 1199 4947 aeternum
1232 4890 1449 4956 felices;
1480 4892 1535 4945 et
1561 4892 1613 4945 in
1639 4906 1705 4946 eo
1734 4894 1848 4962 ipso
1878 4892 2019 4962 quod

436 4996 593 5041 erant
618 4986 683 5041 ad
711 4996 920 5055 tempus
949 4985 1208 5050 infelices,
1244 4984 1563 5053 putabantur
1585 4986 1753 5055 magis
1779 4986 2019 5041 infelices

435 5094 593 5148 quam
615 5087 785 5133 erant.
818 5076 953 5144 Quid
983 5077 1125 5132 enim
1146 5076 1278 5130 dicit
1296 5076 1617 5147 Apostolus?
1646 5076 1805 5144 Quasi
1832 5077 2014 5145 tristes,

434 5150 629 5240 semper
658 5180 826 5225 autent
851 5169 1123 5240 gaudentes
1151 5167 1215 5240 (ll
1246 5166 1364 5221 Cor.
1391 5182 1441 5220 vt
1462 5209 1477 5230 ,
1510 5167 1622 5238 10).
1647 5166 1821 5235 Quare
1841 5210 1855 5234 ,
1884 5184 2018 5221 sem-

439 5265 569 5335 per?
610 5264 677 5318 Et
703 5264 790 5318 hic
816 5272 870 5317 et
900 5264 970 5317 ibi
1002 5277 1259 5331 :prorsus
1284 5271 1337 5316 et
1380 5261 1466 5316 hic
1509 5269 1564 5316 et
1602 5262 1693 5317 ibi.
1740 5261 1838 5316 llic
1875 5263 2017 5317 enim

436 5358 578 5413 unde
619 5356 949 5427 gaudemus?
980 5357 1054 5411 De
1084 5371 1198 5425 spe.
1252 5354 1326 5410 lbi
1358 5354 1498 5410 unde
1537 5354 1917 5425 gaudebimus?
1945 5356 2021 5412 De

438 5464 519 5505 re.
552 5450 796 5521 Magnum
825 5447 1075 5519 gaudium
1104 5448 1265 5504 habet
1300 5463 1422 5519 spes
1451 5448 1750 5519 gaudentis.
1780 5449 1845 5503 Et
1868 5449 1911 5502 si
1933 5466 2021 5519 spe

440 5544 747 5615 gaudentes,
771 5543 947 5599 videte
986 5543 1113 5614 quid
1154 5543 1431 5612 sequitur:
1462 5541 1522 5597 In
1567 5542 1887 5597 tribulatione
1927 5560 2021 5611 pa-

440 5633 617 5689 tientes
654 5634 829 5703 (Rom.
853 5650 967 5701 xu,
998 5634 1063 5689 12
1083 5634 1122 5705 ).
1163 5633 1422 5705 Martyres
1448 5648 1577 5704 ergo
1602 5633 1654 5687 in
1678 5633 2019 5690 tribulatione

440 5727 705 5801 patientes
731 5737 885 5781 erant
903 5770 917 5793 ,
955 5728 1074 5795 quia
1101 5741 1198 5795 spe
1223 5726 1542 5796 gaudebant.
1588 5725 1691 5780 Sed
1720 5726 1839 5796 quia
1880 5732 2017 5780 ncn-

440 5822 571 5879 dum
600 5827 715 5875 erat
756 5815 881 5873 ill’ud
908 5818 1046 5890 quod
1086 5819 1409 5887 promittitur
1428 5859 1443 5885 ,
1474 5815 1600 5887 quid
1630 5815 1758 5872 dicit
1786 5817 2017 5891 Aposto-

1716 351 1776 412 8.
1807 347 2174 409 AUGUSTINI
2209 352 2511 413 EPISCOPI

3601 369 3748 431 1680

2159 466 2278 525 lus?
2326 471 2456 542 Spes
2484 477 2616 528 enim
2644 476 3003 545 quaridetur,
3053 495 3155 535 non
3197 489 3271 537 est
3313 486 3535 555 spes:si
3572 499 3743 545 autem

2154 560 2292 627 quod
2318 574 2419 616 non
2442 564 2667 621 videmus
2690 584 2952 636 speramus
2969 610 2984 636 ,
3034 588 3125 641 per
3148 574 3443 643 patientiam
3470 592 3736 650 aspecta-

2154 664 2265 704 mus
2294 650 2466 723 (Rom.
2494 670 2586 710 vm
2606 698 2620 721 ,
2650 658 2719 713 24
2735 668 2781 713 et
2795 659 2866 715 25
2882 661 2924 732 ).
2946 661 3084 718 Ecce
3103 679 3266 734 quare
3280 669 3457 723 omnia
3475 682 3741 744 martyres

2152 744 2504 813 pertulerunt,
2536 750 2657 819 quia
2689 752 2829 820 quod
2856 768 2961 809 non
2992 755 3264 825 videbant,
3297 775 3396 831 per
3422 765 3737 832 patientiam

2152 838 2550 905 exspectabant.
2594 841 2671 896 llli
2711 844 2800 913 qui
2827 858 2921 900 eos
2944 847 3295 916 occidebant,
3324 867 3443 923 quae
3484 855 3738 914 videbant

2151 926 2399 982 amabant
2427 946 2441 981 :
2469 931 2543 985 illi
2573 933 2663 1003 qui
2688 935 3089 1007 occidebantur,
3122 941 3191 996 ad
3217 956 3279 997 ea
3307 959 3426 1013 qua
3455 961 3561 1002 non
3587 948 3735 1005 vide-

2150 1016 2278 1110 bant
2306 1022 2662 1091 suspirabant,
2679 1036 2736 1083 et
2761 1042 2823 1083 ea
2853 1045 2973 1100 quae
3003 1048 3108 1088 non
3140 1033 3410 1102 videbant,
3434 1042 3735 1110 apprehen-

2149 1107 2279 1164 dere
2316 1110 2667 1182 festinabant;
2697 1128 2753 1173 et
2781 1121 2921 1190 quod
2954 1122 3157 1180 tardius
3179 1107 3582 1199 occidebantur,
3615 1148 3733 1187 mo.

2149 1214 2237 1254 ras
2264 1201 2365 1257 sibi
2392 1203 2503 1260 ﬁeri
2530 1207 2947 1267 arbitrabantur.

2218 1293 2271 1348 6.
2304 1295 2476 1366 Ergo,
2507 1298 2731 1369 fratres,
2759 1303 2910 1360 Felix
2939 1315 3142 1379 martyr
3168 1306 3244 1383 (α)
3276 1319 3334 1367 et
3360 1327 3487 1370 vere
3518 1313 3646 1372 felix
3676 1326 3734 1374 et

2146 1386 2365 1478 nomine
2390 1397 2445 1443 et
2473 1404 2688 1456 corona,
2715 1394 2869 1465 cujus
2898 1396 3055 1453 hodie
3083 1399 3200 1456 dies
3227 1410 3311 1457 est
3337 1404 3378 1471 ’,
3411 1411 3735 1478 contempsit

2146 1476 2423 1533 mundum.
2453 1482 2534 1535 An
2561 1481 2696 1539 forte
2715 1485 2837 1556 quia
2867 1488 3089 1544 timebat
3113 1490 3397 1549 Dominum
3415 1536 3432 1563 ,
3460 1497 3584 1554 inde
3611 1476 3732 1557 erat

2147 1564 2292 1635 felix,
2324 1569 2447 1625 inde
2475 1582 2592 1628 erat
2617 1574 2822 1644 beatus,
2854 1579 2975 1649 quia
3004 1596 3138 1636 uxor
3161 1583 3280 1653 ejus
3304 1595 3552 1657 tanquam
3575 1592 3728 1647 vinea

2102 1692 2105 1695 -
2144 1657 2331 1716 fertilis
2357 1672 2473 1717 erat
2498 1663 2551 1719 in
2576 1674 2738 1734 terra,
2762 1678 2817 1724 et
2840 1670 2936 1725 ﬁlii
2956 1670 3073 1741 ejus
3093 1673 3555 1734 circumdederant
3575 1697 3729 1738 men-

2143 1766 2258 1844 sam
2287 1755 2437 1824 ejus?
2466 1757 2653 1814 Omnia
2684 1762 2783 1817 ista
2814 1764 3047 1832 perfecte
3077 1765 3272 1833 habet,
3297 1770 3393 1826 sed
3421 1771 3472 1825 in
3499 1788 3727 1844 corpore

2143 1842 2284 1899 illius
2328 1847 2416 1916 qui
2465 1848 2551 1904 hic
2592 1850 2949 1908 describitur:
2982 1863 3037 1910 et
3064 1860 3187 1926 quia
3217 1858 3296 1914 sic
3324 1859 3413 1916 ille
3439 1842 3723 1933 intellexit,

2141 1940 2463 2009 contempsit
2488 1944 2766 2011 praesentia
2790 1986 2805 2010 ,
2845 1954 2903 1999 ut
2939 1948 3208 2017 acciperet
3233 1949 3431 2008 futura.
3460 1953 3726 2012 Noveritis

2140 2038 2338 2095 autem,
2369 2032 2578 2097 fratres,
2610 2050 2715 2090 non
2743 2053 2864 2092 eum
2906 2053 3121 2107 passum
3148 2052 3375 2098 mortem
3400 2085 3415 2111 ,
3439 2060 3598 2115 quam
3634 2048 3725 2103 alii

2139 2132 2402 2194 martyres
2433 2128 2573 2194 passi
2602 2138 2744 2182 sunt.
2780 2129 3069 2187 Confessus
3094 2142 3178 2187 est
3209 2135 3384 2200 enim,
3415 2136 3614 2194 dilatus
3641 2149 3728 2196 est

2138 2213 2204 2268 ad
2246 2224 2539 2282 tormenta;
2568 2218 2676 2273 alio
2698 2219 2787 2275 die
2818 2222 3088 2277 inventum
3114 2232 3200 2278 est
3226 2239 3423 2295 corpus
3450 2227 3566 2298 ejus
3590 2245 3725 2285 exa-

2138 2305 2301 2362 nime.
2332 2306 2648 2364 Clauserant
2687 2312 2829 2367 enim
2876 2313 2949 2367 illi
2989 2328 3263 2372 carcerem
3288 2357 3305 2382 ,
3338 2317 3432 2374 sed
3476 2321 3722 2390 corpori,

2136 2415 2241 2454 non
2263 2401 2491 2469 Spiritui.
2517 2403 2685 2470 Quem
2716 2403 2823 2459 illic
2849 2404 3111 2473 parabant
3140 2415 3391 2478 torquere
3416 2410 3722 2478 carnifices,

2134 2491 2409 2547 absentem
2455 2494 2803 2562 invenerunt,
2842 2496 3195 2565 perdiderunt
3236 2498 3493 2554 saevitiam
3538 2516 3721 2557 suam.

2134 2583 2352 2639 Jacebat
2395 2586 2689 2653 exanimis,
2720 2586 2836 2642 sine
2878 2602 3039 2643 sensu
3085 2588 3221 2655 illis,
3250 2606 3317 2645 ne
3347 2598 3722 2661 torqueretur;

2133 2693 2254 2733 cum
2283 2693 2443 2733 sensu
2467 2679 2607 2748 apud
2637 2680 2836 2746 Deum,
2870 2689 2928 2734 ut
2952 2689 3326 2736 coronaretur.
3364 2681 3516 2738 Unde
3540 2693 3595 2737 et
3620 2685 3723 2739 iste

2132 2771 2278 2833 felix,
2312 2771 2523 2841 fratres,
2554 2788 2660 2828 non
2690 2783 2894 2829 tantum
2923 2774 3162 2842 nomine,
3191 2774 3287 2830 sed
3313 2783 3367 2831 et
3395 2777 3618 2845 praemio
3641 2776 3722 2831 vi-

2134 2873 2200 2919 tae
2229 2873 2463 2931 aeternae,
2493 2866 2535 2919 si
2572 2867 2671 2920 ista
2696 2866 2881 2920 dilexit
2901 2867 2961 2919 '?

2202 2958 2255 3013 ’1.
2290 2957 2430 3028 Ergo
2455 2958 2531 3011 sic
2558 2959 2837 3015 audiamus
2865 2959 3029 3014 istum
3061 2961 3345 3029 psalmum,
3378 2969 3629 3031 tanquam
3652 2961 3722 3016 de

2131 3046 2343 3103 Christo
2371 3050 2696 3105 dicatur:et
2736 3067 2923 3105 omnes
2969 3050 3239 3106 haerentes
3279 3053 3492 3122 corpori
3521 3051 3719 3108 Christi

2130 3148 2184 3194 et
2209 3140 2383 3194 effecti
2412 3141 2649 3195 membra
2679 3140 2911 3205 Christi,
2957 3142 3292 3197 ambulemus
3325 3144 3441 3196 vias
3470 3144 3717 3209 Domini;

2130 3239 2185 3285 et
2224 3231 2503 3285 timeamus
2544 3232 2823 3286 Dominum
2857 3234 3047 3287 timore
3071 3242 3250 3301 casto,
3281 3235 3471 3289 timore
3497 3250 3719 3305 perma-

2130 3333 2291 3379 nente
2322 3324 2373 3377 in
2400 3326 2652 3379 saeculum
2679 3325 2881 3380 saeculi.
2911 3324 3008 3381 Est
3034 3327 3176 3381 enim
3206 3326 3343 3381 alius
3373 3328 3531 3380 timor
3556 3343 3717 3397 quem

2130 3415 2363 3470 charitas
2403 3415 2671 3480 excludit,
2713 3415 2925 3471 dicente
2966 3415 3173 3472 Joanne
3196 3458 3210 3480 ,
3234 3416 3411 3470 Timor
3439 3434 3537 3472 non
3567 3427 3640 3471 est
3664 3435 3720 3473 us

2128 3508 2405 3572 charitate;
2443 3508 2533 3563 sed
2574 3512 2798 3579 perfecta
2836 3508 3061 3562 charitas
3104 3508 3244 3577 [oras
3290 3509 3440 3561 mittit
3484 3510 3720 3563 timorem

2129 3598 2178 3671 (Ι
2207 3598 2362 3653 Joan.
2388 3615 2457 3662 tv,
2488 3597 2599 3670 18).
2626 3598 2740 3653 Non
2764 3599 2832 3653 de
2864 3599 3007 3653 omni
3030 3600 3223 3654 timore
3247 3598 3376 3653 dicit
3404 3600 3525 3668 quia
3552 3600 3721 3654 mitti~

2129 3700 2215 3746 tur
2237 3690 2381 3745 foras
2406 3706 2433 3743 a
2456 3690 2747 3756 cbaritate;
2780 3690 2946 3746 habes
2967 3690 3109 3745 enim
3138 3690 3399 3760 psalmum
3425 3689 3715 3757 dicentem,

2128 3782 2303 3837 Timor
2328 3781 2534 3836 Domini
2559 3792 2760 3848 castus,
2806 3798 3105 3851 permanens
3152 3782 3204 3835 in
3251 3781 3494 3835 saxulum
3541 3784 3721 3836 seaculi

2131 3874 2301 3948 (Psal.
2327 3890 2464 3929 xvm
2484 3915 2499 3939 ,
2540 3874 2651 3945 l0).
2690 3874 2841 3928 Alius
2870 3889 2998 3944 ergo
3029 3874 3190 3927 timor
3218 3882 3535 3943 permanet,
3579 3874 3719 3928 alius

2126 3968 2445 4026 excluditur.
2467 3967 2650 4021 Timor
2671 3968 2760 4035 qui
2790 3966 3110 4031 excluditur,
3143 3975 3323 4020 castus
3350 3980 3455 4020 non
3485 3976 3599 4031 est;
3624 3966 3717 4035 qui

2125 4068 2302 4116 autem
2333 4067 2629 4130 permanet,
2659 4068 2838 4112 castus
2864 4066 2964 4112 est.
2988 4056 3117 4125 Quis
3138 4065 3222 4111 est
3244 4056 3403 4110 timor
3423 4056 3509 4125 qui
3533 4057 3719 4110 exclu-

2125 4153 2302 4209 ditur?
2324 4153 2620 4223 Dignamini
2653 4151 2951 4205 advertere.
2984 4150 3161 4220 Aliqui
3192 4156 3470 4219 propterea
3505 4158 3715 4204 tantum

2128 4249 2349 4310 timent,
2382 4260 2450 4298 ne
2484 4243 2684 4314 aliquid
2727 4243 2854 4297 mali
2900 4243 2951 4296 in
2994 4251 3135 4295 terra
3179 4242 3474 4311 patiantur.
3512 4256 3579 4296 ne
3610 4242 3718 4298 illis

2126 4336 2385 4410 aegritudo
2407 4336 2635 4401 accidat,
2664 4349 2730 4389 ne
2755 4336 3032 4400 damnum,
3057 4348 3124 4389 ne
3152 4333 3374 4399 orbitas,
3400 4348 3467 4387 ne
3488 4333 3717 4403 alicujus

2125 4429 2343 4482 amiSsio
2372 4427 2517 4481 chari
2540 4469 2553 4492 ,
2578 4442 2646 4481 ne
2673 4427 2917 4481 exsilium
2944 4468 2958 4490 ,
2992 4441 3060 4481 ne
3085 4426 3375 4491 damnatio,
3408 4442 3475 4480 nc
3504 4440 3713 4491 carcer,

2127 4534 2192 4573 ne
2220 4519 2392 4588 aliqua
2428 4519 2727 4582 tribulatio;
2771 4527 3056 4587 propterea
3103 4522 3292 4572 timent
3341 4528 3395 4573 et
3441 4529 3713 4573 tremunt:

2125 4612 2300 4667 adhuc
2341 4612 2441 4665 iste
2485 4612 2641 4665 timor
2671 4626 2777 4665 non
2816 4618 2900 4665 est
2939 4619 3137 4665 castus.
3168 4610 3358 4666 Adhuc
3386 4610 3531 4665 audi.
3561 4612 3721 4667 Alius

2126 4718 2231 4758 non
2260 4704 2312 4758 in
2346 4703 2446 4757 hac
2471 4711 2609 4758 terra
2634 4704 2737 4771 pati
2760 4702 2932 4767 timet,
2957 4701 3051 4756 sed
3080 4701 3353 4771 gehennae
3375 4703 3545 4766 timet,
3572 4703 3719 4759 unde

2128 4796 2318 4851 terruit
2342 4804 2397 4850 et
2428 4796 2704 4849 Dominus.
2732 4795 2968 4850 Audistis
2987 4809 3107 4848 cum
3133 4794 3477 4863 Evangelium
3508 4794 3721 4864 legere-

2124 4894 2211 4944 tur
2236 4907 2247 4943 :
2276 4886 2373 4941 Ubi
2397 4886 2576 4940 vermis
2598 4902 2770 4939 eorum
2793 4901 2893 4939 non
2915 4886 3174 4950 morietur,
3199 4893 3245 4939 et
3265 4886 3397 4957 ignis
3417 4901 3587 4938 eorum
3609 4901 3719 4940 non

2128 4977 2686 5050 exstinguetur(Marc.
2714 4994 2787 5042 ιχ,
2815 4974 3182 5047 45).Αυ(1ἰιιιιι
3212 4975 3327 5030 haec
3356 4976 3629 5043 homines;
3661 4984 3722 5031 et

2124 5075 2247 5145 quia
2274 5088 2399 5129 vere
2432 5073 2605 5127 futura
2635 5080 2757 5126 sunt
2788 5070 2986 5143 impiis,
3017 5070 3242 5134 timent,
3271 5077 3325 5123 et
3350 5069 3628 5123 continent
3654 5085 3719 5125 se

2124 5180 2153 5220 a
2182 5174 2419 5235 peccato.
2444 5163 2655 5218 Habent
2682 5162 2950 5228 timorem,
2979 5171 3034 5216 et
3056 5177 3150 5231 per
3170 5162 3414 5216 timorem
3437 5161 3721 5216 continent

2125 5274 2185 5315 se
2210 5274 2239 5313 a
2271 5268 2509 5328 peccato.
2539 5256 2755 5310 Timent
2783 5252 2997 5325 quidem
3019 5294 3035 5321 ,
3068 5252 3161 5308 sed
3191 5267 3296 5307 non
3326 5261 3508 5306 amant
3546 5252 3718 5322 justi—

2127 5351 2274 5405 tiam.
2293 5350 2426 5405 Cum
2449 5358 2625 5402 autem
2654 5363 2750 5417 per
2771 5347 3016 5401 timorem
3038 5346 3313 5401 continent
3333 5359 3391 5400 se
3410 5361 3440 5399 a
3466 5354 3714 5415 peccato,

2126 5440 2184 5495 ﬁt
2221 5438 2547 5497 consuetudo
2584 5438 2839 5508 jUSllllte,
2872 5446 2927 5490 et
2966 5435 3152 5507 incipit
3187 5435 3327 5506 quod
3368 5435 3560 5490 durum
3594 5448 3717 5490 erat

2191 5576 2207 5607 ί
2234 5575 2307 5624 sic
2328 5584 2503 5637 omnes
2525 5578 2628 5621 Mss.
2656 5570 2769 5637 Edd:
2798 5582 2934 5628 vero,
2959 5567 3134 5637 natalis
3150 5573 3238 5637 est.
3331 5632 3342 5637 ί
3544 5625 3555 5637 ί

2169 5640 2209 5709 nl
2235 5642 2307 5709 Et".
2332 5633 2645 5709 Lugdvenq
2684 5631 2769 5683 sed
2803 5638 2849 5681 et
2886 5627 3088 5695 praemio
3125 5628 3235 5681 vita
3279 5632 3476 5679 eterna
3513 5627 3583 5678 sic
3623 5627 3720 5680 ista

2124 5698 2562 5824 άήῖἇῗιὶιεηὲὶιιιη
2591 5755 2931 5824 ille__Thiniss:e
2948 5767 3041 5824 seu
3059 5753 3281 5824 Thimisge
3316 5753 3367 5803 in
3396 5751 3579 5824 Africa,
3605 5766 3719 5824 non

2129 5815 2296 5874 procul
2320 5815 2553 5884 Hippone,
2577 5818 2786 5868 subiisse
2807 5823 3026 5866 narratur
3047 5823 3218 5867 octavo
3236 5815 3344 5865 idus
3364 5815 3663 5872 novembris.
