4078 6478
362 358 498 417 1681

354 481 548 549 θωπί,
563 490 618 538 et
636 478 892 539 dulcescit
918 476 1061 539 Deus
1080 499 1093 537 :
1116 488 1174 539 et
1191 480 1300 553 iam
1313 480 1498 557 incipit
1514 482 1675 539 homo
1690 490 1941 554 propter.

354 590 422 631 ea
443 573 587 645 juste
631 574 838 643 vivere,
864 589 972 631 non
994 573 1116 646 quia
1135 574 1290 631 timet
1312 588 1521 645 pinnas,
1539 574 1633 631 sed
1655 575 1779 645 quia
1798 584 1945 630 amat

354 668 734 724 aeternitatem.
754 668 1015 724 Exclusus
1040 676 1124 726 est
1150 682 1279 739 ergo
1305 669 1465 725 timor
1483 683 1515 725 a
1538 667 1828 734 cbaritate;
1845 666 1943 724 sed

354 759 615 816 successit
640 759 799 815 timor
825 769 1023 815 castus.

426 852 481 909 8.
510 852 642 922 Quis
666 861 749 907 est
777 852 880 909 iste
904 852 1064 908 timor
1087 853 1301 909 castus?
1330 852 1636 909 Secundum
1664 866 1825 923 quem
1848 850 1943 908 de-

352 943 579 1013 bemus,
627 944 819 1000 fratres
865 946 1003 1013 mei,
1051 944 1348 1016 intelligere
1391 944 1535 1015 quod
1575 944 1778 1000 dictum
1820 950 1938 1012 est,

352 1037 498 1092 Beati
527 1054 698 1092 omnes
723 1037 811 1105 qui
839 1038 1014 1092 timent
1041 1036 1338 1101 Dominum,
1368 1037 1455 1107 qui
1484 1035 1748 1091 ambulant
1771 1036 1825 1090 in
1846 1035 1942 1091 niis

351 1132 481 1202 ejus.
534 1130 592 1187 Si
635 1140 863 1202 potuero
903 1131 1065 1203 digne
1096 1132 1277 1188 dicere
1305 1130 1372 1187 de
1401 1130 1506 1186 isto
1532 1129 1725 1186 timore
1750 1138 1937 1199 casto,

350 1221 639 1292 adjuvante
665 1222 893 1279 Domino
919 1223 1031 1279 Deo
1059 1233 1271 1289 nostro,
1307 1222 1459 1279 multi
1484 1223 1713 1279 fortasse
1738 1222 1844 1278 hoc
1869 1221 1939 1278 ti-

351 1326 504 1368 more
532 1322 681 1369 caslo
708 1312 1180 1371 inﬂammabuntur
1204 1316 1259 1371 in
1291 1329 1530 1370 amorem
1558 1322 1788 1369 castum.
1828 1311 1940 1368 Nec

349 1417 570 1472 possum
592 1405 864 1475 explicare
887 1405 1151 1471 fortassis,
1172 1407 1271 1461 nisi
1294 1405 1564 1477 proposita
1585 1404 1758 1476 aliqua
1785 1404 1938 1459 simi-

352 1495 597 1553 litudine.
631 1497 778 1555 Pone
818 1499 1052 1570 aliquam
1093 1499 1347 1556 feminam
1388 1508 1625 1565 castam,
1657 1499 1937 1553 timentem

348 1587 522 1644 virum
542 1604 699 1647 suum
725 1608 739 1645 :
760 1590 920 1645 aliam
944 1605 1080 1660 pone
1101 1590 1429 1657 adulteram;
1460 1599 1515 1645 et
1543 1590 1658 1660 ipsa
1686 1589 1837 1643 timet
1859 1587 1939 1643 vi-

344 1692 467 1734 rum
493 1695 670 1735 suum.
701 1682 858 1737 Casta
888 1682 1039 1736 timet
1065 1696 1134 1737 ne
1159 1681 1399 1737 discedat
1424 1682 1535 1747 vir;
1568 1680 1807 1736 adultera
1825 1720 1839 1746 ,
1868 1694 1939 1735 ne

346 1768 546 1823 veniat.
578 1769 717 1838 Quid
743 1770 789 1825 si
819 1771 978 1826 ambo
1006 1772 1259 1827 absentes
1277 1771 1436 1825 sunt?
1468 1770 1556 1825 Illa
1589 1771 1740 1827 timet
1758 1785 1825 1825 ne
1846 1784 1937 1825 ve-

342 1860 488 1925 niat;
521 1861 645 1927 illa,
677 1876 745 1918 ne
775 1862 967 1917 tardet.
1009 1862 1220 1917 Absens
1260 1869 1344 1917 est
1384 1861 1616 1932 quodam
1653 1862 1814 1917 modo
1851 1861 1937 1917 cui

341 1950 653 2024 desponsati
674 1969 877 2020 sumus,
902 1955 1099 2010 absens
1122 1964 1204 2009 est
1232 1956 1323 2025 qui
1351 1956 1506 2011 nobis
1530 1955 1745 2010 art-ham
1786 1953 1937 2009 dedit

338 2041 601 2111 Spiritum
646 2053 888 2100 sanctum
911 2087 926 2112 ,
969 2045 1164 2101 absens
1189 2054 1272 2101 est
1300 2046 1389 2116 qui
1425 2061 1522 2102 nos
1550 2045 1783 2101 redemit
1806 2059 1935 2102 san-

336 2134 504 2205 guine
534 2149 663 2201 suo;
708 2152 937 2207 sponsus
967 2138 1057 2193 ille
1082 2154 1190 2209 quo
1215 2138 1352 2194 nihil
1381 2147 1465 2194 est
1496 2139 1768 2210 pulchrius
1789 2179 1805 2205 ,
1844 2139 1936 2209 qui

337 2224 495 2294 quasi
526 2223 703 2281 fmdus
732 2227 981 2298 apparuit
1010 2228 1151 2284 inter
1171 2242 1360 2284 manus
1386 2230 1840 2300 persequentium,
1867 2229 1935 2285 de

339 2330 450 2385 quo
478 2317 637 2385 paulo
662 2328 788 2375 ante
818 2320 1031 2376 dicebat
1060 2320 1243 2386 lsaias,
1277 2321 1340 2375 Et
1366 2323 1582 2377 uidimus
1604 2340 1737 2389 eum,
1760 2332 1805 2379 et
1830 2340 1934 2379 non

341 2405 555 2462 habebat
591 2409 809 2477 speciem
850 2427 1009 2480 neque
1046 2412 1276 2466 decorem
1314 2411 1466 2483 (Ioui.
1492 2430 1583 2468 Llll
1609 2455 1624 2479 ,
1665 2415 1755 2485 2).
1789 2414 1933 2486 Ergo

340 2511 573 2567 sponsus
602 2511 786 2555 noster
814 2500 991 2557 foedus
1019 2503 1136 2557 est?
1163 2504 1318 2559 Absit
1346 2522 1360 2558 :
1390 2506 1661 2575 quomodo
1688 2508 1831 2561 enim
1865 2508 1931 2562 il-

340 2590 454 2649 lum
480 2591 715 2662 virgines
734 2604 997 2661 amarent,
1025 2612 1145 2666 qua:
1166 2596 1218 2650 in
1246 2606 1386 2653 terra
1410 2601 1629 2655 maritos
1650 2615 1755 2655 non
1778 2616 1931 2671 quae-

338 2682 584 2738 sierunt?
615 2682 758 2755 Ergo
782 2686 1231 2757 persequentibus
1258 2686 1436 2744 fmdus
1454 2690 1726 2760 apparuit;
1750 2701 1805 2746 et
1828 2691 1932 2747 nisi

338 2787 463 2829 eum
489 2772 694 2830 fmdum
723 2785 992 2847 putarent,
1016 2793 1121 2833 non
1148 2779 1433 2848 insilirent,
1456 2795 1563 2835 non
1584 2778 1806 2852 ﬂagellis
1825 2797 1932 2837 ca:-

336 2866 530 2923 derent
552 2910 568 2936 ,
595 2883 700 2924 non
723 2871 894 2941 spinis
914 2880 1268 2940 coronarent,
1294 2887 1399 2929 non
1419 2874 1591 2942 sputis
1612 2873 1929 2929 inhonesta-

334 2969 501 3017 rent:
535 2963 631 3018 sed
677 2964 801 3034 quia
849 2963 1023 3021 fcedus
1070 2964 1176 3020 illis
1218 2966 1537 3036 apparebat,
1566 2966 1805 3023 fecerunt
1853 2967 1928 3024 illi

335 3051 468 3119 ista;
498 3068 604 3109 non
630 3055 774 3110 enim
804 3055 1077 3121 habebant
1105 3056 1292 3113 oculos
1331 3058 1473 3113 unde
1508 3057 1759 3115 Christus
1807 3058 1927 3129 pul-

334 3145 470 3202 cher
489 3147 780 3205 videretur.
805 3148 1061 3217 Qualibus
1096 3150 1266 3206 oculis
1311 3150 1557 3206 Christus
1587 3152 1809 3222 pulcher
1829 3167 1928 3222 ap-

333 3238 548 3307 paruit?
566 3238 763 3307 Quales
782 3241 968 3295 oculos
990 3240 1266 3311 quaerebat
1290 3242 1405 3311 ipse
1430 3240 1695 3309 Christus,
1710 3242 1927 3313 quando

331 3329 546 3387 dicebat
578 3331 827 3403 Philippo
850 3350 863 3386 :
888 3331 1055 3387 Tanto
1080 3343 1301 3405 tempore
1323 3334 1576 3389 vobiscum
1597 3351 1731 3402 sum,
1749 3344 1798 3389 et
1824 3352 1927 3391 non

331 3440 413 3478 me
441 3424 637 3479 vidistis
667 3423 845 3496 (Joan.
869 3441 980 3493 xxv,
1008 3425 1120 3496 9)?
1143 3424 1234 3481 isti
1272 3420 1414 3483 oculi
1444 3427 1734 3484 mundandi
1761 3437 1922 3499 sunt,

332 3525 393 3573 nt
424 3519 633 3588 possint
657 3519 837 3575 videre
862 3520 1005 3575 illam
1033 3520 1239 3585 lucem;
1268 3530 1322 3576 et
1360 3520 1549 3576 leviter
1579 3530 1755 3577 tamen
1798 3536 1926 3592 per-

330 3608 503 3663 stricti
546 3609 832 3679 splendore
851 3652 866 3677 ,
889 3610 1255 3666 accenduntur
1279 3626 1497 3680 amore,
1531 3623 1588 3667 ut
1616 3613 1795 3668 sanari
1827 3628 1924 3669 ve-

330 3700 453 3768 lint,
471 3709 528 3756 et
552 3700 684 3757 fiant
711 3702 1016 3758 illuminati.
1039 3702 1171 3759 Nam
1195 3711 1254 3758 ut
1272 3704 1529 3759 noveritis
1548 3705 1670 3775 quia
1699 3705 1926 3775 pulcher

330 3800 417 3849 est
458 3792 709 3849 Christus
751 3799 842 3865 qui
886 3802 1130 3860 amatur,
1174 3794 1249 3849 ait
1293 3794 1608 3865 Propheta:
1646 3796 1923 3864 Speciosus

330 3884 501 3955 forata
529 3900 635 3952 pra
660 3884 783 3955 ﬁliis
809 3886 1068 3940 hominum
1095 3884 1266 3957 (Paul.
1290 3901 1436 3953 xuv,
1467 3885 1560 3958 3).
1594 3886 1795 3943 Omnes
1822 3887 1925 3944 ho-

330 3977 508 4033 mines
538 3986 755 4049 superat
784 3978 926 4034 illius
956 3978 1318 4050 pulchritudo.
1339 3979 1508 4046 Quam
1538 3995 1653 4036 rem
1679 3986 1924 4037 amamus

329 4070 388 4125 in
414 4070 662 4126 Christo?
692 4070 925 4127 Membra
956 4071 1211 4128 crucifixa
1236 4115 1251 4140 ,
1281 4074 1421 4128 latus
1458 4072 1825 4144 perforatum,
1854 4089 1925 4130 an

326 4159 686 4217 cbaritatem?
711 4161 935 4230 Quando
963 4162 1211 4217 audimus
1234 4162 1356 4233 quia
1386 4178 1574 4234 passus
1600 4170 1681 4219 est
1701 4179 1799 4235 pro
1826 4180 1925 4220 no-

328 4247 437 4317 bis,
468 4252 595 4323 quid
622 4256 902 4309 amamus?
928 4254 1178 4309 Charitas
1198 4265 1408 4311 amatur
1429 4256 1470 4311 ί.
1493 4256 1706 4311 Amavit
1727 4270 1845 4321 nos,
1865 4265 1926 4313 ut

327 4345 733 4403 redamaremus
759 4362 913 4413 eum;
939 4356 994 4403 et
1022 4356 1079 4402 ut
1104 4347 1384 4404 redamare
1410 4363 1710 4420 possemus,
1740 4348 1926 4405 visita-

326 4439 406 4495 vit
445 4454 546 4495 nos
586 4440 791 4511 Spiritu
831 4454 949 4496 suo.
991 4439 1223 4496 Pulcher
1250 4450 1334 4497 est
1360 4441 1484 4509 ille,
1516 4449 1570 4496 et
1593 4440 1790 4497 absens
1815 4449 1919 4498 est.

328 4530 633 4602 lnterroget
656 4546 718 4587 se
745 4546 966 4602 sponsa,
993 4532 1039 4587 si
1060 4541 1206 4588 casta
1235 4542 1337 4588 est.
1366 4532 1423 4587 ln
1451 4533 1709 4589 membris
1737 4548 1922 4589 sumus

326 4639 555 4689 omnes,
587 4624 786 4682 fratres
810 4625 948 4690 mei;
984 4626 1036 4680 in
1068 4625 1324 4681 membris
1351 4626 1516 4696 ipsius
1545 4641 1758 4694 sumus,
1800 4625 1923 4682 ideo

326 4730 471 4774 unus
501 4715 665 4773 homo
695 4731 900 4772 sumus.
931 4716 1122 4772 Videat
1148 4717 1510 4787 unusquisque
1533 4718 1742 4787 qualem
1766 4717 1922 4773 timo-

325 4822 444 4865 rem
475 4806 704 4876 babcat,
727 4824 794 4862 an
825 4824 947 4863 eum
977 4823 1134 4877 quem
1165 4808 1401 4863 excludit
1423 4808 1658 4863 charitas
1678 4849 1694 4875 ,
1727 4823 1794 4863 an
1824 4823 1919 4864 ca-

325 4907 471 4958 stum
511 4909 913 4970 permanentem
940 4899 993 4953 in
1021 4899 1274 4953 sarculum
1301 4899 1500 4953 saeculi.
1542 4898 1699 4953 Modo
1728 4900 1922 4969 proba-

325 4990 404 5045 vit
430 4992 483 5056 ²;
515 4990 670 5057 dico,
708 4998 764 5046 et
802 4990 1072 5061 probabit.
1104 4990 1311 5045 Absens
1337 4996 1420 5044 est
1449 5004 1676 5059 sponsus
1703 4998 1917 5058 noster;

323 5080 602 5154 interroga
622 5082 1004 5137 conscientiam
1030 5090 1175 5135 tuam
1206 5098 1220 5134 :
1250 5081 1331 5135 vis
1356 5090 1413 5135 ut
1438 5065 1725 5145 veniat,?m
1747 5081 1922 5139 adhuc

323 5172 408 5228 vis
451 5181 511 5231 ut
555 5172 761 5228 tardet?
791 5171 1012 5239 Videte,
1058 5171 1288 5228 fratres:
1316 5186 1417 5242 ego
1448 5171 1648 5240 pulsavi
1680 5171 1746 5225 ad
1784 5172 1920 5227 ostia

325 5272 607 5336 pectorum
640 5273 978 5329 vestrorum;
1009 5280 1194 5320 vocem
1220 5264 1627 5320 inhabitantium
1656 5265 1743 5319 ille
1770 5265 1922 5320 audi-

325 5356 420 5411 vit.
457 5355 597 5424 Quid
626 5356 961 5426 singulorum
1005 5372 1340 5427 quorumque
1381 5356 1541 5411 modo
1578 5356 1920 5413 conscientia:

323 5446 585 5514 dixerint,
614 5447 678 5509 ad
710 5463 867 5503 aures
896 5462 1065 5512 meas,
1104 5449 1226 5518 quia
1263 5448 1421 5505 homo
1450 5466 1564 5504 sum
1587 5493 1600 5515 ,
1640 5450 1920 5519 pervenire

390 5544 409 5603 ξ
436 5546 538 5589 Am.
568 5549 620 5590 et
640 5537 866 5603 plerique
886 5544 1015 5603 Mss:
1042 5546 1197 5603 (mare
1216 5552 1453 5603 amamus,
1479 5540 1671 5603 quando
1694 5540 1919 5603 auditura

374 5601 442 5651 tia
463 5599 720 5664 passus—est
737 5599 826 5662 pro
841 5599 1127 5713 nede
1147 5600 1406 5671 matutinis?
1427 5600 1642 5651 membra
1654 5601 1916 5679 cruci/ista.

374 5670 453 5713 tus
476 5663 792 5713 perforatum.
807 5676 872 5713 an
894 5677 920 5711 ι’
1081 5668 1178 5713 tem
1196 5661 1224 5713 ?
1260 5661 1481 5713 Charitas
1501 5671 1632 5713 amat
1657 5664 1673 5713 (
1678 5663 1761 5713 vel
1782 5677 1916 5713 ama-

398 5661 792 5727 us’perforatum,
807 5676 872 5713 an
894 5661 1178 5713 duritatem
1196 5661 1224 5714 ?
1260 5661 1481 5713 Charitas
1501 5671 1632 5715 amat
1657 5663 1761 5726 (vel
1782 5661 1917 5714 ama-

325 5724 915 5799 ίηζ)’ξ⁴πὲαι’ί⁴⁷ἶ⁰δ;.θι⁰ῖ
945 5795 980 5799 -,
1182 5784 1201 5799 ι
1343 5793 1368 5799 -
1793 5788 1803 5799 .

390 5783 420 5819 ⁸⁷
433 5787 519 5836 Hic
542 5794 722 5861 Am._et
741 5785 921 5861 aliquot
945 5795 1073 5861 uss”
1085 5783 1321 5852 probabu.
1338 5786 1534 5846 Quidam
1558 5799 1678 5840 vero
1693 5786 1805 5839 libri
1827 5796 1918 5841 hoc

327 5854 383 5902 et
402 5860 628 5913 promo
643 5848 768 5913 loco,
790 5848 1020 5916 probavit.

1422 358 1815 420 ENARRATIO
1852 360 1919 418 IN
1957 360 2279 424 PSALMUM
2317 368 2573 431 CXXVII.

2052 499 2158 581 non
2185 490 2395 557 potuit:
2419 491 2510 548 ille
2556 494 2649 565 qui
2691 497 2886 554 absens
2914 511 3002 556 est
3046 504 3328 573 praesentia
3355 510 3635 581 corporis,

2048 576 2145 632 sed
2174 594 2410 649 praisens
2433 594 2515 639 est
2540 586 2722 657 vigore
2751 590 3067 660 majestatis,
3093 595 3294 653 audivit
3317 613 3435 655 vos.
3451 576 3633 668 Quam

2049 668 2240 737 multi,
2271 672 2317 726 si
2337 672 2545 731 dicatur
2572 678 2678 733 illis
2700 720 2713 744 ,
2745 681 2882 738 Ecce
2906 683 3018 753 jam
3047 684 3322 755 Christus,
3357 705 3477 747 cras
3514 692 3633 749 dies

2042 756 2260 855 judicii;
2286 779 2391 820 non
2420 767 2622 835 dicunt,
2650 770 2864 828 Utinam
2896 776 3103 832 veniat!
3132 778 3230 847 Qui
3252 781 3394 838 enim
3419 783 3631 855 dicunt,

2048 852 2274 910 multum
2300 870 2516 915 amant:
2540 871 2594 916 et
2621 863 2666 917 si
2696 863 2905 921 dicatur
2932 867 3070 935 illis,
3100 870 3391 940 Tardabit;
3439 852 3634 933 timent

2047 956 2117 997 ne
2160 946 2361 1014 tardet,
2391 950 2512 1021 quia
2559 953 2718 1009 timor
2760 966 2940 1013 castus
2981 970 3083 1014 est.
3115 962 3396 1028 Quomodo
3451 976 3631 1023 autem

2046 1047 2190 1088 nunc
2217 1035 2433 1093 timetur
2460 1056 2527 1096 ne
2557 1043 2748 1110 tardet,
2774 1046 2853 1100 sic
2872 1063 2993 1103 cum
3015 1052 3241 1119 venerit,
3265 1053 3540 1110 timebitur
3561 1073 3632 1112 ne

2045 1122 2303 1181 discedat.
2336 1129 2449 1185 Erit
2471 1142 2649 1189 autem
2672 1145 2853 1193 castus
2880 1139 2980 1194 iste
3011 1141 3192 1208 timor,
3223 1144 3344 1213 quia
3373 1149 3631 1217 tranquil-

2046 1213 2130 1269 lus
2149 1224 2204 1271 et
2224 1232 2463 1276 securus.
2486 1222 2599 1278 Non
2622 1227 2763 1281 enim
2788 1228 3099 1286 deseremur
3124 1234 3192 1289 ab
3215 1249 3302 1302 eo,
3333 1251 3454 1293 cum
3484 1213 3631 1295 inve-

2048 1308 2188 1361 nerit
2206 1324 2323 1377 nos,
2342 1313 2554 1381 quando
2575 1318 2819 1386 quaesivit
2839 1335 2935 1375 nos
2954 1332 3237 1395 antequam
3262 1342 3628 1397 quaereremus

2046 1415 2167 1457 eum
2198 1404 2239 1459 ί.
2263 1404 2455 1461 Castus
2499 1424 2627 1479 ergo
2668 1410 2860 1478 timor,
2892 1413 3086 1472 fratres
3130 1419 3269 1485 mei,
3297 1419 3401 1477 hoc
3429 1421 3623 1490 habet;

2044 1493 2224 1547 venit”
2255 1495 2321 1551 de
2362 1511 2562 1553 amore.
2611 1498 2704 1555 llle
2743 1511 2918 1558 autem
2948 1507 3109 1561 timor
3143 1510 3379 1565 nondum
3406 1510 3621 1582 castus,

2043 1585 2381 1652 prtesentiam
2429 1596 2483 1641 et
2525 1603 2712 1658 poenas
2756 1591 2928 1648 timet.
2954 1593 3172 1652 Timore
3208 1598 3332 1653 facit
3370 1601 3624 1673 quidquid

2044 1671 2169 1728 boni
2202 1674 2357 1741 facit;
2390 1692 2496 1732 non
2536 1681 2728 1735 timore
2766 1684 3043 1740 amittendi
3087 1687 3281 1743 bonum
3325 1691 3490 1759 illud,
3517 1671 3627 1750 sed

2045 1764 2234 1821 timore
2277 1768 2510 1835 patiendi
2554 1770 2683 1826 illud
2713 1773 2932 1828 malum.
2981 1774 3098 1830 Non
3142 1779 3293 1835 timet
3330 1797 3397 1836 ne
3438 1784 3628 1852 perdat

2042 1857 2320 1926 amplexus
2358 1860 2703 1929 pulcherrimi
2735 1866 2918 1934 sponsi
2944 1906 2959 1933 ,
2991 1867 3085 1922 sed
3118 1869 3265 1923 timet
3292 1887 3356 1926 ne
3388 1874 3629 1929 mittatur

2042 1946 2096 2001 in
2119 1947 2438 2017 gehennam.
2460 1951 2640 2008 Bonus
2662 1964 2742 2008 est
2767 1955 2867 2011 iste
2896 1958 3075 2023 timor,
3097 1960 3239 2013 utilis
3258 1971 3336 2015 est
3352 1979 3365 2025 ;
3380 1956 3497 2017 ‘non
3518 1964 3631 2034 qui-

2043 2037 2164 2091 dem
2194 2041 2529 2107 permanebit
2556 2044 2607 2096 in
2634 2045 2891 2101 sarculum
2922 2049 3105 2103 smculi
3130 2066 3144 2104 :
3169 2051 3264 2105 sed
3292 2052 3525 2109 nondum
3545 2062 3631 2111 est

2042 2129 2130 2185 ille
2155 2140 2335 2186 castus
2361 2148 2681 2203 permanens
2703 2136 2755 2190 in
2783 2140 3037 2196 saeculum
3068 2143 3271 2199 saeculi.

2114 2221 2167 2277 9.
2210 2222 2268 2279 In
2312 2239 2418 2294 quo
2457 2236 2541 2282 est
2579 2228 2790 2283 castus?
2829 2229 2944 2285 .lam
2990 2232 3181 2288 iterum
3222 2233 3492 2306 interrogo
3531 2237 3634 2295 ali-

2040 2313 2187 2383 quid,
2234 2315 2373 2385 quod
2403 2320 2760 2391 vosmetipsos
2790 2321 3216 2394 interrogetis.Si
3247 2327 3385 2383 Deus
3414 2329 3635 2387 veniens

2039 2419 2169 2459 voce
2197 2408 2409 2476 prepria
2440 2409 2750 2479 loqueretur
2776 2413 2930 2468 nobis
2957 2414 3285 2488 (quanquam
3318 2435 3423 2474 non
3453 2430 3630 2479 taceat

2038 2495 2181 2567 loqui
2211 2513 2306 2568 per
2330 2498 2566 2556 Litteras
2591 2503 2741 2574 suas)
2765 2547 2781 2572 ,
2804 2515 2858 2561 et
2886 2507 3091 2564 diceret
3122 2511 3326 2566 homini
3352 2532 3365 2566 :
3397 2513 3630 2571 Peccare

2038 2589 2137 2654 vis,
2162 2604 2355 2659 pecca;
2384 2593 2466 2647 fac
2485 2594 2741 2665 quidquid
2770 2606 2819 2652 te
2840 2597 3101 2668 delectat;
3132 2602 3387 2674 quidquid
3413 2621 3631 2662 amave-

2036 2681 2112 2737 ris
2158 2683 2212 2739 in
2259 2695 2396 2741 terra
2419 2729 2432 2750 ,
2476 2697 2623 2744 tuum
2657 2691 2783 2758 fiat;
2811 2695 2893 2749 cui
2927 2692 3091 2751 fueris
3122 2697 3324 2766 iratus,
3367 2700 3625 2765 intereat;

2036 2791 2194 2843 quem
2222 2792 2411 2848 rapere
2441 2783 2695 2850 volueris,
2724 2786 2993 2855 rapiatur;
3016 2804 3174 2858 quem
3203 2790 3433 2856 cmdere,
3456 2792 3631 2849 cmda-

2038 2875 2151 2930 tur;
2185 2884 2341 2938 quem
2369 2871 2645 2938 damnare,
2670 2875 2984 2944 damnetur;
3009 2894 3167 2948 quem
3193 2882 3489 2950 possidere,
3514 2897 3631 2952 p09

2035 2958 2210 3014 sideas
2240 2976 2253 3011 :
2287 2977 2444 3017 nemo
2477 2964 2568 3019 tibi
2598 2967 2835 3034 resistat,
2869 2983 3031 3023 nemo
3058 2968 3154 3024 tibi
3183 2970 3346 3038 dicat,
3378 2972 3515 3040 Quid
3544 2972 3627 3028 fa-

2034 3052 2144 3106 cis?
2174 3067 2353 3120 nemo,
2384 3054 2500 3109 Noli
2529 3056 2736 3124 facere;
2766 3074 2923 3115 nemo
2943 3101 2959 3127 ,
2989 3060 3165 3128 Quare
3193 3062 3400 3117 fecisti?
3428 3065 3617 3120 Abun-

2033 3142 2162 3198 dent
2190 3144 2283 3199 tibi
2318 3147 2494 3201 omnia
2527 3149 2629 3203 ista
2661 3158 2876 3205 terrena
2907 3168 3027 3223 qua:
3056 3155 3392 3223 concupisti,
3426 3164 3481 3210 et
3507 3157 3630 3213 vive

2033 3233 2087 3288 in
2126 3235 2265 3304 illis,
2309 3222 2417 3292 non
2444 3253 2613 3309 usque
2639 3241 2706 3295 ad
2735 3222 2982 3311 tempus,
3013 3244 3109 3299 sed
3154 3222 3406 3315 semper:
3433 3247 3627 3305 faciem

2032 3335 2236 3382 tantum
2276 3345 2450 3386 meam
2494 3349 2764 3404 nunquam
2803 3336 3028 3393 videbis.
3069 3337 3284 3395 Fratres
3311 3342 3451 3409 mei,
3483 3342 3627 3400 unde

2033 3417 2386 3490 ingemuistis,
2408 3424 2509 3478 nisi
2531 3427 2654 3495 quia
2669 3426 2780 3497 jam
2808 3436 2965 3484 natus
2992 3439 3074 3484 est
3095 3430 3254 3486 timor
3280 3440 3481 3499 castus,
3502 3448 3626 3504 per-

2034 3528 2255 3569 manens
2278 3516 2330 3569 in
2352 3518 2605 3572 saeculum
2634 3520 2855 3575 saeculi?
2884 3522 3061 3589 Quare
3088 3539 3404 3594 percussum
3427 3537 3510 3582 est
3531 3542 3626 3584 cor

2031 3607 2304 3660 vestrum?
2337 3606 2392 3662 Si
2420 3607 2624 3665 diceret
2667 3610 2806 3667 Deus
2836 3631 2848 3666 :
2874 3611 3090 3669 Faciem
3132 3632 3307 3671 meam
3350 3633 3621 3688 nunquam

2031 3696 2273 3752 videbis:
2304 3713 2429 3753 ecce
2468 3702 2621 3755 omni
2665 3702 2763 3756 ista
2807 3712 3017 3759 terrena
3054 3703 3346 3774 felicitate,
3375 3708 3626 3765 omnibus

2030 3787 2190 3843 rebus
2219 3787 2518 3845 abundabis
2540 3832 2556 3858 ,
2588 3792 2963 3849 circumfluent
3008 3804 3060 3850 te
3099 3795 3239 3851 bona
3272 3800 3622 3867 temporalia;

2031 3891 2137 3932 non
2165 3878 2251 3933 illa
2280 3880 2502 3947 amittis,
2535 3896 2643 3937 non
2686 3882 2777 3937 illa
2818 3884 3054 3951 deseris;
3084 3887 3212 3956 quid
3244 3887 3323 3943 vis
3352 3888 3624 3958 amplius?

2029 3965 2210 4024 Fleret
2249 3971 2466 4040 quidem
2508 3982 2561 4027 et
2600 3984 2840 4043 gemeret
2870 3977 3031 4031 timor
3055 3988 3267 4044 castus,
3296 3988 3350 4034 et
3375 3980 3619 4040 diceret:

2030 4058 2142 4115 imo
2170 4062 2421 4117 tollantur
2447 4065 2625 4119 omnia
2644 4107 2659 4131 ,
2684 4075 2738 4121 et
2771 4066 2963 4123 faciem
2997 4076 3142 4123 tuam
3169 4070 3404 4125 videam.
3438 4072 3623 4130 Timor

2029 4163 2207 4210 castus
2234 4156 2562 4213 exclamaret
2589 4158 2657 4215 de
2688 4160 2916 4230 psalmo,
2943 4171 2996 4216 et
3022 4162 3224 4218 diceret
3252 4181 3267 4229 ;
3296 4163 3435 4219 Deus
3462 4165 3623 4220 virtu-

2031 4256 2156 4316 tam,
2184 4259 2415 4303 converte
2442 4266 2567 4316 nos;
2591 4261 2639 4305 et
2665 4253 2871 4307 ostende
2901 4254 3082 4325 faciem
3110 4264 3267 4323 tuam,
3296 4267 3343 4311 ct
3369 4258 3493 4312 salvi
3520 4260 3621 4313 eri-

2029 4355 2142 4393 mus
2190 4339 2209 4410 (
2228 4339 2378 4396 Psal.
2424 4359 2585 4398 LXXIX
2606 4387 2621 4412 ,
2647 4344 2739 4415 8).
2780 4345 2964 4402 Timor
2989 4358 3169 4404 castus
3200 4350 3524 4406 exclamaret
3549 4352 3619 4410 de

2028 4432 2257 4501 psalmo,
2284 4442 2338 4488 et
2366 4434 2604 4491 diceret:
2634 4436 2801 4492 Unam
2831 4440 2954 4509 petii
2977 4457 3010 4494 a
3041 4439 3279 4496 Domino.
3322 4441 3454 4498 Vide
3480 4458 3619 4514 quo-

2028 4524 2189 4579 modo
2209 4525 2395 4581 ardeat
2417 4527 2577 4584 timor
2604 4528 2703 4583 iste
2725 4538 3103 4598 rastus,'amor
3122 4548 3303 4597 verus,
3330 4548 3483 4589 amor
3508 4536 3621 4590 sin-

2028 4632 2185 4672 cerus
2208 4616 2249 4670 ³.
2287 4615 2455 4672 Unam
2482 4620 2604 4690 petii
2631 4638 2661 4673 a
2691 4620 2911 4676 Domino
2931 4665 2945 4688 ,
2978 4624 3107 4678 hanc
3145 4628 3416 4696 requiram.
3446 4626 3617 4695 Quid?

2032 4706 2100 4763 Ut
2144 4708 2417 4763 inhabilem
2462 4710 2515 4764 in
2559 4712 2707 4765 domo
2749 4714 2942 4768 domini
2980 4732 3151 4769 omnes
3182 4718 3287 4770 dies
3326 4718 3439 4770 vita:
3470 4734 3614 4773 mete.

2027 4798 2165 4866 Quid
2194 4800 2238 4854 si
2268 4810 2488 4870 propter
2520 4813 2784 4858 terrenam
2818 4806 3159 4861 felicitatem?
3192 4809 3325 4861 Audi
3368 4808 3491 4877 quid
3523 4824 3615 4863 se-

2028 4889 2207 4959 quitur
2232 4907 2244 4943 :
2270 4888 2339 4945 Ut
2369 4893 2674 4959 contempler
2703 4896 3083 4950 delectationem
3115 4896 3340 4962 Domini,
3369 4908 3413 4949 et
3446 4908 3616 4966 prole-

2026 4996 2121 5049 gar
2149 4980 2390 5047 templum
2410 4982 2520 5048 ejus
2542 4981 2712 5051 (Psal.
2740 5001 2884 5052 xxw,
2904 4987 2989 5055 4);
3016 4987 3064 5041 id
3087 4996 3186 5051 est,
3215 5004 3331 5040 esse
3357 4990 3611 5057 templum

2028 5068 2178 5137 ejus,
2226 5079 2280 5123 et
2323 5072 2526 5142 protegi
2566 5073 2631 5127 ab
2677 5090 2759 5141 eo,
2795 5075 2929 5130 hanc
2959 5092 3112 5129 unum
3147 5077 3271 5145 petii
3301 5092 3327 5128 a
3364 5078 3609 5132 Domino.

2027 5160 2173 5215 Hanc
2204 5176 2362 5216 unam
2390 5162 2433 5216 si
2478 5165 2735 5233 petieritis
2758 5165 2799 5231 ‘,
2826 5166 2890 5219 ad
2937 5168 3074 5221 hanc
3130 5183 3284 5220 unam
3319 5170 3360 5221 si
3394 5183 3485 5223 eor
3516 5185 3610 5224 ve-

2090 5298 2107 5327 ι
2133 5295 2206 5344 sic
2228 5294 2445 5360 melioris
2464 5304 2720 5360 uottepblss.
2743 5296 2827 5345 Alii
2850 5305 3014 5360 autem
3044 5312 3154 5346 cum
3188 5306 3287 5347 Am.
3316 5308 3367 5349 et
3389 5307 3483 5360 Eia,
3502 5314 3614 5354 cum

2025 5354 2258 5425 auerterit
2276 5370 2364 5407 nos
2384 5357 2523 5408 homo
2543 5357 2718 5419 aliquis
2741 5358 2943 5408 credens
2982 5358 3032 5409 in
3056 5373 3182 5409 enm.
3213 5364 3409 5425 Quando
3433 5354 3612 5425 quassi-

2025 5416 2089 5467 vit
2111 5416 2236 5468 nos?
2258 5427 2538 5482 _A1uequam
2560 5416 2884 5482 quicreremus
2925 5434 3049 5471 eum.
3093 5416 3356 5479 t.ov.,'cmn
3380 5416 3614 5478 anienem

2024 5492 2109 5529 nos
2131 5478 2357 5529 nominas
2380 5478 2627 5531 credentes
2661 5480 2712 5530 in
2752 5494 2878 5542 eum,
2906 5486 3099 5545 quando
3129 5478 3345 5545 quaesivit
3368 5497 3451 5535 nos
3473 5494 3613 5539 aute-

2026 5554 2170 5615 ‘U‘i”?!
2190 5554 2433 5615 "9W4?
2460 5555 2583 5590 eum;
2626 5601 2637 5613 .
2781 5603 2791 5613 .

2088 5606 2113 5667 ξ
2132 5610 2205 5667 Er.
2226 5603 2369 5664 Lugd.
2391 5610 2528 5661 νειμ,
2554 5603 2667 5667 quia
2685 5603 2827 5654 venit.
2957 5612 3015 5654 tu.

2090 5666 2111 5697 ⁸
2132 5666 2205 5714 sic
2224 5671 2421 5732 sm.__Er.
2451 5672 2502 5713 et
2525 5666 2740 5732 potiores
2756 5674 2859 5714 Mss.
2886 5673 2941 5715 At
2964 5675 3093 5727 l.0v.,
3123 5667 3265 5732 tiinor
3287 5682 3446 5732 ceras,
3470 5670 3613 5723 timor

2023 5726 2255 5777 sincerus.
2283 5725 2472 5787 Aliquot
2496 5725 2620 5785 tus-5.,
2655 5727 2795 5777 timor
2818 5739 2975 5787 verus,
3000 5725 3134 5779 amor
3156 5729 3389 5781 sincerus.

2024 5788 2213 5902 ὺέὃιίἱο
2232 5787 2358 5851 apud
2382 5794 2491 5839 Lor.
2530 5788 2737 5853 additur,
2771 5787 3017 5853 accipietis
3043 5805 3055 5841 :
3082 5793 3211 5857 quod
3250 5796 3312 5844 ah
3344 5794 3450 5844 aliis
3473 5793 3611 5851 libri:
