  <div class='ocr_page' id='page_1' title='image "/cluster/home/n/w/nwhite01/storage/ocr_20150623/37/hvd.32044015471477/335.png"; bbox 0 0 2037 3242; ppageno 0'>
   <div class='ocr_carea' id='block_1_1' title="bbox 257 144 327 173">
    <p class='ocr_par' dir='ltr' id='par_1_1' title="bbox 257 144 327 173">
     <span class='ocr_line' id='line_1_1' title="bbox 257 144 327 173; baseline 0 0"><span class='ocrx_word' id='word_1_1' title='bbox 257 146 269 173; x_wconf 71' lang='grc'><strong>1</strong></span> <span class='ocrx_word' id='word_1_2' title='bbox 276 144 327 173; x_wconf 78' lang='lat'><strong>685</strong></span> 
     </span>
    </p>
   </div>
   <div class='ocr_carea' id='block_1_2' title="bbox 230 202 1044 237">
    <p class='ocr_par' dir='ltr' id='par_1_2' title="bbox 230 202 1044 237">
     <span class='ocr_line' id='line_1_2' title="bbox 230 202 1044 237; baseline 0 -6"><span class='ocrx_word' id='word_1_3' title='bbox 230 202 232 205; x_wconf 84' lang='grc'><em>’</em></span> <span class='ocrx_word' id='word_1_4' title='bbox 256 208 340 232; x_wconf 85' lang='lat' dir='ltr'><strong>strum</strong></span> <span class='ocrx_word' id='word_1_5' title='bbox 355 204 558 237; x_wconf 69' lang='lat' dir='ltr'><strong>exercueritis‘,</strong></span> <span class='ocrx_word' id='word_1_6' title='bbox 572 207 599 232; x_wconf 89' lang='lat' dir='ltr'><strong>et</strong></span> <span class='ocrx_word' id='word_1_7' title='bbox 618 204 669 231; x_wconf 91' lang='lat' dir='ltr'><strong>hoc</strong></span> <span class='ocrx_word' id='word_1_8' title='bbox 686 203 770 232; x_wconf 91' lang='lat' dir='ltr'><strong>solum</strong></span> <span class='ocrx_word' id='word_1_9' title='bbox 784 203 906 231; x_wconf 86' lang='lat' dir='ltr'><strong>amittere</strong></span> <span class='ocrx_word' id='word_1_10' title='bbox 920 204 1044 232; x_wconf 90' lang='lat' dir='ltr'><strong>timueri-</strong></span> 
     </span>
    </p>
   </div>
   <div class='ocr_carea' id='block_1_3' title="bbox 254 249 1046 284">
    <p class='ocr_par' dir='ltr' id='par_1_3' title="bbox 254 249 1046 284">
     <span class='ocr_line' id='line_1_3' title="bbox 254 249 1046 284; baseline -0.004 -4"><span class='ocrx_word' id='word_1_11' title='bbox 254 251 300 284; x_wconf 64' lang='grc' dir='ltr'><strong>αἱς,</strong></span> <span class='ocrx_word' id='word_1_12' title='bbox 314 258 365 279; x_wconf 87' lang='lat' dir='ltr'><strong>nec</strong></span> <span class='ocrx_word' id='word_1_13' title='bbox 377 251 527 279; x_wconf 86' lang='lat' dir='ltr'><strong>invidebitis</strong></span> <span class='ocrx_word' id='word_1_14' title='bbox 537 250 708 278; x_wconf 69' lang='lat' dir='ltr'><strong>felicitatibus</strong></span> <span class='ocrx_word' id='word_1_15' title='bbox 720 249 844 284; x_wconf 77' lang='lat' dir='ltr'><strong>terrenis,</strong></span> <span class='ocrx_word' id='word_1_16' title='bbox 857 254 885 278; x_wconf 79' lang='lat' dir='ltr'><strong>et</strong></span> <span class='ocrx_word' id='word_1_17' title='bbox 899 250 973 277; x_wconf 83' lang='lat' dir='ltr'><strong>illam</strong></span> <span class='ocrx_word' id='word_1_18' title='bbox 987 250 1046 277; x_wconf 86' lang='lat' dir='ltr'><strong>feli-</strong></span> 
     </span>
    </p>
   </div>
   <div class='ocr_carea' id='block_1_4' title="bbox 255 296 1044 332">
    <p class='ocr_par' dir='ltr' id='par_1_4' title="bbox 255 296 1044 332">
     <span class='ocr_line' id='line_1_4' title="bbox 255 296 1044 332; baseline 0 -7"><span class='ocrx_word' id='word_1_19' title='bbox 255 297 362 325; x_wconf 84' lang='lat' dir='ltr'><strong>citatem</strong></span> <span class='ocrx_word' id='word_1_20' title='bbox 380 305 470 324; x_wconf 84' lang='lat' dir='ltr'><strong>veram</strong></span> <span class='ocrx_word' id='word_1_21' title='bbox 484 296 642 331; x_wconf 83' lang='lat' dir='ltr'><strong>sperabitis.</strong></span> <span class='ocrx_word' id='word_1_22' title='bbox 657 301 684 324; x_wconf 88' lang='lat' dir='ltr'><strong>et</strong></span> <span class='ocrx_word' id='word_1_23' title='bbox 707 297 781 324; x_wconf 85' lang='lat' dir='ltr'><strong>eritis</strong></span> <span class='ocrx_word' id='word_1_24' title='bbox 804 297 830 324; x_wconf 93' lang='lat' dir='ltr'><strong>in</strong></span> <span class='ocrx_word' id='word_1_25' title='bbox 850 297 909 331; x_wconf 83' lang='lat' dir='ltr'><strong>ejus</strong></span> <span class='ocrx_word' id='word_1_26' title='bbox 930 304 1044 332; x_wconf 86' lang='lat' dir='ltr'><strong>corpore</strong></span> 
     </span>
    </p>
   </div>
   <div class='ocr_carea' id='block_1_5' title="bbox 253 342 1044 383">
    <p class='ocr_par' dir='ltr' id='par_1_5' title="bbox 253 342 1044 383">
     <span class='ocr_line' id='line_1_5' title="bbox 253 342 1044 383; baseline 0 -13"><span class='ocrx_word' id='word_1_27' title='bbox 253 342 297 371; x_wconf 87' lang='lat' dir='ltr'><strong>cui</strong></span> <span class='ocrx_word' id='word_1_28' title='bbox 316 347 449 376; x_wconf 78' lang='lat' dir='ltr'><strong>cantatur,</strong></span> <span class='ocrx_word' id='word_1_29' title='bbox 463 342 537 369; x_wconf 82' lang='lat' dir='ltr'><strong>Beati</strong></span> <span class='ocrx_word' id='word_1_30' title='bbox 553 350 639 369; x_wconf 78' lang='lat' dir='ltr'><strong>omnes</strong></span> <span class='ocrx_word' id='word_1_31' title='bbox 659 343 702 377; x_wconf 90' lang='lat' dir='ltr'><strong>qui</strong></span> <span class='ocrx_word' id='word_1_32' title='bbox 724 343 810 370; x_wconf 77' lang='lat' dir='ltr'><strong>timent</strong></span> <span class='ocrx_word' id='word_1_33' title='bbox 829 342 968 370; x_wconf 85' lang='lat' dir='ltr'><strong>Dominum</strong></span> <span class='ocrx_word' id='word_1_34' title='bbox 979 364 985 376; x_wconf 91' lang='lat'><strong>,</strong></span> <span class='ocrx_word' id='word_1_35' title='bbox 1001 343 1044 383; x_wconf 82' lang='lat' dir='ltr'><strong>qui</strong></span> 
     </span>
    </p>
   </div>
   <div class='ocr_carea' id='block_1_6' title="bbox 252 388 559 423">
    <p class='ocr_par' dir='ltr' id='par_1_6' title="bbox 252 388 559 423">
     <span class='ocr_line' id='line_1_6' title="bbox 252 388 559 423; baseline -0.003 -7"><span class='ocrx_word' id='word_1_36' title='bbox 252 388 383 417; x_wconf 79' lang='lat' dir='ltr'><strong>ambulant</strong></span> <span class='ocrx_word' id='word_1_37' title='bbox 396 388 423 414; x_wconf 88' lang='lat' dir='ltr'><strong>in</strong></span> <span class='ocrx_word' id='word_1_38' title='bbox 434 388 481 415; x_wconf 73' lang='lat' dir='ltr'><strong>viis</strong></span> <span class='ocrx_word' id='word_1_39' title='bbox 494 388 559 423; x_wconf 78' lang='lat' dir='ltr'><strong>eius.</strong></span> 
     </span>
    </p>
   </div>
   <div class='ocr_carea' id='block_1_7' title="bbox 286 443 1042 487">
    <p class='ocr_par' dir='ltr' id='par_1_7' title="bbox 286 443 1042 487">
     <span class='ocr_line' id='line_1_7' title="bbox 286 443 1042 487; baseline 0.008 -17"><span class='ocrx_word' id='word_1_40' title='bbox 286 443 330 471; x_wconf 63' lang='grc'><strong>10.</strong></span> <span class='ocrx_word' id='word_1_41' title='bbox 351 444 461 471; x_wconf 69' lang='lat' dir='ltr'><strong>Labor-ea</strong></span> <span class='ocrx_word' id='word_1_42' title='bbox 474 446 601 481; x_wconf 80' lang='lat' dir='ltr'><strong>fructuum</strong></span> <span class='ocrx_word' id='word_1_43' title='bbox 615 450 716 473; x_wconf 88' lang='lat' dir='ltr'><strong>tuorum</strong></span> <span class='ocrx_word' id='word_1_44' title='bbox 731 446 903 474; x_wconf 74' lang='lat' dir='ltr'><strong>manducabis.</strong></span> <span class='ocrx_word' id='word_1_45' title='bbox 915 446 942 487; x_wconf 28' lang='grc'><strong>0.</strong></span> <span class='ocrx_word' id='word_1_46' title='bbox 951 455 1008 486; x_wconf 74' lang='lat' dir='ltr'><strong>vos,</strong></span> <span class='ocrx_word' id='word_1_47' title='bbox 1025 454 1042 476; x_wconf 87' lang='lat'><strong>0</strong></span> 
     </span>
    </p>
   </div>
   <div class='ocr_carea' id='block_1_8' title="bbox 250 490 1040 533">
    <p class='ocr_par' dir='ltr' id='par_1_8' title="bbox 250 490 1040 533">
     <span class='ocr_line' id='line_1_8' title="bbox 250 490 1040 533; baseline 0.004 -17"><span class='ocrx_word' id='word_1_48' title='bbox 250 493 289 522; x_wconf 88' lang='lat' dir='ltr'><strong>tu,</strong></span> <span class='ocrx_word' id='word_1_49' title='bbox 307 497 354 516; x_wconf 88' lang='lat' dir='ltr'><strong>vos</strong></span> <span class='ocrx_word' id='word_1_50' title='bbox 367 490 444 517; x_wconf 88' lang='lat' dir='ltr'><strong>multi</strong></span> <span class='ocrx_word' id='word_1_51' title='bbox 457 491 500 525; x_wconf 87' lang='lat' dir='ltr'><strong>qui</strong></span> <span class='ocrx_word' id='word_1_52' title='bbox 514 498 582 519; x_wconf 92' lang='lat' dir='ltr'><strong>unus</strong></span> <span class='ocrx_word' id='word_1_53' title='bbox 595 492 670 525; x_wconf 86' lang='lat' dir='ltr'><strong>estis,</strong></span> <span class='ocrx_word' id='word_1_54' title='bbox 686 491 782 519; x_wconf 83' lang='lat' dir='ltr'><strong>labores</strong></span> <span class='ocrx_word' id='word_1_55' title='bbox 795 492 923 527; x_wconf 64' lang='lat' dir='ltr'><strong>fructuum</strong></span> <span class='ocrx_word' id='word_1_56' title='bbox 939 498 1040 533; x_wconf 74' lang='lat' dir='ltr'><strong>tuorum</strong></span> 
     </span>
    </p>
   </div>
   <div class='ocr_carea' id='block_1_9' title="bbox 249 535 1041 578">
    <p class='ocr_par' dir='ltr' id='par_1_9' title="bbox 249 535 1041 578">
     <span class='ocr_line' id='line_1_9' title="bbox 249 535 1041 578; baseline 0.006 -17"><span class='ocrx_word' id='word_1_57' title='bbox 249 535 422 562; x_wconf 83' lang='lat' dir='ltr'><strong>manducabis.</strong></span> <span class='ocrx_word' id='word_1_58' title='bbox 440 536 521 569; x_wconf 82' lang='lat' dir='ltr'><strong>Quasi</strong></span> <span class='ocrx_word' id='word_1_59' title='bbox 535 544 661 572; x_wconf 86' lang='lat' dir='ltr'><strong>perverse</strong></span> <span class='ocrx_word' id='word_1_60' title='bbox 675 538 779 565; x_wconf 89' lang='lat' dir='ltr'><strong>videtur</strong></span> <span class='ocrx_word' id='word_1_61' title='bbox 791 538 881 566; x_wconf 85' lang='lat' dir='ltr'><strong>dicere</strong></span> <span class='ocrx_word' id='word_1_62' title='bbox 897 547 949 566; x_wconf 89' lang='lat' dir='ltr'><strong>non</strong></span> <span class='ocrx_word' id='word_1_63' title='bbox 963 539 1041 578; x_wconf 81' lang='lat' dir='ltr'><strong>intel-</strong></span> 
     </span>
    </p>
   </div>
   <div class='ocr_carea' id='block_1_10' title="bbox 250 581 1039 617">
    <p class='ocr_par' dir='ltr' id='par_1_10' title="bbox 250 581 1039 617">
     <span class='ocr_line' id='line_1_10' title="bbox 250 581 1039 617; baseline 0.009 -10"><span class='ocrx_word' id='word_1_64' title='bbox 250 581 393 616; x_wconf 84' lang='lat' dir='ltr'><strong>ligentibus</strong></span> <span class='ocrx_word' id='word_1_65' title='bbox 408 592 415 609; x_wconf 87' lang='lat'><strong>:</strong></span> <span class='ocrx_word' id='word_1_66' title='bbox 433 583 524 610; x_wconf 78' lang='lat' dir='ltr'><strong>debuit</strong></span> <span class='ocrx_word' id='word_1_67' title='bbox 546 584 615 611; x_wconf 89' lang='lat' dir='ltr'><strong>enim</strong></span> <span class='ocrx_word' id='word_1_68' title='bbox 638 584 743 617; x_wconf 82' lang='lat' dir='ltr'><strong>dicere,</strong></span> <span class='ocrx_word' id='word_1_69' title='bbox 766 585 890 612; x_wconf 74' lang='lat' dir='ltr'><strong>Fl‘lll&#39;llllll</strong></span> <span class='ocrx_word' id='word_1_70' title='bbox 917 586 1039 614; x_wconf 87' lang='lat' dir='ltr'><strong>laborum</strong></span> 
     </span>
    </p>
   </div>
   <div class='ocr_carea' id='block_1_11' title="bbox 249 630 1037 660">
    <p class='ocr_par' dir='ltr' id='par_1_11' title="bbox 249 630 1037 660">
     <span class='ocr_line' id='line_1_11' title="bbox 249 630 1037 660; baseline 0.006 -5"><span class='ocrx_word' id='word_1_71' title='bbox 249 633 354 656; x_wconf 84' lang='lat' dir='ltr'><strong>tuorum</strong></span> <span class='ocrx_word' id='word_1_72' title='bbox 371 630 553 658; x_wconf 83' lang='lat' dir='ltr'><strong>manducabis.</strong></span> <span class='ocrx_word' id='word_1_73' title='bbox 575 631 648 658; x_wconf 84' lang='lat' dir='ltr'><strong>Multi</strong></span> <span class='ocrx_word' id='word_1_74' title='bbox 663 632 733 658; x_wconf 87' lang='lat' dir='ltr'><strong>enim</strong></span> <span class='ocrx_word' id='word_1_75' title='bbox 748 633 907 659; x_wconf 76' lang='lat' dir='ltr'><strong>manducaui</strong></span> <span class='ocrx_word' id='word_1_76' title='bbox 923 632 1037 660; x_wconf 83' lang='lat' dir='ltr'><strong>fructum</strong></span> 
     </span>
    </p>
   </div>
   <div class='ocr_carea' id='block_1_12' title="bbox 248 674 1037 714">
    <p class='ocr_par' dir='ltr' id='par_1_12' title="bbox 248 674 1037 714">
     <span class='ocr_line' id='line_1_12' title="bbox 248 674 1037 714; baseline 0.008 -14"><span class='ocrx_word' id='word_1_77' title='bbox 248 674 368 701; x_wconf 86' lang='lat' dir='ltr'><strong>laborum</strong></span> <span class='ocrx_word' id='word_1_78' title='bbox 382 683 502 703; x_wconf 88' lang='lat' dir='ltr'><strong>suorum.</strong></span> <span class='ocrx_word' id='word_1_79' title='bbox 517 676 651 704; x_wconf 86' lang='lat' dir='ltr'><strong>Laborant</strong></span> <span class='ocrx_word' id='word_1_80' title='bbox 665 677 689 704; x_wconf 90' lang='lat' dir='ltr'><strong>in</strong></span> <span class='ocrx_word' id='word_1_81' title='bbox 705 678 779 705; x_wconf 80' lang='lat' dir='ltr'><strong>vinea</strong></span> <span class='ocrx_word' id='word_1_82' title='bbox 791 700 797 710; x_wconf 87' lang='lat'><strong>,</strong></span> <span class='ocrx_word' id='word_1_83' title='bbox 814 679 898 714; x_wconf 85' lang='lat' dir='ltr'><strong>ipsum</strong></span> <span class='ocrx_word' id='word_1_84' title='bbox 919 679 1037 706; x_wconf 85' lang='lat' dir='ltr'><strong>laborem</strong></span> 
     </span>
    </p>
   </div>
   <div class='ocr_carea' id='block_1_13' title="bbox 246 720 1037 759">
    <p class='ocr_par' dir='ltr' id='par_1_13' title="bbox 246 720 1037 759">
     <span class='ocr_line' id='line_1_13' title="bbox 246 720 1037 759; baseline 0.008 -13"><span class='ocrx_word' id='word_1_85' title='bbox 246 727 300 747; x_wconf 91' lang='lat' dir='ltr'><strong>non</strong></span> <span class='ocrx_word' id='word_1_86' title='bbox 315 720 490 755; x_wconf 85' lang='lat' dir='ltr'><strong>manducant;</strong></span> <span class='ocrx_word' id='word_1_87' title='bbox 504 722 552 750; x_wconf 84' lang='lat' dir='ltr'><strong>sed</strong></span> <span class='ocrx_word' id='word_1_88' title='bbox 566 723 636 757; x_wconf 89' lang='lat' dir='ltr'><strong>quod</strong></span> <span class='ocrx_word' id='word_1_89' title='bbox 655 723 688 751; x_wconf 88' lang='lat' dir='ltr'><strong>de</strong></span> <span class='ocrx_word' id='word_1_90' title='bbox 710 724 800 751; x_wconf 84' lang='lat' dir='ltr'><strong>labore</strong></span> <span class='ocrx_word' id='word_1_91' title='bbox 816 725 932 759; x_wconf 73' lang='lat' dir='ltr'><strong>ipsorum</strong></span> <span class='ocrx_word' id='word_1_92' title='bbox 949 725 1037 752; x_wconf 89' lang='lat' dir='ltr'><strong>nasci-</strong></span> 
     </span>
    </p>
   </div>
   <div class='ocr_carea' id='block_1_14' title="bbox 246 767 1035 804">
    <p class='ocr_par' dir='ltr' id='par_1_14' title="bbox 246 767 1035 804">
     <span class='ocr_line' id='line_1_14' title="bbox 246 767 1035 804; baseline 0.006 -12"><span class='ocrx_word' id='word_1_93' title='bbox 246 770 304 800; x_wconf 85' lang='lat' dir='ltr'><strong>tur,</strong></span> <span class='ocrx_word' id='word_1_94' title='bbox 323 767 493 794; x_wconf 86' lang='lat' dir='ltr'><strong>manducant.</strong></span> <span class='ocrx_word' id='word_1_95' title='bbox 520 768 653 796; x_wconf 89' lang='lat' dir='ltr'><strong>Laborant</strong></span> <span class='ocrx_word' id='word_1_96' title='bbox 667 769 737 796; x_wconf 87' lang='lat' dir='ltr'><strong>circa</strong></span> <span class='ocrx_word' id='word_1_97' title='bbox 751 770 861 797; x_wconf 79' lang='lat' dir='ltr'><strong>arbores</strong></span> <span class='ocrx_word' id='word_1_98' title='bbox 875 770 1035 804; x_wconf 75' lang='lat' dir='ltr'><strong>pomiferas;</strong></span> 
     </span>
    </p>
   </div>
   <div class='ocr_carea' id='block_1_15' title="bbox 245 811 1036 849">
    <p class='ocr_par' dir='ltr' id='par_1_15' title="bbox 245 811 1036 849">
     <span class='ocr_line' id='line_1_15' title="bbox 245 811 1036 849; baseline 0.009 -12"><span class='ocrx_word' id='word_1_99' title='bbox 245 811 305 846; x_wconf 87' lang='lat' dir='ltr'><strong>quis</strong></span> <span class='ocrx_word' id='word_1_100' title='bbox 321 812 462 841; x_wconf 80' lang='lat' dir='ltr'><strong>manducet</strong></span> <span class='ocrx_word' id='word_1_101' title='bbox 477 813 600 841; x_wconf 78' lang='lat' dir='ltr'><strong>labores?</strong></span> <span class='ocrx_word' id='word_1_102' title='bbox 614 814 666 841; x_wconf 85' lang='lat' dir='ltr'><strong>Sed</strong></span> <span class='ocrx_word' id='word_1_103' title='bbox 683 815 754 849; x_wconf 91' lang='lat' dir='ltr'><strong>quod</strong></span> <span class='ocrx_word' id='word_1_104' title='bbox 776 815 828 842; x_wconf 75' lang='lat' dir='ltr'><strong>illa:</strong></span> <span class='ocrx_word' id='word_1_105' title='bbox 843 816 952 843; x_wconf 75' lang='lat' dir='ltr'><strong>arbores</strong></span> <span class='ocrx_word' id='word_1_106' title='bbox 965 821 1036 844; x_wconf 89' lang='lat' dir='ltr'><strong>attu-</strong></span> 
     </span>
    </p>
   </div>
   <div class='ocr_carea' id='block_1_16' title="bbox 244 856 1035 896">
    <p class='ocr_par' dir='ltr' id='par_1_16' title="bbox 244 856 1035 896">
     <span class='ocr_line' id='line_1_16' title="bbox 244 856 1035 896; baseline 0.009 -13"><span class='ocrx_word' id='word_1_107' title='bbox 244 856 334 889; x_wconf 89' lang='lat' dir='ltr'><strong>lerint,</strong></span> <span class='ocrx_word' id='word_1_108' title='bbox 351 857 452 886; x_wconf 90' lang='lat' dir='ltr'><strong>fructus</strong></span> <span class='ocrx_word' id='word_1_109' title='bbox 466 858 575 893; x_wconf 86' lang='lat' dir='ltr'><strong>laboris,</strong></span> <span class='ocrx_word' id='word_1_110' title='bbox 591 860 648 895; x_wconf 91' lang='lat' dir='ltr'><strong>ipse</strong></span> <span class='ocrx_word' id='word_1_111' title='bbox 659 860 788 895; x_wconf 88' lang='lat' dir='ltr'><strong>jucundat</strong></span> <span class='ocrx_word' id='word_1_112' title='bbox 802 862 955 896; x_wconf 79' lang='lat' dir='ltr'><strong>agricolam.</strong></span> <span class='ocrx_word' id='word_1_113' title='bbox 968 862 1035 896; x_wconf 81' lang='lat' dir='ltr'><strong>Quid</strong></span> 
     </span>
    </p>
   </div>
   <div class='ocr_carea' id='block_1_17' title="bbox 243 904 1036 943">
    <p class='ocr_par' dir='ltr' id='par_1_17' title="bbox 243 904 1036 943">
     <span class='ocr_line' id='line_1_17' title="bbox 243 904 1036 943; baseline 0.01 -12"><span class='ocrx_word' id='word_1_114' title='bbox 243 904 293 932; x_wconf 85' lang='lat' dir='ltr'><strong>sibi</strong></span> <span class='ocrx_word' id='word_1_115' title='bbox 307 906 374 938; x_wconf 86' lang='lat' dir='ltr'><strong>vultl</strong></span> <span class='ocrx_word' id='word_1_116' title='bbox 387 906 498 934; x_wconf 83' lang='lat' dir='ltr'><strong>Labores</strong></span> <span class='ocrx_word' id='word_1_117' title='bbox 512 909 639 943; x_wconf 85' lang='lat' dir='ltr'><strong>fructuum</strong></span> <span class='ocrx_word' id='word_1_118' title='bbox 651 914 750 937; x_wconf 87' lang='lat' dir='ltr'><strong>tuorum</strong></span> <span class='ocrx_word' id='word_1_119' title='bbox 761 911 945 938; x_wconf 80' lang='lat' dir='ltr'><strong>mattdttcabis?</strong></span> <span class='ocrx_word' id='word_1_120' title='bbox 959 912 1036 939; x_wconf 68' lang='lat' dir='ltr'><strong>Modo</strong></span> 
     </span>
    </p>
   </div>
   <div class='ocr_carea' id='block_1_18' title="bbox 241 951 1036 992">
    <p class='ocr_par' dir='ltr' id='par_1_18' title="bbox 241 951 1036 992">
     <span class='ocr_line' id='line_1_18' title="bbox 241 951 1036 992; baseline 0.009 -15"><span class='ocrx_word' id='word_1_121' title='bbox 241 951 349 979; x_wconf 89' lang='lat' dir='ltr'><strong>labores</strong></span> <span class='ocrx_word' id='word_1_122' title='bbox 365 952 510 986; x_wconf 83' lang='lat' dir='ltr'><strong>habemus,</strong></span> <span class='ocrx_word' id='word_1_123' title='bbox 532 953 633 981; x_wconf 87' lang='lat' dir='ltr'><strong>fructus</strong></span> <span class='ocrx_word' id='word_1_124' title='bbox 656 960 748 990; x_wconf 90' lang='lat' dir='ltr'><strong>postca</strong></span> <span class='ocrx_word' id='word_1_125' title='bbox 772 956 832 983; x_wconf 87' lang='lat' dir='ltr'><strong>erit.</strong></span> <span class='ocrx_word' id='word_1_126' title='bbox 859 956 910 984; x_wconf 91' lang='lat' dir='ltr'><strong>Sed</strong></span> <span class='ocrx_word' id='word_1_127' title='bbox 929 958 989 992; x_wconf 82' lang='lat' dir='ltr'><strong>quia</strong></span> <span class='ocrx_word' id='word_1_128' title='bbox 1009 962 1036 985; x_wconf 88' lang='lat' dir='ltr'><strong>et</strong></span> 
     </span>
    </p>
   </div>
   <div class='ocr_carea' id='block_1_19' title="bbox 243 996 1035 1038">
    <p class='ocr_par' dir='ltr' id='par_1_19' title="bbox 243 996 1035 1038">
     <span class='ocr_line' id='line_1_19' title="bbox 243 996 1035 1038; baseline 0.01 -15"><span class='ocrx_word' id='word_1_129' title='bbox 243 996 293 1031; x_wconf 86' lang='lat' dir='ltr'><strong>ipsi</strong></span> <span class='ocrx_word' id='word_1_130' title='bbox 309 997 414 1026; x_wconf 84' lang='lat' dir='ltr'><strong>labores</strong></span> <span class='ocrx_word' id='word_1_131' title='bbox 427 1003 557 1027; x_wconf 78' lang='lat' dir='ltr'><strong>non‘sunt</strong></span> <span class='ocrx_word' id='word_1_132' title='bbox 572 1001 630 1028; x_wconf 89' lang='lat' dir='ltr'><strong>sine</strong></span> <span class='ocrx_word' id='word_1_133' title='bbox 642 1001 755 1037; x_wconf 81' lang='lat' dir='ltr'><strong>gaudio,</strong></span> <span class='ocrx_word' id='word_1_134' title='bbox 773 1007 881 1037; x_wconf 83' lang='lat' dir='ltr'><strong>propter</strong></span> <span class='ocrx_word' id='word_1_135' title='bbox 893 1011 986 1038; x_wconf 89' lang='lat' dir='ltr'><strong>spem,</strong></span> <span class='ocrx_word' id='word_1_136' title='bbox 1002 1004 1035 1031; x_wconf 86' lang='lat' dir='ltr'><strong>de</strong></span> 
     </span>
    </p>
   </div>
   <div class='ocr_carea' id='block_1_20' title="bbox 243 1042 1035 1084">
    <p class='ocr_par' dir='ltr' id='par_1_20' title="bbox 243 1042 1035 1084">
     <span class='ocr_line' id='line_1_20' title="bbox 243 1042 1035 1084; baseline 0.01 -14"><span class='ocrx_word' id='word_1_137' title='bbox 243 1042 294 1078; x_wconf 66' lang='lat' dir='ltr'><strong>(tua</strong></span> <span class='ocrx_word' id='word_1_138' title='bbox 310 1045 388 1079; x_wconf 85' lang='lat' dir='ltr'><strong>paulo</strong></span> <span class='ocrx_word' id='word_1_139' title='bbox 402 1050 464 1073; x_wconf 84' lang='lat' dir='ltr'><strong>ante</strong></span> <span class='ocrx_word' id='word_1_140' title='bbox 475 1046 601 1080; x_wconf 82' lang='lat' dir='ltr'><strong>diximus,</strong></span> <span class='ocrx_word' id='word_1_141' title='bbox 615 1047 669 1083; x_wconf 90' lang='lat' dir='ltr'><strong>Spe</strong></span> <span class='ocrx_word' id='word_1_142' title='bbox 676 1049 826 1084; x_wconf 71' lang='lat' dir='ltr'><strong>gaudentes,</strong></span> <span class='ocrx_word' id='word_1_143' title='bbox 836 1050 861 1077; x_wconf 89' lang='lat' dir='ltr'><strong>in</strong></span> <span class='ocrx_word' id='word_1_144' title='bbox 874 1050 1035 1078; x_wconf 75' lang='lat' dir='ltr'><strong>tribulatione</strong></span> 
     </span>
    </p>
   </div>
   <div class='ocr_carea' id='block_1_21' title="bbox 237 1091 1035 1131">
    <p class='ocr_par' dir='ltr' id='par_1_21' title="bbox 237 1091 1035 1131">
     <span class='ocr_line' id='line_1_21' title="bbox 237 1091 1035 1131; baseline 0.01 -15"><span class='ocrx_word' id='word_1_145' title='bbox 237 1091 384 1125; x_wconf 79' lang='lat' dir='ltr'><strong>.patieates;</strong></span> <span class='ocrx_word' id='word_1_146' title='bbox 398 1092 476 1119; x_wconf 89' lang='lat' dir='ltr'><strong>modo</strong></span> <span class='ocrx_word' id='word_1_147' title='bbox 492 1101 540 1120; x_wconf 87' lang='lat' dir='ltr'><strong>nos</strong></span> <span class='ocrx_word' id='word_1_148' title='bbox 556 1094 604 1128; x_wconf 81' lang='lat' dir='ltr'><strong>ipsi</strong></span> <span class='ocrx_word' id='word_1_149' title='bbox 619 1094 725 1122; x_wconf 89' lang='lat' dir='ltr'><strong>labores</strong></span> <span class='ocrx_word' id='word_1_150' title='bbox 740 1097 822 1122; x_wconf 86' lang='lat' dir='ltr'><strong>nostri</strong></span> <span class='ocrx_word' id='word_1_151' title='bbox 835 1095 992 1131; x_wconf 80' lang='lat' dir='ltr'><strong>jucundam,</strong></span> <span class='ocrx_word' id='word_1_152' title='bbox 1007 1102 1035 1124; x_wconf 84' lang='lat' dir='ltr'><strong>et</strong></span> 
     </span>
    </p>
   </div>
   <div class='ocr_carea' id='block_1_22' title="bbox 241 1135 1034 1177">
    <p class='ocr_par' dir='ltr' id='par_1_22' title="bbox 241 1135 1034 1177">
     <span class='ocr_line' id='line_1_22' title="bbox 241 1135 1034 1177; baseline 0.011 -15"><span class='ocrx_word' id='word_1_153' title='bbox 241 1135 317 1163; x_wconf 68' lang='lat' dir='ltr'><strong>laetos</strong></span> <span class='ocrx_word' id='word_1_154' title='bbox 335 1144 383 1164; x_wconf 90' lang='lat' dir='ltr'><strong>nos</strong></span> <span class='ocrx_word' id='word_1_155' title='bbox 401 1137 502 1166; x_wconf 88' lang='lat' dir='ltr'><strong>faciunt</strong></span> <span class='ocrx_word' id='word_1_156' title='bbox 515 1139 548 1166; x_wconf 90' lang='lat' dir='ltr'><strong>de</strong></span> <span class='ocrx_word' id='word_1_157' title='bbox 562 1148 620 1174; x_wconf 78' lang='lat' dir='ltr'><strong>spe.</strong></span> <span class='ocrx_word' id='word_1_158' title='bbox 636 1140 663 1167; x_wconf 88' lang='lat' dir='ltr'><strong>Si</strong></span> <span class='ocrx_word' id='word_1_159' title='bbox 677 1148 740 1177; x_wconf 81' lang='lat' dir='ltr'><strong>ergo</strong></span> <span class='ocrx_word' id='word_1_160' title='bbox 754 1141 830 1169; x_wconf 86' lang='lat' dir='ltr'><strong>labor</strong></span> <span class='ocrx_word' id='word_1_161' title='bbox 843 1147 936 1170; x_wconf 88' lang='lat' dir='ltr'><strong>noster</strong></span> <span class='ocrx_word' id='word_1_162' title='bbox 949 1143 1034 1177; x_wconf 84' lang='lat' dir='ltr'><strong>potuit</strong></span> 
     </span>
    </p>
   </div>
   <div class='ocr_carea' id='block_1_23' title="bbox 241 1182 1033 1220">
    <p class='ocr_par' dir='ltr' id='par_1_23' title="bbox 241 1182 1033 1220">
     <span class='ocr_line' id='line_1_23' title="bbox 241 1182 1033 1220; baseline 0.009 -11"><span class='ocrx_word' id='word_1_163' title='bbox 241 1182 404 1217; x_wconf 87' lang='lat' dir='ltr'><strong>manducari,</strong></span> <span class='ocrx_word' id='word_1_164' title='bbox 419 1188 447 1212; x_wconf 88' lang='lat' dir='ltr'><strong>et</strong></span> <span class='ocrx_word' id='word_1_165' title='bbox 462 1187 546 1219; x_wconf 88' lang='lat' dir='ltr'><strong>potuit</strong></span> <span class='ocrx_word' id='word_1_166' title='bbox 559 1186 722 1220; x_wconf 87' lang='lat' dir='ltr'><strong>jucundare;</strong></span> <span class='ocrx_word' id='word_1_167' title='bbox 737 1187 912 1215; x_wconf 87' lang='lat' dir='ltr'><strong>manducatus</strong></span> <span class='ocrx_word' id='word_1_168' title='bbox 932 1189 1033 1217; x_wconf 82' lang='lat' dir='ltr'><strong>fructus</strong></span> 
     </span>
    </p>
   </div>
   <div class='ocr_carea' id='block_1_24' title="bbox 241 1228 1030 1268">
    <p class='ocr_par' dir='ltr' id='par_1_24' title="bbox 241 1228 1030 1268">
     <span class='ocr_line' id='line_1_24' title="bbox 241 1228 1030 1268; baseline 0.01 -13"><span class='ocrx_word' id='word_1_169' title='bbox 241 1228 323 1264; x_wconf 84' lang='lat' dir='ltr'><strong>ipsius</strong></span> <span class='ocrx_word' id='word_1_170' title='bbox 336 1229 434 1257; x_wconf 89' lang='lat' dir='ltr'><strong>laboris</strong></span> <span class='ocrx_word' id='word_1_171' title='bbox 448 1232 533 1266; x_wconf 87' lang='lat' dir='ltr'><strong>qualis</strong></span> <span class='ocrx_word' id='word_1_172' title='bbox 549 1232 616 1258; x_wconf 78' lang='lat' dir='ltr'><strong>erit?</strong></span> <span class='ocrx_word' id='word_1_173' title='bbox 629 1232 823 1260; x_wconf 82' lang='lat' dir='ltr'><strong>Mandncabant</strong></span> <span class='ocrx_word' id='word_1_174' title='bbox 837 1234 943 1262; x_wconf 87' lang='lat' dir='ltr'><strong>labores</strong></span> <span class='ocrx_word' id='word_1_175' title='bbox 958 1242 1030 1268; x_wconf 89' lang='lat' dir='ltr'><strong>suos,</strong></span> 
     </span>
    </p>
   </div>
   <div class='ocr_carea' id='block_1_25' title="bbox 240 1275 1033 1315">
    <p class='ocr_par' dir='ltr' id='par_1_25' title="bbox 240 1275 1033 1315">
     <span class='ocr_line' id='line_1_25' title="bbox 240 1275 1033 1315; baseline 0.009 -14"><span class='ocrx_word' id='word_1_176' title='bbox 240 1275 283 1309; x_wconf 89' lang='lat' dir='ltr'><strong>qui</strong></span> <span class='ocrx_word' id='word_1_177' title='bbox 298 1280 383 1303; x_wconf 82' lang='lat' dir='ltr'><strong>euntes</strong></span> <span class='ocrx_word' id='word_1_178' title='bbox 393 1276 462 1303; x_wconf 81' lang='lat' dir='ltr'><strong>ibant</strong></span> <span class='ocrx_word' id='word_1_179' title='bbox 473 1281 495 1303; x_wconf 90' lang='lat' dir='ltr'><strong>et</strong></span> <span class='ocrx_word' id='word_1_180' title='bbox 504 1277 608 1312; x_wconf 83' lang='lat' dir='ltr'><strong>ﬂebant,</strong></span> <span class='ocrx_word' id='word_1_181' title='bbox 618 1279 744 1305; x_wconf 71' lang='lat' dir='ltr'><strong>mittentes</strong></span> <span class='ocrx_word' id='word_1_182' title='bbox 755 1280 851 1307; x_wconf 76' lang='lat' dir='ltr'><strong>sentina</strong></span> <span class='ocrx_word' id='word_1_183' title='bbox 862 1286 1033 1315; x_wconf 85' lang='lat' dir='ltr'><strong>sua:quanto</strong></span> 
     </span>
    </p>
   </div>
   <div class='ocr_carea' id='block_1_26' title="bbox 238 1319 1033 1361">
    <p class='ocr_par' dir='ltr' id='par_1_26' title="bbox 238 1319 1033 1361">
     <span class='ocr_line' id='line_1_26' title="bbox 238 1319 1033 1361; baseline 0.009 -14"><span class='ocrx_word' id='word_1_184' title='bbox 238 1319 380 1355; x_wconf 87' lang='lat' dir='ltr'><strong>jucundius</strong></span> <span class='ocrx_word' id='word_1_185' title='bbox 391 1322 587 1350; x_wconf 85' lang='lat' dir='ltr'><strong>manducabunt</strong></span> <span class='ocrx_word' id='word_1_186' title='bbox 598 1323 699 1351; x_wconf 87' lang='lat' dir='ltr'><strong>fructus</strong></span> <span class='ocrx_word' id='word_1_187' title='bbox 708 1324 841 1358; x_wconf 78' lang='lat' dir='ltr'><strong>laborum,</strong></span> <span class='ocrx_word' id='word_1_188' title='bbox 852 1326 896 1361; x_wconf 90' lang='lat' dir='ltr'><strong>qui</strong></span> <span class='ocrx_word' id='word_1_189' title='bbox 910 1327 1033 1354; x_wconf 73' lang='lat' dir='ltr'><strong>venientes</strong></span> 
     </span>
    </p>
   </div>
   <div class='ocr_carea' id='block_1_27' title="bbox 239 1366 1032 1406">
    <p class='ocr_par' dir='ltr' id='par_1_27' title="bbox 239 1366 1032 1406">
     <span class='ocr_line' id='line_1_27' title="bbox 239 1366 1032 1406; baseline 0.009 -14"><span class='ocrx_word' id='word_1_190' title='bbox 239 1366 336 1393; x_wconf 78' lang='lat' dir='ltr'><strong>venient</strong></span> <span class='ocrx_word' id='word_1_191' title='bbox 359 1375 415 1394; x_wconf 86' lang='lat' dir='ltr'><strong>cum</strong></span> <span class='ocrx_word' id='word_1_192' title='bbox 442 1368 625 1402; x_wconf 68' lang='lat' dir='ltr'><strong>exsultatione,</strong></span> <span class='ocrx_word' id='word_1_193' title='bbox 649 1374 777 1405; x_wconf 71' lang='lat' dir='ltr'><strong>portantes</strong></span> <span class='ocrx_word' id='word_1_194' title='bbox 803 1371 947 1406; x_wconf 83' lang='lat' dir='ltr'><strong>manipulos</strong></span> <span class='ocrx_word' id='word_1_195' title='bbox 973 1380 1032 1399; x_wconf 83' lang='lat' dir='ltr'><strong>suos</strong></span> 
     </span>
    </p>
   </div>
   <div class='ocr_carea' id='block_1_28' title="bbox 240 1410 1030 1453">
    <p class='ocr_par' dir='ltr' id='par_1_28' title="bbox 240 1410 1030 1453">
     <span class='ocr_line' id='line_1_28' title="bbox 240 1410 1030 1453; baseline 0.01 -15"><span class='ocrx_word' id='word_1_196' title='bbox 240 1410 324 1443; x_wconf 82' lang='lat' dir='ltr'><strong>(Psal.</strong></span> <span class='ocrx_word' id='word_1_197' title='bbox 341 1420 423 1446; x_wconf 83' lang='lat' dir='ltr'><strong>cxxv,</strong></span> <span class='ocrx_word' id='word_1_198' title='bbox 436 1413 487 1449; x_wconf 84' lang='lat'><strong>6)?</strong></span> <span class='ocrx_word' id='word_1_199' title='bbox 502 1414 536 1441; x_wconf 87' lang='lat' dir='ltr'><strong>Et</strong></span> <span class='ocrx_word' id='word_1_200' title='bbox 550 1418 578 1441; x_wconf 86' lang='lat' dir='ltr'><strong>ut</strong></span> <span class='ocrx_word' id='word_1_201' title='bbox 592 1415 737 1450; x_wconf 85' lang='lat' dir='ltr'><strong>noveritis,</strong></span> <span class='ocrx_word' id='word_1_202' title='bbox 753 1416 860 1451; x_wconf 83' lang='lat' dir='ltr'><strong>fratres,</strong></span> <span class='ocrx_word' id='word_1_203' title='bbox 877 1417 936 1453; x_wconf 86' lang='lat' dir='ltr'><strong>quia</strong></span> <span class='ocrx_word' id='word_1_204' title='bbox 953 1426 1030 1446; x_wconf 90' lang='lat' dir='ltr'><strong>man-</strong></span> 
     </span>
    </p>
   </div>
   <div class='ocr_carea' id='block_1_29' title="bbox 237 1457 1030 1497">
    <p class='ocr_par' dir='ltr' id='par_1_29' title="bbox 237 1457 1030 1497">
     <span class='ocr_line' id='line_1_29' title="bbox 237 1457 1030 1497; baseline 0.009 -13"><span class='ocrx_word' id='word_1_205' title='bbox 237 1457 350 1486; x_wconf 90' lang='lat' dir='ltr'><strong>ducatur</strong></span> <span class='ocrx_word' id='word_1_206' title='bbox 371 1459 447 1486; x_wconf 87' lang='lat' dir='ltr'><strong>labor</strong></span> <span class='ocrx_word' id='word_1_207' title='bbox 466 1460 534 1494; x_wconf 90' lang='lat' dir='ltr'><strong>istc,</strong></span> <span class='ocrx_word' id='word_1_208' title='bbox 551 1460 577 1488; x_wconf 92' lang='lat' dir='ltr'><strong>in</strong></span> <span class='ocrx_word' id='word_1_209' title='bbox 593 1461 732 1496; x_wconf 87' lang='lat' dir='ltr'><strong>superiore</strong></span> <span class='ocrx_word' id='word_1_210' title='bbox 749 1463 852 1497; x_wconf 82' lang='lat' dir='ltr'><strong>psalmo</strong></span> <span class='ocrx_word' id='word_1_211' title='bbox 865 1463 976 1491; x_wconf 82' lang='lat' dir='ltr'><strong>audistis</strong></span> <span class='ocrx_word' id='word_1_212' title='bbox 989 1464 1030 1491; x_wconf 91' lang='lat' dir='ltr'><strong>di-</strong></span> 
     </span>
    </p>
   </div>
   <div class='ocr_carea' id='block_1_30' title="bbox 238 1506 1030 1546">
    <p class='ocr_par' dir='ltr' id='par_1_30' title="bbox 238 1506 1030 1546">
     <span class='ocr_line' id='line_1_30' title="bbox 238 1506 1030 1546; baseline 0.009 -15"><span class='ocrx_word' id='word_1_213' title='bbox 238 1509 309 1531; x_wconf 86' lang='lat' dir='ltr'><strong>ctum</strong></span> <span class='ocrx_word' id='word_1_214' title='bbox 324 1506 462 1540; x_wconf 86' lang='lat' dir='ltr'><strong>superbis,</strong></span> <span class='ocrx_word' id='word_1_215' title='bbox 476 1507 520 1542; x_wconf 90' lang='lat' dir='ltr'><strong>qui</strong></span> <span class='ocrx_word' id='word_1_216' title='bbox 534 1512 596 1535; x_wconf 86' lang='lat' dir='ltr'><strong>ante</strong></span> <span class='ocrx_word' id='word_1_217' title='bbox 611 1508 698 1536; x_wconf 89' lang='lat' dir='ltr'><strong>lucem</strong></span> <span class='ocrx_word' id='word_1_218' title='bbox 711 1509 836 1536; x_wconf 83' lang='lat' dir='ltr'><strong>volebant</strong></span> <span class='ocrx_word' id='word_1_219' title='bbox 854 1518 963 1546; x_wconf 81' lang='lat' dir='ltr'><strong>surgere</strong></span> <span class='ocrx_word' id='word_1_220' title='bbox 974 1532 982 1544; x_wconf 96' lang='lat'><strong>,</strong></span> <span class='ocrx_word' id='word_1_221' title='bbox 1004 1511 1030 1539; x_wconf 92' lang='lat' dir='ltr'><strong>id</strong></span> 
     </span>
    </p>
   </div>
   <div class='ocr_carea' id='block_1_31' title="bbox 238 1551 1030 1592">
    <p class='ocr_par' dir='ltr' id='par_1_31' title="bbox 238 1551 1030 1592">
     <span class='ocr_line' id='line_1_31' title="bbox 238 1551 1030 1592; baseline 0.009 -15"><span class='ocrx_word' id='word_1_222' title='bbox 238 1554 280 1577; x_wconf 87' lang='lat' dir='ltr'><strong>est</strong></span> <span class='ocrx_word' id='word_1_223' title='bbox 291 1555 353 1578; x_wconf 84' lang='lat' dir='ltr'><strong>ante</strong></span> <span class='ocrx_word' id='word_1_224' title='bbox 366 1551 572 1587; x_wconf 89' lang='lat' dir='ltr'><strong>Christum,non</strong></span> <span class='ocrx_word' id='word_1_225' title='bbox 586 1561 634 1588; x_wconf 91' lang='lat' dir='ltr'><strong>per</strong></span> <span class='ocrx_word' id='word_1_226' title='bbox 650 1554 839 1589; x_wconf 82' lang='lat' dir='ltr'><strong>humilitatem,</strong></span> <span class='ocrx_word' id='word_1_227' title='bbox 849 1564 899 1592; x_wconf 83' lang='lat' dir='ltr'><strong>qua</strong></span> <span class='ocrx_word' id='word_1_228' title='bbox 913 1557 1030 1584; x_wconf 80' lang='lat' dir='ltr'><strong>surrexit</strong></span> 
     </span>
    </p>
   </div>
   <div class='ocr_carea' id='block_1_32' title="bbox 236 1595 1030 1637">
    <p class='ocr_par' dir='ltr' id='par_1_32' title="bbox 236 1595 1030 1637">
     <span class='ocr_line' id='line_1_32' title="bbox 236 1595 1030 1637; baseline 0.01 -14"><span class='ocrx_word' id='word_1_229' title='bbox 236 1595 374 1630; x_wconf 90' lang='lat' dir='ltr'><strong>Christus;</strong></span> <span class='ocrx_word' id='word_1_230' title='bbox 390 1597 490 1625; x_wconf 90' lang='lat' dir='ltr'><strong>dictum</strong></span> <span class='ocrx_word' id='word_1_231' title='bbox 505 1604 545 1626; x_wconf 80' lang='lat' dir='ltr'><strong>est</strong></span> <span class='ocrx_word' id='word_1_232' title='bbox 560 1600 622 1634; x_wconf 89' lang='lat' dir='ltr'><strong>illis,</strong></span> <span class='ocrx_word' id='word_1_233' title='bbox 635 1600 740 1636; x_wconf 84' lang='lat' dir='ltr'><strong>Surgite</strong></span> <span class='ocrx_word' id='word_1_234' title='bbox 754 1607 917 1637; x_wconf 83' lang='lat' dir='ltr'><strong>posteaquam</strong></span> <span class='ocrx_word' id='word_1_235' title='bbox 930 1604 1030 1631; x_wconf 83' lang='lat' dir='ltr'><strong>sedistis</strong></span> 
     </span>
    </p>
   </div>
   <div class='ocr_carea' id='block_1_33' title="bbox 236 1642 1028 1685">
    <p class='ocr_par' dir='ltr' id='par_1_33' title="bbox 236 1642 1028 1685">
     <span class='ocr_line' id='line_1_33' title="bbox 236 1642 1028 1685; baseline 0.009 -15"><span class='ocrx_word' id='word_1_236' title='bbox 236 1642 321 1678; x_wconf 78' lang='lat' dir='ltr'><strong>(Psal.</strong></span> <span class='ocrx_word' id='word_1_237' title='bbox 335 1651 422 1677; x_wconf 74' lang='lat' dir='ltr'><strong>cxxvr,</strong></span> <span class='ocrx_word' id='word_1_238' title='bbox 434 1644 461 1680; x_wconf 73' lang='lat'><strong>2)</strong></span> <span class='ocrx_word' id='word_1_239' title='bbox 477 1654 483 1672; x_wconf 89' lang='lat'><strong>:</strong></span> <span class='ocrx_word' id='word_1_240' title='bbox 496 1645 522 1673; x_wconf 89' lang='lat' dir='ltr'><strong>id</strong></span> <span class='ocrx_word' id='word_1_241' title='bbox 535 1650 585 1678; x_wconf 89' lang='lat' dir='ltr'><strong>est,</strong></span> <span class='ocrx_word' id='word_1_242' title='bbox 600 1646 787 1680; x_wconf 88' lang='lat' dir='ltr'><strong>humiliamini,</strong></span> <span class='ocrx_word' id='word_1_243' title='bbox 800 1653 826 1676; x_wconf 90' lang='lat' dir='ltr'><strong>et</strong></span> <span class='ocrx_word' id='word_1_244' title='bbox 839 1649 901 1677; x_wconf 93' lang='lat' dir='ltr'><strong>inde</strong></span> <span class='ocrx_word' id='word_1_245' title='bbox 913 1650 1028 1685; x_wconf 80' lang='lat' dir='ltr'><strong>surgite;</strong></span> 
     </span>
    </p>
   </div>
   <div class='ocr_carea' id='block_1_34' title="bbox 235 1689 1029 1731">
    <p class='ocr_par' dir='ltr' id='par_1_34' title="bbox 235 1689 1029 1731">
     <span class='ocr_line' id='line_1_34' title="bbox 235 1689 1029 1731; baseline 0.011 -16"><span class='ocrx_word' id='word_1_246' title='bbox 235 1689 296 1724; x_wconf 89' lang='lat' dir='ltr'><strong>quia</strong></span> <span class='ocrx_word' id='word_1_247' title='bbox 311 1694 338 1717; x_wconf 92' lang='lat' dir='ltr'><strong>et</strong></span> <span class='ocrx_word' id='word_1_248' title='bbox 354 1689 398 1717; x_wconf 80' lang='lat' dir='ltr'><strong>ille</strong></span> <span class='ocrx_word' id='word_1_249' title='bbox 413 1690 545 1719; x_wconf 88' lang='lat' dir='ltr'><strong>lmmiliari</strong></span> <span class='ocrx_word' id='word_1_250' title='bbox 561 1693 642 1727; x_wconf 83' lang='lat' dir='ltr'><strong>venit,</strong></span> <span class='ocrx_word' id='word_1_251' title='bbox 657 1693 703 1729; x_wconf 88' lang='lat' dir='ltr'><strong>qui</strong></span> <span class='ocrx_word' id='word_1_252' title='bbox 719 1695 853 1722; x_wconf 80' lang='lat' dir='ltr'><strong>exaltatus</strong></span> <span class='ocrx_word' id='word_1_253' title='bbox 864 1700 905 1724; x_wconf 87' lang='lat' dir='ltr'><strong>est</strong></span> <span class='ocrx_word' id='word_1_254' title='bbox 919 1701 1029 1731; x_wconf 82' lang='lat' dir='ltr'><strong>propter</strong></span> 
     </span>
    </p>
   </div>
   <div class='ocr_carea' id='block_1_35' title="bbox 234 1735 1029 1775">
    <p class='ocr_par' dir='ltr' id='par_1_35' title="bbox 234 1735 1029 1775">
     <span class='ocr_line' id='line_1_35' title="bbox 234 1735 1029 1775; baseline 0.01 -14"><span class='ocrx_word' id='word_1_255' title='bbox 234 1741 293 1762; x_wconf 85' lang='lat' dir='ltr'><strong>vos.</strong></span> <span class='ocrx_word' id='word_1_256' title='bbox 309 1735 343 1762; x_wconf 87' lang='lat' dir='ltr'><strong>Et</strong></span> <span class='ocrx_word' id='word_1_257' title='bbox 358 1736 420 1771; x_wconf 91' lang='lat' dir='ltr'><strong>quid</strong></span> <span class='ocrx_word' id='word_1_258' title='bbox 434 1737 533 1764; x_wconf 85' lang='lat' dir='ltr'><strong>dictum</strong></span> <span class='ocrx_word' id='word_1_259' title='bbox 547 1738 604 1765; x_wconf 85' lang='lat' dir='ltr'><strong>est?</strong></span> <span class='ocrx_word' id='word_1_260' title='bbox 620 1738 670 1773; x_wconf 81' lang='lat' dir='ltr'><strong>Qui</strong></span> <span class='ocrx_word' id='word_1_261' title='bbox 684 1740 842 1767; x_wconf 77' lang='lat' dir='ltr'><strong>manducetis</strong></span> <span class='ocrx_word' id='word_1_262' title='bbox 856 1749 948 1775; x_wconf 81' lang='lat' dir='ltr'><strong>panem</strong></span> <span class='ocrx_word' id='word_1_263' title='bbox 961 1742 1029 1770; x_wconf 87' lang='lat' dir='ltr'><strong>dolo-</strong></span> 
     </span>
    </p>
   </div>
   <div class='ocr_carea' id='block_1_36' title="bbox 233 1780 1027 1820">
    <p class='ocr_par' dir='ltr' id='par_1_36' title="bbox 233 1780 1027 1820">
     <span class='ocr_line' id='line_1_36' title="bbox 233 1780 1027 1820; baseline 0.011 -14"><span class='ocrx_word' id='word_1_264' title='bbox 233 1780 280 1807; x_wconf 79' lang='lat' dir='ltr'><strong>ris.</strong></span> <span class='ocrx_word' id='word_1_265' title='bbox 293 1780 346 1808; x_wconf 69' lang='lat' dir='ltr'><strong>Iste</strong></span> <span class='ocrx_word' id='word_1_266' title='bbox 359 1786 400 1809; x_wconf 87' lang='lat' dir='ltr'><strong>est</strong></span> <span class='ocrx_word' id='word_1_267' title='bbox 415 1782 491 1810; x_wconf 89' lang='lat' dir='ltr'><strong>labor</strong></span> <span class='ocrx_word' id='word_1_268' title='bbox 503 1783 634 1811; x_wconf 87' lang='lat' dir='ltr'><strong>fructttum</strong></span> <span class='ocrx_word' id='word_1_269' title='bbox 646 1806 653 1818; x_wconf 90' lang='lat'><strong>,</strong></span> <span class='ocrx_word' id='word_1_270' title='bbox 670 1785 746 1820; x_wconf 84' lang='lat' dir='ltr'><strong>panis</strong></span> <span class='ocrx_word' id='word_1_271' title='bbox 757 1785 868 1814; x_wconf 88' lang='lat' dir='ltr'><strong>doloris.</strong></span> <span class='ocrx_word' id='word_1_272' title='bbox 885 1787 941 1814; x_wconf 77' lang='lat' dir='ltr'><strong>Nisi</strong></span> <span class='ocrx_word' id='word_1_273' title='bbox 956 1788 1027 1815; x_wconf 89' lang='lat' dir='ltr'><strong>enim</strong></span> 
     </span>
    </p>
   </div>
   <div class='ocr_carea' id='block_1_37' title="bbox 235 1825 1029 1867">
    <p class='ocr_par' dir='ltr' id='par_1_37' title="bbox 235 1825 1029 1867">
     <span class='ocr_line' id='line_1_37' title="bbox 235 1825 1029 1867; baseline 0.013 -15"><span class='ocrx_word' id='word_1_274' title='bbox 235 1825 451 1861; x_wconf 87' lang='lat' dir='ltr'><strong>manducaretur,</strong></span> <span class='ocrx_word' id='word_1_275' title='bbox 468 1836 519 1856; x_wconf 94' lang='lat' dir='ltr'><strong>non</strong></span> <span class='ocrx_word' id='word_1_276' title='bbox 532 1829 667 1857; x_wconf 86' lang='lat' dir='ltr'><strong>diceretur</strong></span> <span class='ocrx_word' id='word_1_277' title='bbox 676 1831 753 1867; x_wconf 88' lang='lat' dir='ltr'><strong>panis</strong></span> <span class='ocrx_word' id='word_1_278' title='bbox 765 1841 772 1859; x_wconf 89' lang='lat'><strong>:</strong></span> <span class='ocrx_word' id='word_1_279' title='bbox 786 1832 836 1859; x_wconf 86' lang='lat' dir='ltr'><strong>nisi</strong></span> <span class='ocrx_word' id='word_1_280' title='bbox 846 1837 935 1860; x_wconf 82' lang='lat' dir='ltr'><strong>autem</strong></span> <span class='ocrx_word' id='word_1_281' title='bbox 948 1834 1029 1862; x_wconf 88' lang='lat' dir='ltr'><strong>babe-</strong></span> 
     </span>
    </p>
   </div>
   <div class='ocr_carea' id='block_1_38' title="bbox 234 1871 1028 1910">
    <p class='ocr_par' dir='ltr' id='par_1_38' title="bbox 234 1871 1028 1910">
     <span class='ocr_line' id='line_1_38' title="bbox 234 1871 1028 1910; baseline 0.013 -12"><span class='ocrx_word' id='word_1_282' title='bbox 234 1875 277 1898; x_wconf 89' lang='lat' dir='ltr'><strong>ret</strong></span> <span class='ocrx_word' id='word_1_283' title='bbox 289 1871 404 1907; x_wconf 88' lang='lat' dir='ltr'><strong>aliquam</strong></span> <span class='ocrx_word' id='word_1_284' title='bbox 419 1874 576 1902; x_wconf 87' lang='lat' dir='ltr'><strong>suavitatem</strong></span> <span class='ocrx_word' id='word_1_285' title='bbox 591 1876 667 1910; x_wconf 89' lang='lat' dir='ltr'><strong>panis</strong></span> <span class='ocrx_word' id='word_1_286' title='bbox 681 1877 747 1910; x_wconf 82' lang='lat' dir='ltr'><strong>iste,</strong></span> <span class='ocrx_word' id='word_1_287' title='bbox 761 1886 840 1906; x_wconf 87' lang='lat' dir='ltr'><strong>nemo</strong></span> <span class='ocrx_word' id='word_1_288' title='bbox 855 1878 929 1906; x_wconf 91' lang='lat' dir='ltr'><strong>illum</strong></span> <span class='ocrx_word' id='word_1_289' title='bbox 950 1888 1028 1908; x_wconf 86' lang='lat' dir='ltr'><strong>man-</strong></span> 
     </span>
    </p>
   </div>
   <div class='ocr_carea' id='block_1_39' title="bbox 235 1916 1027 1962">
    <p class='ocr_par' dir='ltr' id='par_1_39' title="bbox 235 1916 1027 1962">
     <span class='ocr_line' id='line_1_39' title="bbox 235 1916 1027 1962; baseline 0.014 -19"><span class='ocrx_word' id='word_1_290' title='bbox 235 1916 354 1945; x_wconf 84' lang='lat' dir='ltr'><strong>ducaret.</strong></span> <span class='ocrx_word' id='word_1_291' title='bbox 366 1919 431 1946; x_wconf 90' lang='lat' dir='ltr'><strong>Cum</strong></span> <span class='ocrx_word' id='word_1_292' title='bbox 443 1925 541 1955; x_wconf 88' lang='lat' dir='ltr'><strong>quanta</strong></span> <span class='ocrx_word' id='word_1_293' title='bbox 554 1922 687 1950; x_wconf 82' lang='lat' dir='ltr'><strong>suavitate</strong></span> <span class='ocrx_word' id='word_1_294' title='bbox 697 1923 707 1939; x_wconf 84' lang='grc'>²</span> <span class='ocrx_word' id='word_1_295' title='bbox 719 1923 806 1958; x_wconf 91' lang='lat' dir='ltr'><strong>plorat</strong></span> <span class='ocrx_word' id='word_1_296' title='bbox 820 1925 845 1952; x_wconf 95' lang='lat' dir='ltr'><strong>in</strong></span> <span class='ocrx_word' id='word_1_297' title='bbox 858 1926 969 1960; x_wconf 78' lang='lat' dir='ltr'><strong>gemitu,</strong></span> <span class='ocrx_word' id='word_1_298' title='bbox 982 1927 1027 1962; x_wconf 91' lang='lat' dir='ltr'><strong>qui</strong></span> 
     </span>
    </p>
   </div>
   <div class='ocr_carea' id='block_1_40' title="bbox 234 1964 1027 2009">
    <p class='ocr_par' dir='ltr' id='par_1_40' title="bbox 234 1964 1027 2009">
     <span class='ocr_line' id='line_1_40' title="bbox 234 1964 1027 2009; baseline 0.014 -20"><span class='ocrx_word' id='word_1_299' title='bbox 234 1964 309 1990; x_wconf 85' lang='lat' dir='ltr'><strong>orat?</strong></span> <span class='ocrx_word' id='word_1_300' title='bbox 322 1964 459 1993; x_wconf 88' lang='lat' dir='ltr'><strong>Dulciores</strong></span> <span class='ocrx_word' id='word_1_301' title='bbox 470 1972 531 1993; x_wconf 90' lang='lat' dir='ltr'><strong>sunt</strong></span> <span class='ocrx_word' id='word_1_302' title='bbox 545 1967 669 2004; x_wconf 76' lang='lat' dir='ltr'><strong>lacryma:</strong></span> <span class='ocrx_word' id='word_1_303' title='bbox 680 1970 823 2004; x_wconf 85' lang='lat' dir='ltr'><strong>orantium,</strong></span> <span class='ocrx_word' id='word_1_304' title='bbox 838 1979 916 2006; x_wconf 88' lang='lat' dir='ltr'><strong>quam</strong></span> <span class='ocrx_word' id='word_1_305' title='bbox 931 1972 1027 2009; x_wconf 75' lang='lat' dir='ltr'><strong>gaudia</strong></span> 
     </span>
    </p>
   </div>
   <div class='ocr_carea' id='block_1_41' title="bbox 234 2009 1028 2053">
    <p class='ocr_par' dir='ltr' id='par_1_41' title="bbox 234 2009 1028 2053">
     <span class='ocr_line' id='line_1_41' title="bbox 234 2009 1028 2053; baseline 0.013 -16"><span class='ocrx_word' id='word_1_306' title='bbox 234 2009 410 2038; x_wconf 75' lang='lat' dir='ltr'><strong>theatrorum.</strong></span> <span class='ocrx_word' id='word_1_307' title='bbox 427 2011 461 2040; x_wconf 86' lang='lat' dir='ltr'><strong>Et</strong></span> <span class='ocrx_word' id='word_1_308' title='bbox 475 2013 537 2040; x_wconf 88' lang='lat' dir='ltr'><strong>audi</strong></span> <span class='ocrx_word' id='word_1_309' title='bbox 553 2013 687 2043; x_wconf 82' lang='lat' dir='ltr'><strong>ﬂammam</strong></span> <span class='ocrx_word' id='word_1_310' title='bbox 702 2016 839 2049; x_wconf 82' lang='lat' dir='ltr'><strong>desiderii,</strong></span> <span class='ocrx_word' id='word_1_311' title='bbox 852 2025 904 2053; x_wconf 88' lang='lat' dir='ltr'><strong>qua</strong></span> <span class='ocrx_word' id='word_1_312' title='bbox 915 2018 1028 2047; x_wconf 76' lang='lat' dir='ltr'><strong>mandu~</strong></span> 
     </span>
    </p>
   </div>
   <div class='ocr_carea' id='block_1_42' title="bbox 234 2057 1028 2100">
    <p class='ocr_par' dir='ltr' id='par_1_42' title="bbox 234 2057 1028 2100">
     <span class='ocr_line' id='line_1_42' title="bbox 234 2057 1028 2100; baseline 0.014 -18"><span class='ocrx_word' id='word_1_313' title='bbox 234 2060 310 2083; x_wconf 90' lang='lat' dir='ltr'><strong>catur</strong></span> <span class='ocrx_word' id='word_1_314' title='bbox 323 2057 379 2092; x_wconf 87' lang='lat' dir='ltr'><strong>ipse</strong></span> <span class='ocrx_word' id='word_1_315' title='bbox 393 2058 477 2093; x_wconf 90' lang='lat' dir='ltr'><strong>panis,</strong></span> <span class='ocrx_word' id='word_1_316' title='bbox 491 2059 523 2086; x_wconf 90' lang='lat' dir='ltr'><strong>de</strong></span> <span class='ocrx_word' id='word_1_317' title='bbox 534 2067 587 2095; x_wconf 92' lang='lat' dir='ltr'><strong>quo</strong></span> <span class='ocrx_word' id='word_1_318' title='bbox 600 2061 643 2088; x_wconf 91' lang='lat' dir='ltr'><strong>hic</strong></span> <span class='ocrx_word' id='word_1_319' title='bbox 656 2061 730 2095; x_wconf 87' lang='lat' dir='ltr'><strong>dicit,</strong></span> <span class='ocrx_word' id='word_1_320' title='bbox 746 2063 796 2095; x_wconf 80' lang='lat' dir='ltr'><strong>Qui</strong></span> <span class='ocrx_word' id='word_1_321' title='bbox 808 2064 966 2092; x_wconf 76' lang='lat' dir='ltr'><strong>manducatis</strong></span> <span class='ocrx_word' id='word_1_322' title='bbox 981 2074 1028 2100; x_wconf 81' lang='lat' dir='ltr'><strong>pa-</strong></span> 
     </span>
    </p>
   </div>
   <div class='ocr_carea' id='block_1_43' title="bbox 234 2103 1025 2145">
    <p class='ocr_par' dir='ltr' id='par_1_43' title="bbox 234 2103 1025 2145">
     <span class='ocr_line' id='line_1_43' title="bbox 234 2103 1025 2145; baseline 0.015 -18"><span class='ocrx_word' id='word_1_323' title='bbox 234 2109 291 2128; x_wconf 88' lang='lat' dir='ltr'><strong>nem</strong></span> <span class='ocrx_word' id='word_1_324' title='bbox 306 2103 410 2130; x_wconf 81' lang='lat' dir='ltr'><strong>doloris.</strong></span> <span class='ocrx_word' id='word_1_325' title='bbox 430 2104 490 2131; x_wconf 84' lang='lat' dir='ltr'><strong>Alio</strong></span> <span class='ocrx_word' id='word_1_326' title='bbox 504 2105 563 2133; x_wconf 88' lang='lat' dir='ltr'><strong>loco</strong></span> <span class='ocrx_word' id='word_1_327' title='bbox 576 2106 641 2134; x_wconf 89' lang='lat' dir='ltr'><strong>dicit</strong></span> <span class='ocrx_word' id='word_1_328' title='bbox 654 2115 746 2135; x_wconf 88' lang='lat' dir='ltr'><strong>amans</strong></span> <span class='ocrx_word' id='word_1_329' title='bbox 762 2108 829 2142; x_wconf 85' lang='lat' dir='ltr'><strong>iste,</strong></span> <span class='ocrx_word' id='word_1_330' title='bbox 843 2110 919 2145; x_wconf 88' lang='lat' dir='ltr'><strong>cujus</strong></span> <span class='ocrx_word' id='word_1_331' title='bbox 932 2119 1025 2139; x_wconf 88' lang='lat' dir='ltr'><strong>vocem</strong></span> 
     </span>
    </p>
   </div>
   <div class='ocr_carea' id='block_1_44' title="bbox 233 2145 1027 2188">
    <p class='ocr_par' dir='ltr' id='par_1_44' title="bbox 233 2145 1027 2188">
     <span class='ocr_line' id='line_1_44' title="bbox 233 2145 1027 2188; baseline 0.015 -14"><span class='ocrx_word' id='word_1_332' title='bbox 233 2145 260 2175; x_wconf 87' lang='lat' dir='ltr'><strong>in</strong></span> <span class='ocrx_word' id='word_1_333' title='bbox 285 2148 392 2177; x_wconf 86' lang='lat' dir='ltr'><strong>Psalmo</strong></span> <span class='ocrx_word' id='word_1_334' title='bbox 415 2150 571 2186; x_wconf 88' lang='lat' dir='ltr'><strong>plerumque</strong></span> <span class='ocrx_word' id='word_1_335' title='bbox 591 2154 760 2188; x_wconf 78' lang='lat' dir='ltr'><strong>agnoscimus</strong></span> <span class='ocrx_word' id='word_1_336' title='bbox 773 2164 779 2182; x_wconf 89' lang='lat'><strong>:</strong></span> <span class='ocrx_word' id='word_1_337' title='bbox 792 2155 880 2183; x_wconf 78' lang='lat' dir='ltr'><strong>Facta:</strong></span> <span class='ocrx_word' id='word_1_338' title='bbox 891 2162 949 2185; x_wconf 83' lang='lat' dir='ltr'><strong>sunt</strong></span> <span class='ocrx_word' id='word_1_339' title='bbox 965 2158 1027 2186; x_wconf 80' lang='lat' dir='ltr'><strong>mihi</strong></span> 
     </span>
    </p>
   </div>
   <div class='ocr_carea' id='block_1_45' title="bbox 235 2194 1025 2234">
    <p class='ocr_par' dir='ltr' id='par_1_45' title="bbox 235 2194 1025 2234">
     <span class='ocr_line' id='line_1_45' title="bbox 235 2194 1025 2234; baseline 0.016 -13"><span class='ocrx_word' id='word_1_340' title='bbox 235 2194 355 2231; x_wconf 79' lang='lat' dir='ltr'><strong>lacrymte</strong></span> <span class='ocrx_word' id='word_1_341' title='bbox 368 2205 430 2224; x_wconf 70' lang='lat' dir='ltr'><strong>mete</strong></span> <span class='ocrx_word' id='word_1_342' title='bbox 445 2199 518 2233; x_wconf 77' lang='lat' dir='ltr'><strong>panis</strong></span> <span class='ocrx_word' id='word_1_343' title='bbox 532 2199 573 2226; x_wconf 86' lang='lat' dir='ltr'><strong>die</strong></span> <span class='ocrx_word' id='word_1_344' title='bbox 586 2209 616 2227; x_wconf 88' lang='lat' dir='ltr'><strong>ac</strong></span> <span class='ocrx_word' id='word_1_345' title='bbox 629 2206 709 2229; x_wconf 80' lang='lat' dir='ltr'><strong>nocte.</strong></span> <span class='ocrx_word' id='word_1_346' title='bbox 727 2202 801 2231; x_wconf 92' lang='lat' dir='ltr'><strong>Unde</strong></span> <span class='ocrx_word' id='word_1_347' title='bbox 816 2204 892 2232; x_wconf 78' lang='lat' dir='ltr'><strong>facta:</strong></span> <span class='ocrx_word' id='word_1_348' title='bbox 908 2210 970 2233; x_wconf 90' lang='lat' dir='ltr'><strong>sunt</strong></span> <span class='ocrx_word' id='word_1_349' title='bbox 985 2207 1025 2234; x_wconf 87' lang='lat' dir='ltr'><strong>la-</strong></span> 
     </span>
    </p>
   </div>
   <div class='ocr_carea' id='block_1_46' title="bbox 234 2244 1026 2284">
    <p class='ocr_par' dir='ltr' id='par_1_46' title="bbox 234 2244 1026 2284">
     <span class='ocr_line' id='line_1_46' title="bbox 234 2244 1026 2284; baseline 0.014 -15"><span class='ocrx_word' id='word_1_350' title='bbox 234 2247 333 2277; x_wconf 73' lang='lat' dir='ltr'><strong>crymm</strong></span> <span class='ocrx_word' id='word_1_351' title='bbox 346 2244 438 2277; x_wconf 78' lang='lat' dir='ltr'><strong>panis?</strong></span> <span class='ocrx_word' id='word_1_352' title='bbox 455 2244 522 2271; x_wconf 84' lang='lat' dir='ltr'><strong>Dant</strong></span> <span class='ocrx_word' id='word_1_353' title='bbox 536 2246 627 2277; x_wconf 75' lang='lat' dir='ltr'><strong>dicitur</strong></span> <span class='ocrx_word' id='word_1_354' title='bbox 638 2248 701 2275; x_wconf 82' lang='lat' dir='ltr'><strong>milii</strong></span> <span class='ocrx_word' id='word_1_355' title='bbox 715 2250 834 2284; x_wconf 80' lang='lat' dir='ltr'><strong>quotidie,</strong></span> <span class='ocrx_word' id='word_1_356' title='bbox 848 2250 896 2278; x_wconf 88' lang='lat' dir='ltr'><strong>Ubi</strong></span> <span class='ocrx_word' id='word_1_357' title='bbox 911 2257 946 2278; x_wconf 82' lang='lat' dir='ltr'><strong>est</strong></span> <span class='ocrx_word' id='word_1_358' title='bbox 958 2251 1026 2281; x_wconf 82' lang='lat' dir='ltr'><strong>Deus</strong></span> 
     </span>
    </p>
   </div>
   <div class='ocr_carea' id='block_1_47' title="bbox 194 2288 1025 2329">
    <p class='ocr_par' dir='ltr' id='par_1_47' title="bbox 194 2288 1025 2329">
     <span class='ocr_line' id='line_1_47' title="bbox 194 2288 1025 2329; baseline 0.016 -15"><span class='ocrx_word' id='word_1_359' title='bbox 194 2299 199 2302; x_wconf 93' lang='lat'><strong><em>-</em></strong></span> <span class='ocrx_word' id='word_1_360' title='bbox 235 2292 293 2315; x_wconf 87' lang='lat' dir='ltr'><strong>tuus</strong></span> <span class='ocrx_word' id='word_1_361' title='bbox 313 2288 395 2325; x_wconf 81' lang='lat' dir='ltr'><strong>(Psal.</strong></span> <span class='ocrx_word' id='word_1_362' title='bbox 412 2298 472 2323; x_wconf 83' lang='lat' dir='ltr'><strong>xu,</strong></span> <span class='ocrx_word' id='word_1_363' title='bbox 490 2292 534 2328; x_wconf 66' lang='lat'><strong>4)?</strong></span> <span class='ocrx_word' id='word_1_364' title='bbox 549 2294 698 2329; x_wconf 82' lang='lat' dir='ltr'><strong>Antequam</strong></span> <span class='ocrx_word' id='word_1_365' title='bbox 716 2296 787 2324; x_wconf 88' lang='lat' dir='ltr'><strong>enim</strong></span> <span class='ocrx_word' id='word_1_366' title='bbox 807 2297 944 2326; x_wconf 85' lang='lat' dir='ltr'><strong>videamus</strong></span> <span class='ocrx_word' id='word_1_367' title='bbox 963 2306 1025 2327; x_wconf 85' lang='lat' dir='ltr'><strong>eum</strong></span> 
     </span>
    </p>
   </div>
   <div class='ocr_carea' id='block_1_48' title="bbox 233 2334 1026 2378">
    <p class='ocr_par' dir='ltr' id='par_1_48' title="bbox 233 2334 1026 2378">
     <span class='ocr_line' id='line_1_48' title="bbox 233 2334 1026 2378; baseline 0.015 -17"><span class='ocrx_word' id='word_1_368' title='bbox 233 2334 278 2370; x_wconf 85' lang='lat' dir='ltr'><strong>qui</strong></span> <span class='ocrx_word' id='word_1_369' title='bbox 294 2342 343 2363; x_wconf 90' lang='lat' dir='ltr'><strong>nos</strong></span> <span class='ocrx_word' id='word_1_370' title='bbox 356 2336 458 2371; x_wconf 81' lang='lat' dir='ltr'><strong>dilexit,</strong></span> <span class='ocrx_word' id='word_1_371' title='bbox 472 2339 515 2373; x_wconf 91' lang='lat' dir='ltr'><strong>qui</strong></span> <span class='ocrx_word' id='word_1_372' title='bbox 530 2339 606 2367; x_wconf 90' lang='lat' dir='ltr'><strong>nobis</strong></span> <span class='ocrx_word' id='word_1_373' title='bbox 616 2341 711 2376; x_wconf 83' lang='lat' dir='ltr'><strong>pignus</strong></span> <span class='ocrx_word' id='word_1_374' title='bbox 721 2341 805 2376; x_wconf 84' lang='lat' dir='ltr'><strong>dedit,</strong></span> <span class='ocrx_word' id='word_1_375' title='bbox 818 2343 862 2370; x_wconf 88' lang='lat' dir='ltr'><strong>cui</strong></span> <span class='ocrx_word' id='word_1_376' title='bbox 871 2343 1026 2378; x_wconf 83' lang='lat' dir='ltr'><strong>desponsati</strong></span> 
     </span>
    </p>
   </div>
   <div class='ocr_carea' id='block_1_49' title="bbox 235 2382 1026 2421">
    <p class='ocr_par' dir='ltr' id='par_1_49' title="bbox 235 2382 1026 2421">
     <span class='ocr_line' id='line_1_49' title="bbox 235 2382 1026 2421; baseline 0.014 -14"><span class='ocrx_word' id='word_1_377' title='bbox 235 2386 346 2414; x_wconf 88' lang='lat' dir='ltr'><strong>sumus,</strong></span> <span class='ocrx_word' id='word_1_378' title='bbox 363 2382 491 2410; x_wconf 83' lang='lat' dir='ltr'><strong>insultant</strong></span> <span class='ocrx_word' id='word_1_379' title='bbox 512 2385 589 2412; x_wconf 82' lang='lat' dir='ltr'><strong>nobis</strong></span> <span class='ocrx_word' id='word_1_380' title='bbox 611 2385 725 2421; x_wconf 80' lang='lat' dir='ltr'><strong>Pagani,</strong></span> <span class='ocrx_word' id='word_1_381' title='bbox 742 2392 768 2414; x_wconf 89' lang='lat' dir='ltr'><strong>et</strong></span> <span class='ocrx_word' id='word_1_382' title='bbox 788 2387 899 2416; x_wconf 86' lang='lat' dir='ltr'><strong>dicunt:</strong></span> <span class='ocrx_word' id='word_1_383' title='bbox 913 2389 964 2417; x_wconf 91' lang='lat' dir='ltr'><strong>Ubi</strong></span> <span class='ocrx_word' id='word_1_384' title='bbox 984 2395 1026 2421; x_wconf 78' lang='lat' dir='ltr'><strong>est</strong></span> 
     </span>
    </p>
   </div>
   <div class='ocr_carea' id='block_1_50' title="bbox 235 2426 1024 2471">
    <p class='ocr_par' dir='ltr' id='par_1_50' title="bbox 235 2426 1024 2471">
     <span class='ocr_line' id='line_1_50' title="bbox 235 2426 1024 2471; baseline 0.013 -18"><span class='ocrx_word' id='word_1_385' title='bbox 235 2426 307 2462; x_wconf 89' lang='lat' dir='ltr'><strong>quod</strong></span> <span class='ocrx_word' id='word_1_386' title='bbox 318 2427 409 2455; x_wconf 90' lang='lat' dir='ltr'><strong>colunt</strong></span> <span class='ocrx_word' id='word_1_387' title='bbox 418 2427 581 2457; x_wconf 82' lang='lat' dir='ltr'><strong>Christiani?</strong></span> <span class='ocrx_word' id='word_1_388' title='bbox 591 2430 738 2459; x_wconf 83' lang='lat' dir='ltr'><strong>Ostendam</strong></span> <span class='ocrx_word' id='word_1_389' title='bbox 749 2433 826 2471; x_wconf 88' lang='lat' dir='ltr'><strong>nobis</strong></span> <span class='ocrx_word' id='word_1_390' title='bbox 834 2442 912 2469; x_wconf 87' lang='lat' dir='ltr'><strong>quem</strong></span> <span class='ocrx_word' id='word_1_391' title='bbox 923 2435 1024 2463; x_wconf 90' lang='lat' dir='ltr'><strong>colunt.</strong></span> 
     </span>
    </p>
   </div>
   <div class='ocr_carea' id='block_1_51' title="bbox 235 2474 1026 2515">
    <p class='ocr_par' dir='ltr' id='par_1_51' title="bbox 235 2474 1026 2515">
     <span class='ocr_line' id='line_1_51' title="bbox 235 2474 1026 2515; baseline 0.011 -14"><span class='ocrx_word' id='word_1_392' title='bbox 235 2474 305 2502; x_wconf 86' lang='lat' dir='ltr'><strong>Ecce</strong></span> <span class='ocrx_word' id='word_1_393' title='bbox 315 2482 365 2510; x_wconf 80' lang='lat' dir='ltr'><strong>ego</strong></span> <span class='ocrx_word' id='word_1_394' title='bbox 376 2475 490 2503; x_wconf 87' lang='lat' dir='ltr'><strong>ostendo</strong></span> <span class='ocrx_word' id='word_1_395' title='bbox 503 2476 555 2504; x_wconf 90' lang='lat' dir='ltr'><strong>illis</strong></span> <span class='ocrx_word' id='word_1_396' title='bbox 572 2477 655 2505; x_wconf 84' lang='lat' dir='ltr'><strong>Deum</strong></span> <span class='ocrx_word' id='word_1_397' title='bbox 670 2486 769 2511; x_wconf 88' lang='lat' dir='ltr'><strong>meum,</strong></span> <span class='ocrx_word' id='word_1_398' title='bbox 782 2484 809 2507; x_wconf 88' lang='lat' dir='ltr'><strong>et</strong></span> <span class='ocrx_word' id='word_1_399' title='bbox 821 2480 872 2515; x_wconf 83' lang='lat' dir='ltr'><strong>ipsi</strong></span> <span class='ocrx_word' id='word_1_400' title='bbox 883 2482 1026 2510; x_wconf 84' lang='lat' dir='ltr'><strong>ostendant</strong></span> 
     </span>
    </p>
   </div>
   <div class='ocr_carea' id='block_1_52' title="bbox 213 2514 1026 2562">
    <p class='ocr_par' dir='ltr' id='par_1_52' title="bbox 213 2514 1026 2562">
     <span class='ocr_line' id='line_1_52' title="bbox 213 2514 1026 2562; baseline 0.011 -15"><span class='ocrx_word' id='word_1_401' title='bbox 213 2514 216 2546; x_wconf 69' lang='grc' dir='ltr'>ζ</span> <span class='ocrx_word' id='word_1_402' title='bbox 234 2519 299 2548; x_wconf 90' lang='lat' dir='ltr'><strong>mihi</strong></span> <span class='ocrx_word' id='word_1_403' title='bbox 316 2520 398 2549; x_wconf 90' lang='lat' dir='ltr'><strong>Deum</strong></span> <span class='ocrx_word' id='word_1_404' title='bbox 411 2529 498 2550; x_wconf 90' lang='lat' dir='ltr'><strong>suum.</strong></span> <span class='ocrx_word' id='word_1_405' title='bbox 510 2522 575 2550; x_wconf 93' lang='lat' dir='ltr'><strong>Cum</strong></span> <span class='ocrx_word' id='word_1_406' title='bbox 587 2523 633 2551; x_wconf 88' lang='lat' dir='ltr'><strong>tibi</strong></span> <span class='ocrx_word' id='word_1_407' title='bbox 648 2524 699 2552; x_wconf 89' lang='lat' dir='ltr'><strong>hoc</strong></span> <span class='ocrx_word' id='word_1_408' title='bbox 708 2525 771 2553; x_wconf 90' lang='lat' dir='ltr'><strong>dicit</strong></span> <span class='ocrx_word' id='word_1_409' title='bbox 782 2514 909 2562; x_wconf 73' lang='lat' dir='ltr'><strong>paganus,</strong></span> <span class='ocrx_word' id='word_1_410' title='bbox 922 2535 974 2555; x_wconf 93' lang='lat' dir='ltr'><strong>non</strong></span> <span class='ocrx_word' id='word_1_411' title='bbox 986 2528 1026 2556; x_wconf 92' lang='lat' dir='ltr'><strong>in-</strong></span> 
     </span>
    </p>
   </div>
   <div class='ocr_carea' id='block_1_53' title="bbox 232 2566 1020 2604">
    <p class='ocr_par' dir='ltr' id='par_1_53' title="bbox 232 2566 1020 2604">
     <span class='ocr_line' id='line_1_53' title="bbox 232 2566 1020 2604; baseline 0.011 -11"><span class='ocrx_word' id='word_1_412' title='bbox 232 2566 309 2593; x_wconf 83' lang='lat' dir='ltr'><strong>venis</strong></span> <span class='ocrx_word' id='word_1_413' title='bbox 322 2567 392 2602; x_wconf 88' lang='lat' dir='ltr'><strong>quod</strong></span> <span class='ocrx_word' id='word_1_414' title='bbox 409 2567 446 2595; x_wconf 93' lang='lat' dir='ltr'><strong>illi</strong></span> <span class='ocrx_word' id='word_1_415' title='bbox 461 2568 602 2602; x_wconf 89' lang='lat' dir='ltr'><strong>ostendas;</strong></span> <span class='ocrx_word' id='word_1_416' title='bbox 619 2570 680 2604; x_wconf 89' lang='lat' dir='ltr'><strong>quia</strong></span> <span class='ocrx_word' id='word_1_417' title='bbox 694 2578 747 2598; x_wconf 93' lang='lat' dir='ltr'><strong>non</strong></span> <span class='ocrx_word' id='word_1_418' title='bbox 762 2576 803 2599; x_wconf 89' lang='lat' dir='ltr'><strong>est</strong></span> <span class='ocrx_word' id='word_1_419' title='bbox 821 2573 865 2600; x_wconf 89' lang='lat' dir='ltr'><strong>cui</strong></span> <span class='ocrx_word' id='word_1_420' title='bbox 886 2574 1020 2603; x_wconf 87' lang='lat' dir='ltr'><strong>ostendas.</strong></span> 
     </span>
    </p>
   </div>
   <div class='ocr_carea' id='block_1_54' title="bbox 233 2612 1024 2656">
    <p class='ocr_par' dir='ltr' id='par_1_54' title="bbox 233 2612 1024 2656">
     <span class='ocr_line' id='line_1_54' title="bbox 233 2612 1024 2656; baseline 0.01 -16"><span class='ocrx_word' id='word_1_421' title='bbox 233 2612 318 2641; x_wconf 77' lang='lat' dir='ltr'><strong>Redis</strong></span> <span class='ocrx_word' id='word_1_422' title='bbox 330 2622 395 2650; x_wconf 77' lang='lat' dir='ltr'><strong>ergo</strong></span> <span class='ocrx_word' id='word_1_423' title='bbox 405 2636 412 2649; x_wconf 91' lang='lat'><strong>,</strong></span> <span class='ocrx_word' id='word_1_424' title='bbox 428 2620 454 2643; x_wconf 90' lang='lat' dir='ltr'><strong>et</strong></span> <span class='ocrx_word' id='word_1_425' title='bbox 469 2615 572 2651; x_wconf 80' lang='lat' dir='ltr'><strong>plangis</strong></span> <span class='ocrx_word' id='word_1_426' title='bbox 583 2617 615 2644; x_wconf 87' lang='lat' dir='ltr'><strong>ad</strong></span> <span class='ocrx_word' id='word_1_427' title='bbox 634 2617 731 2651; x_wconf 87' lang='lat' dir='ltr'><strong>Deum;</strong></span> <span class='ocrx_word' id='word_1_428' title='bbox 746 2619 807 2654; x_wconf 87' lang='lat' dir='ltr'><strong>quia</strong></span> <span class='ocrx_word' id='word_1_429' title='bbox 828 2620 865 2647; x_wconf 92' lang='lat' dir='ltr'><strong>illi</strong></span> <span class='ocrx_word' id='word_1_430' title='bbox 887 2622 1024 2656; x_wconf 85' lang='lat' dir='ltr'><strong>suspiras,</strong></span> 
     </span>
    </p>
   </div>
   <div class='ocr_carea' id='block_1_55' title="bbox 235 2660 1024 2701">
    <p class='ocr_par' dir='ltr' id='par_1_55' title="bbox 235 2660 1024 2701">
     <span class='ocr_line' id='line_1_55' title="bbox 235 2660 1024 2701; baseline 0.011 -16"><span class='ocrx_word' id='word_1_431' title='bbox 235 2663 378 2694; x_wconf 82' lang='lat' dir='ltr'><strong>antequam</strong></span> <span class='ocrx_word' id='word_1_432' title='bbox 392 2660 499 2694; x_wconf 87' lang='lat' dir='ltr'><strong>videas,</strong></span> <span class='ocrx_word' id='word_1_433' title='bbox 520 2665 548 2689; x_wconf 87' lang='lat' dir='ltr'><strong>et</strong></span> <span class='ocrx_word' id='word_1_434' title='bbox 559 2661 693 2690; x_wconf 85' lang='lat' dir='ltr'><strong>desiderio</strong></span> <span class='ocrx_word' id='word_1_435' title='bbox 707 2664 789 2699; x_wconf 87' lang='lat' dir='ltr'><strong>ipsius</strong></span> <span class='ocrx_word' id='word_1_436' title='bbox 801 2666 903 2700; x_wconf 77' lang='lat' dir='ltr'><strong>gemis;</strong></span> <span class='ocrx_word' id='word_1_437' title='bbox 919 2671 946 2693; x_wconf 88' lang='lat' dir='ltr'><strong>et</strong></span> <span class='ocrx_word' id='word_1_438' title='bbox 963 2667 1024 2701; x_wconf 88' lang='lat' dir='ltr'><strong>quia</strong></span> 
     </span>
    </p>
   </div>
   <div class='ocr_carea' id='block_1_56' title="bbox 234 2703 1024 2748">
    <p class='ocr_par' dir='ltr' id='par_1_56' title="bbox 234 2703 1024 2748">
     <span class='ocr_line' id='line_1_56' title="bbox 234 2703 1024 2748; baseline 0.009 -16"><span class='ocrx_word' id='word_1_439' title='bbox 234 2703 262 2732; x_wconf 91' lang='lat' dir='ltr'><strong>in</strong></span> <span class='ocrx_word' id='word_1_440' title='bbox 274 2704 360 2739; x_wconf 84' lang='lat' dir='ltr'><strong>ipsius</strong></span> <span class='ocrx_word' id='word_1_441' title='bbox 370 2705 504 2734; x_wconf 86' lang='lat' dir='ltr'><strong>desiderio</strong></span> <span class='ocrx_word' id='word_1_442' title='bbox 520 2707 618 2742; x_wconf 87' lang='lat' dir='ltr'><strong>ploras,</strong></span> <span class='ocrx_word' id='word_1_443' title='bbox 634 2708 726 2736; x_wconf 88' lang='lat' dir='ltr'><strong>dulces</strong></span> <span class='ocrx_word' id='word_1_444' title='bbox 741 2714 804 2737; x_wconf 86' lang='lat' dir='ltr'><strong>sunt</strong></span> <span class='ocrx_word' id='word_1_445' title='bbox 817 2715 843 2737; x_wconf 91' lang='lat' dir='ltr'><strong>et</strong></span> <span class='ocrx_word' id='word_1_446' title='bbox 858 2711 922 2746; x_wconf 62' lang='lat' dir='ltr'><strong>ipsa:</strong></span> <span class='ocrx_word' id='word_1_447' title='bbox 936 2712 1024 2748; x_wconf 84' lang='lat' dir='ltr'><strong>laery-</strong></span> 
     </span>
    </p>
   </div>
   <div class='ocr_carea' id='block_1_57' title="bbox 235 2752 1026 2808">
    <p class='ocr_par' dir='ltr' id='par_1_57' title="bbox 235 2752 1026 2808">
     <span class='ocr_line' id='line_1_57' title="bbox 235 2752 1026 2808; baseline 0.011 -31"><span class='ocrx_word' id='word_1_448' title='bbox 235 2756 305 2784; x_wconf 63' lang='lat' dir='ltr'><strong>me,</strong></span> <span class='ocrx_word' id='word_1_449' title='bbox 326 2755 353 2778; x_wconf 88' lang='lat' dir='ltr'><strong>et</strong></span> <span class='ocrx_word' id='word_1_450' title='bbox 373 2758 423 2786; x_wconf 85' lang='lat' dir='ltr'><strong>pro</strong></span> <span class='ocrx_word' id='word_1_451' title='bbox 435 2752 496 2779; x_wconf 88' lang='lat' dir='ltr'><strong>cibo</strong></span> <span class='ocrx_word' id='word_1_452' title='bbox 512 2752 558 2780; x_wconf 89' lang='lat' dir='ltr'><strong>tibi</strong></span> <span class='ocrx_word' id='word_1_453' title='bbox 573 2758 668 2787; x_wconf 89' lang='lat' dir='ltr'><strong>erunt,</strong></span> <span class='ocrx_word' id='word_1_454' title='bbox 685 2755 744 2790; x_wconf 83' lang='lat' dir='ltr'><strong>quia</strong></span> <span class='ocrx_word' id='word_1_455' title='bbox 760 2755 835 2784; x_wconf 81' lang='lat' dir='ltr'><strong>tactae</strong></span> <span class='ocrx_word' id='word_1_456' title='bbox 850 2763 911 2784; x_wconf 79' lang='lat' dir='ltr'><strong>sunt</strong></span> <span class='ocrx_word' id='word_1_457' title='bbox 933 2758 979 2786; x_wconf 89' lang='lat' dir='ltr'><strong>tibi</strong></span> <span class='ocrx_word' id='word_1_458' title='bbox 999 2763 1026 2808; x_wconf 55' lang='lat' dir='ltr'><strong>Et</strong></span> 
     </span>
    </p>
   </div>
   <div class='ocr_carea' id='block_1_58' title="bbox 266 2829 622 2861">
    <p class='ocr_par' dir='ltr' id='par_1_58' title="bbox 266 2829 622 2861">
     <span class='ocr_line' id='line_1_58' title="bbox 266 2829 622 2861; baseline 0.011 -8"><span class='ocrx_word' id='word_1_459' title='bbox 266 2829 276 2861; x_wconf 56' lang='grc' dir='ltr'><strong>ξ</strong></span> <span class='ocrx_word' id='word_1_460' title='bbox 287 2829 399 2861; x_wconf 84' lang='lat' dir='ltr'><strong>Quinque</strong></span> <span class='ocrx_word' id='word_1_461' title='bbox 410 2832 475 2861; x_wconf 12' lang='lat' dir='ltr'><strong>Issi,</strong></span> <span class='ocrx_word' id='word_1_462' title='bbox 487 2831 622 2857; x_wconf 73' lang='lat' dir='ltr'><strong>erexeritis.</strong></span> 
     </span>
    </p>
   </div>
   <div class='ocr_carea' id='block_1_59' title="bbox 265 2860 1027 2895">
    <p class='ocr_par' dir='ltr' id='par_1_59' title="bbox 265 2860 1027 2895">
     <span class='ocr_line' id='line_1_59' title="bbox 265 2860 1027 2895; baseline 0.013 -11"><span class='ocrx_word' id='word_1_463' title='bbox 265 2860 339 2895; x_wconf 57' lang='lat' dir='ltr'><strong>ﬁam.</strong></span> <span class='ocrx_word' id='word_1_464' title='bbox 351 2863 388 2895; x_wconf 60' lang='lat' dir='ltr'><strong>Er.</strong></span> <span class='ocrx_word' id='word_1_465' title='bbox 401 2864 427 2886; x_wconf 86' lang='lat' dir='ltr'><strong>et</strong></span> <span class='ocrx_word' id='word_1_466' title='bbox 438 2860 550 2895; x_wconf 79' lang='lat' dir='ltr'><strong>plerique</strong></span> <span class='ocrx_word' id='word_1_467' title='bbox 563 2867 626 2894; x_wconf 82' lang='lat' dir='ltr'><strong>Mss.,</strong></span> <span class='ocrx_word' id='word_1_468' title='bbox 645 2870 714 2890; x_wconf 81' lang='lat' dir='ltr'><strong>nemo</strong></span> <span class='ocrx_word' id='word_1_469' title='bbox 724 2864 792 2891; x_wconf 80' lang='lat' dir='ltr'><strong>illum</strong></span> <span class='ocrx_word' id='word_1_470' title='bbox 803 2866 960 2893; x_wconf 80' lang='lat' dir='ltr'><strong>manducuret</strong></span> <span class='ocrx_word' id='word_1_471' title='bbox 971 2874 1027 2895; x_wconf 75' lang='lat' dir='ltr'><strong>cm»</strong></span> 
     </span>
    </p>
   </div>
   <div class='ocr_carea' id='block_1_60' title="bbox 233 2891 596 2924">
    <p class='ocr_par' dir='ltr' id='par_1_60' title="bbox 233 2891 596 2924">
     <span class='ocr_line' id='line_1_60' title="bbox 233 2891 596 2924; baseline 0.006 -7"><span class='ocrx_word' id='word_1_472' title='bbox 233 2893 301 2923; x_wconf 69' lang='grc' dir='ltr'><strong>(αλια</strong></span> <span class='ocrx_word' id='word_1_473' title='bbox 310 2891 435 2917; x_wconf 71' lang='lat' dir='ltr'><strong>suavitate.</strong></span> <span class='ocrx_word' id='word_1_474' title='bbox 449 2891 534 2924; x_wconf 76' lang='lat' dir='ltr'><strong>Plorat,</strong></span> <span class='ocrx_word' id='word_1_475' title='bbox 549 2898 596 2919; x_wconf 80' lang='lat' dir='ltr'><strong>etc.</strong></span> 
     </span>
    </p>
   </div>
   <div class='ocr_carea' id='block_1_61' title="bbox 871 144 1274 187">
    <p class='ocr_par' dir='ltr' id='par_1_61' title="bbox 871 144 1274 187">
     <span class='ocr_line' id='line_1_61' title="bbox 871 144 1274 187; baseline 0.01 -15"><span class='ocrx_word' id='word_1_476' title='bbox 871 146 900 172; x_wconf 91' lang='lat' dir='ltr'><strong>S.</strong></span> <span class='ocrx_word' id='word_1_477' title='bbox 920 144 1105 174; x_wconf 79' lang='lat' dir='ltr'><strong>AUGUSTINI</strong></span> <span class='ocrx_word' id='word_1_478' title='bbox 1120 145 1274 187; x_wconf 85' lang='lat' dir='ltr'><strong>EPISCOPI</strong></span> 
     </span>
    </p>
   </div>
   <div class='ocr_carea' id='block_1_62' title="bbox 1102 205 1891 254">
    <p class='ocr_par' dir='ltr' id='par_1_62' title="bbox 1102 205 1891 254">
     <span class='ocr_line' id='line_1_62' title="bbox 1102 205 1891 254; baseline 0.019 -23"><span class='ocrx_word' id='word_1_479' title='bbox 1102 205 1165 240; x_wconf 69' lang='lat' dir='ltr'><strong>ipsa:</strong></span> <span class='ocrx_word' id='word_1_480' title='bbox 1180 207 1256 242; x_wconf 89' lang='lat' dir='ltr'><strong>panis</strong></span> <span class='ocrx_word' id='word_1_481' title='bbox 1269 207 1313 235; x_wconf 91' lang='lat' dir='ltr'><strong>die</strong></span> <span class='ocrx_word' id='word_1_482' title='bbox 1332 215 1363 236; x_wconf 82' lang='lat' dir='ltr'><strong>ac</strong></span> <span class='ocrx_word' id='word_1_483' title='bbox 1380 214 1476 243; x_wconf 89' lang='lat' dir='ltr'><strong>nocte,</strong></span> <span class='ocrx_word' id='word_1_484' title='bbox 1498 210 1561 239; x_wconf 90' lang='lat' dir='ltr'><strong>dum</strong></span> <span class='ocrx_word' id='word_1_485' title='bbox 1579 212 1679 254; x_wconf 84' lang='lat' dir='ltr'><strong>dicitur</strong></span> <span class='ocrx_word' id='word_1_486' title='bbox 1690 214 1744 254; x_wconf 72' lang='lat' dir='ltr'><strong>tibi~</strong></span> <span class='ocrx_word' id='word_1_487' title='bbox 1753 217 1891 254; x_wconf 85' lang='lat' dir='ltr'><strong>quotidie,</strong></span> 
     </span>
    </p>
   </div>
   <div class='ocr_carea' id='block_1_63' title="bbox 1101 251 1893 300">
    <p class='ocr_par' dir='ltr' id='par_1_63' title="bbox 1101 251 1893 300">
     <span class='ocr_line' id='line_1_63' title="bbox 1101 251 1893 300; baseline 0.02 -22"><span class='ocrx_word' id='word_1_488' title='bbox 1101 251 1149 279; x_wconf 85' lang='lat' dir='ltr'><strong>Ubi</strong></span> <span class='ocrx_word' id='word_1_489' title='bbox 1161 257 1198 280; x_wconf 80' lang='lat' dir='ltr'><strong>est</strong></span> <span class='ocrx_word' id='word_1_490' title='bbox 1218 253 1287 281; x_wconf 80' lang='lat' dir='ltr'><strong>Deus</strong></span> <span class='ocrx_word' id='word_1_491' title='bbox 1302 257 1377 283; x_wconf 81' lang='lat' dir='ltr'><strong>tuus?</strong></span> <span class='ocrx_word' id='word_1_492' title='bbox 1397 253 1450 284; x_wconf 86' lang='lat' dir='ltr'><strong>Sed</strong></span> <span class='ocrx_word' id='word_1_493' title='bbox 1467 258 1556 286; x_wconf 84' lang='lat' dir='ltr'><strong>veniet</strong></span> <span class='ocrx_word' id='word_1_494' title='bbox 1569 252 1640 288; x_wconf 83' lang='lat' dir='ltr'><strong>Deus</strong></span> <span class='ocrx_word' id='word_1_495' title='bbox 1653 251 1771 298; x_wconf 81' lang='lat' dir='ltr'><strong>tuus,</strong></span> <span class='ocrx_word' id='word_1_496' title='bbox 1784 272 1837 300; x_wconf 89' lang='lat' dir='ltr'><strong>qlto</strong></span> <span class='ocrx_word' id='word_1_497' title='bbox 1850 251 1893 293; x_wconf 58' lang='lat' dir='ltr'><strong>di;</strong></span> 
     </span>
    </p>
   </div>
   <div class='ocr_carea' id='block_1_64' title="bbox 1097 297 1889 349">
    <p class='ocr_par' dir='ltr' id='par_1_64' title="bbox 1097 297 1889 349">
     <span class='ocr_line' id='line_1_64' title="bbox 1097 297 1889 349; baseline 0.02 -24"><span class='ocrx_word' id='word_1_498' title='bbox 1097 297 1175 331; x_wconf 87' lang='lat' dir='ltr'><strong>citur,</strong></span> <span class='ocrx_word' id='word_1_499' title='bbox 1193 299 1242 327; x_wconf 83' lang='lat' dir='ltr'><strong>Ubi</strong></span> <span class='ocrx_word' id='word_1_500' title='bbox 1253 301 1308 329; x_wconf 83' lang='lat' dir='ltr'><strong>est?</strong></span> <span class='ocrx_word' id='word_1_501' title='bbox 1323 307 1349 329; x_wconf 87' lang='lat' dir='ltr'><strong>et</strong></span> <span class='ocrx_word' id='word_1_502' title='bbox 1364 303 1498 339; x_wconf 78' lang='lat' dir='ltr'><strong>absterget</strong></span> <span class='ocrx_word' id='word_1_503' title='bbox 1513 305 1645 343; x_wconf 87' lang='lat' dir='ltr'><strong>lacrymas</strong></span> <span class='ocrx_word' id='word_1_504' title='bbox 1659 308 1750 345; x_wconf 69' lang='lat' dir='ltr'><strong>(Apoc.</strong></span> <span class='ocrx_word' id='word_1_505' title='bbox 1762 297 1826 346; x_wconf 63' lang='lat' dir='ltr'><strong>xxi,</strong></span> <span class='ocrx_word' id='word_1_506' title='bbox 1841 306 1889 349; x_wconf 74' lang='grc' dir='ltr'><strong>ι’),</strong></span> 
     </span>
    </p>
   </div>
   <div class='ocr_carea' id='block_1_65' title="bbox 1096 345 1884 387">
    <p class='ocr_par' dir='ltr' id='par_1_65' title="bbox 1096 345 1884 387">
     <span class='ocr_line' id='line_1_65' title="bbox 1096 345 1884 387; baseline 0.019 -16"><span class='ocrx_word' id='word_1_507' title='bbox 1096 349 1123 371; x_wconf 92' lang='lat' dir='ltr'><strong>ct</strong></span> <span class='ocrx_word' id='word_1_508' title='bbox 1135 345 1192 379; x_wconf 88' lang='lat' dir='ltr'><strong>ipse</strong></span> <span class='ocrx_word' id='word_1_509' title='bbox 1204 354 1252 381; x_wconf 88' lang='lat' dir='ltr'><strong>pro</strong></span> <span class='ocrx_word' id='word_1_510' title='bbox 1266 354 1334 382; x_wconf 85' lang='lat' dir='ltr'><strong>pane</strong></span> <span class='ocrx_word' id='word_1_511' title='bbox 1345 346 1524 385; x_wconf 87' lang='lat' dir='ltr'><strong>lacrymarum</strong></span> <span class='ocrx_word' id='word_1_512' title='bbox 1536 354 1672 387; x_wconf 83' lang='lat' dir='ltr'><strong>succedet,</strong></span> <span class='ocrx_word' id='word_1_513' title='bbox 1687 360 1713 383; x_wconf 86' lang='lat' dir='ltr'><strong>et</strong></span> <span class='ocrx_word' id='word_1_514' title='bbox 1726 360 1752 384; x_wconf 89' lang='lat' dir='ltr'><strong>te</strong></span> <span class='ocrx_word' id='word_1_515' title='bbox 1765 349 1789 384; x_wconf 89' lang='lat' dir='ltr'><strong>in</strong></span> <span class='ocrx_word' id='word_1_516' title='bbox 1804 345 1884 386; x_wconf 46' lang='lat' dir='ltr'><strong>teter:</strong></span> 
     </span>
    </p>
   </div>
   <div class='ocr_carea' id='block_1_66' title="bbox 1095 393 1891 439">
    <p class='ocr_par' dir='ltr' id='par_1_66' title="bbox 1095 393 1891 439">
     <span class='ocr_line' id='line_1_66' title="bbox 1095 393 1891 439; baseline 0.019 -22"><span class='ocrx_word' id='word_1_517' title='bbox 1095 398 1158 418; x_wconf 91' lang='lat' dir='ltr'><strong>num</strong></span> <span class='ocrx_word' id='word_1_518' title='bbox 1173 393 1318 427; x_wconf 79' lang='lat' dir='ltr'><strong>saginabit;</strong></span> <span class='ocrx_word' id='word_1_519' title='bbox 1333 395 1394 429; x_wconf 86' lang='lat' dir='ltr'><strong>quia</strong></span> <span class='ocrx_word' id='word_1_520' title='bbox 1408 396 1459 423; x_wconf 89' lang='lat' dir='ltr'><strong>erit</strong></span> <span class='ocrx_word' id='word_1_521' title='bbox 1475 397 1614 426; x_wconf 88' lang='lat' dir='ltr'><strong>nobiscum</strong></span> <span class='ocrx_word' id='word_1_522' title='bbox 1627 393 1740 429; x_wconf 85' lang='lat' dir='ltr'><strong>verbum</strong></span> <span class='ocrx_word' id='word_1_523' title='bbox 1757 402 1821 439; x_wconf 77' lang='lat' dir='ltr'><strong>Dei,</strong></span> <span class='ocrx_word' id='word_1_524' title='bbox 1835 411 1891 439; x_wconf 89' lang='lat' dir='ltr'><strong>quo</strong></span> 
     </span>
    </p>
   </div>
   <div class='ocr_carea' id='block_1_67' title="bbox 1095 440 1887 485">
    <p class='ocr_par' dir='ltr' id='par_1_67' title="bbox 1095 440 1887 485">
     <span class='ocr_line' id='line_1_67' title="bbox 1095 440 1887 485; baseline 0.019 -21"><span class='ocrx_word' id='word_1_525' title='bbox 1095 443 1240 471; x_wconf 68' lang='lat' dir='ltr'><strong>pascuntur</strong></span> <span class='ocrx_word' id='word_1_526' title='bbox 1257 440 1361 475; x_wconf 81' lang='lat' dir='ltr'><strong>Angeli.</strong></span> <span class='ocrx_word' id='word_1_527' title='bbox 1387 442 1493 470; x_wconf 68' lang='lat' dir='ltr'><strong>[nterim</strong></span> <span class='ocrx_word' id='word_1_528' title='bbox 1514 445 1594 472; x_wconf 87' lang='lat' dir='ltr'><strong>modo</strong></span> <span class='ocrx_word' id='word_1_529' title='bbox 1617 446 1722 475; x_wconf 71' lang='lat' dir='ltr'><strong>labores</strong></span> <span class='ocrx_word' id='word_1_530' title='bbox 1736 448 1887 485; x_wconf 86' lang='lat' dir='ltr'><strong>fructuum,</strong></span> 
     </span>
    </p>
   </div>
   <div class='ocr_carea' id='block_1_68' title="bbox 1095 484 1889 527">
    <p class='ocr_par' dir='ltr' id='par_1_68' title="bbox 1095 484 1889 527">
     <span class='ocr_line' id='line_1_68' title="bbox 1095 484 1889 527; baseline 0.019 -17"><span class='ocrx_word' id='word_1_531' title='bbox 1095 484 1188 522; x_wconf 68' lang='lat' dir='ltr'><strong>postea</strong></span> <span class='ocrx_word' id='word_1_532' title='bbox 1201 486 1300 514; x_wconf 85' lang='lat' dir='ltr'><strong>fructus</strong></span> <span class='ocrx_word' id='word_1_533' title='bbox 1314 488 1421 516; x_wconf 78' lang='lat' dir='ltr'><strong>laboris.</strong></span> <span class='ocrx_word' id='word_1_534' title='bbox 1436 490 1544 518; x_wconf 78' lang='lat' dir='ltr'><strong>Lnbores</strong></span> <span class='ocrx_word' id='word_1_535' title='bbox 1558 495 1686 527; x_wconf 72' lang='lat' dir='ltr'><strong>fructuum</strong></span> <span class='ocrx_word' id='word_1_536' title='bbox 1702 500 1803 523; x_wconf 85' lang='lat' dir='ltr'><strong>tuorum</strong></span> <span class='ocrx_word' id='word_1_537' title='bbox 1817 506 1889 525; x_wconf 86' lang='lat' dir='ltr'><strong>man-</strong></span> 
     </span>
    </p>
   </div>
   <div class='ocr_carea' id='block_1_69' title="bbox 1093 525 1888 578">
    <p class='ocr_par' dir='ltr' id='par_1_69' title="bbox 1093 525 1888 578">
     <span class='ocr_line' id='line_1_69' title="bbox 1093 525 1888 578; baseline 0.019 -22"><span class='ocrx_word' id='word_1_538' title='bbox 1093 529 1195 558; x_wconf 82' lang='lat' dir='ltr'><strong>dttcabis</strong></span> <span class='ocrx_word' id='word_1_539' title='bbox 1205 525 1313 565; x_wconf 25' lang='lat' dir='ltr'><strong>,‘Abeatns</strong></span> <span class='ocrx_word' id='word_1_540' title='bbox 1323 543 1356 566; x_wconf 72' lang='lat' dir='ltr'><strong>rs,</strong></span> <span class='ocrx_word' id='word_1_541' title='bbox 1371 541 1392 561; x_wconf 76' lang='lat' dir='ltr'><strong>et</strong></span> <span class='ocrx_word' id='word_1_542' title='bbox 1407 536 1466 563; x_wconf 71' lang='lat' dir='ltr'><strong>bene</strong></span> <span class='ocrx_word' id='word_1_543' title='bbox 1479 538 1523 563; x_wconf 83' lang='lat' dir='ltr'><strong>tibi</strong></span> <span class='ocrx_word' id='word_1_544' title='bbox 1536 539 1591 564; x_wconf 74' lang='lat' dir='ltr'><strong>crit.</strong></span> <span class='ocrx_word' id='word_1_545' title='bbox 1606 539 1700 567; x_wconf 73' lang='lat' dir='ltr'><strong>Beatus</strong></span> <span class='ocrx_word' id='word_1_546' title='bbox 1712 550 1737 568; x_wconf 83' lang='lat' dir='ltr'><strong>es</strong></span> <span class='ocrx_word' id='word_1_547' title='bbox 1748 563 1756 575; x_wconf 92' lang='lat'><strong>,</strong></span> <span class='ocrx_word' id='word_1_548' title='bbox 1773 543 1805 569; x_wconf 92' lang='lat' dir='ltr'><strong>de</strong></span> <span class='ocrx_word' id='word_1_549' title='bbox 1820 552 1888 578; x_wconf 71' lang='lat' dir='ltr'><strong>prte-</strong></span> 
     </span>
    </p>
   </div>
   <div class='ocr_carea' id='block_1_70' title="bbox 1092 578 1887 618">
    <p class='ocr_par' dir='ltr' id='par_1_70' title="bbox 1092 578 1887 618">
     <span class='ocr_line' id='line_1_70' title="bbox 1092 578 1887 618; baseline 0.016 -14"><span class='ocrx_word' id='word_1_550' title='bbox 1092 578 1159 605; x_wconf 85' lang='lat' dir='ltr'><strong>senti</strong></span> <span class='ocrx_word' id='word_1_551' title='bbox 1175 584 1231 611; x_wconf 83' lang='lat' dir='ltr'><strong>est;</strong></span> <span class='ocrx_word' id='word_1_552' title='bbox 1247 579 1308 607; x_wconf 80' lang='lat' dir='ltr'><strong>bene</strong></span> <span class='ocrx_word' id='word_1_553' title='bbox 1321 582 1364 607; x_wconf 86' lang='lat' dir='ltr'><strong>tibi</strong></span> <span class='ocrx_word' id='word_1_554' title='bbox 1379 584 1434 613; x_wconf 70' lang='lat' dir='ltr'><strong>erit,</strong></span> <span class='ocrx_word' id='word_1_555' title='bbox 1451 584 1482 609; x_wconf 76' lang='lat' dir='ltr'><strong>de</strong></span> <span class='ocrx_word' id='word_1_556' title='bbox 1494 584 1582 612; x_wconf 86' lang='lat' dir='ltr'><strong>futuro</strong></span> <span class='ocrx_word' id='word_1_557' title='bbox 1596 592 1635 613; x_wconf 82' lang='lat' dir='ltr'><strong>est</strong></span> <span class='ocrx_word' id='word_1_558' title='bbox 1649 596 1654 612; x_wconf 90' lang='lat'>:</span> <span class='ocrx_word' id='word_1_559' title='bbox 1670 596 1729 614; x_wconf 90' lang='lat' dir='ltr'><strong>cum</strong></span> <span class='ocrx_word' id='word_1_560' title='bbox 1743 590 1887 618; x_wconf 87' lang='lat' dir='ltr'><strong>manducas</strong></span> 
     </span>
    </p>
   </div>
   <div class='ocr_carea' id='block_1_71' title="bbox 1092 623 1887 669">
    <p class='ocr_par' dir='ltr' id='par_1_71' title="bbox 1092 623 1887 669">
     <span class='ocr_line' id='line_1_71' title="bbox 1092 623 1887 669; baseline 0.018 -20"><span class='ocrx_word' id='word_1_561' title='bbox 1092 623 1197 652; x_wconf 81' lang='lat' dir='ltr'><strong>labores</strong></span> <span class='ocrx_word' id='word_1_562' title='bbox 1211 625 1341 654; x_wconf 78' lang='lat' dir='ltr'><strong>fructuum</strong></span> <span class='ocrx_word' id='word_1_563' title='bbox 1360 633 1479 661; x_wconf 76' lang='lat' dir='ltr'><strong>tuorum,</strong></span> <span class='ocrx_word' id='word_1_564' title='bbox 1497 630 1582 657; x_wconf 73' lang='lat' dir='ltr'><strong>beatas</strong></span> <span class='ocrx_word' id='word_1_565' title='bbox 1596 641 1639 664; x_wconf 72' lang='lat' dir='ltr'><strong>rs;</strong></span> <span class='ocrx_word' id='word_1_566' title='bbox 1654 641 1713 660; x_wconf 87' lang='lat' dir='ltr'><strong>cum</strong></span> <span class='ocrx_word' id='word_1_567' title='bbox 1733 636 1887 669; x_wconf 74' lang='lat' dir='ltr'><strong>perveneris</strong></span> 
     </span>
    </p>
   </div>
   <div class='ocr_carea' id='block_1_72' title="bbox 1091 669 1886 716">
    <p class='ocr_par' dir='ltr' id='par_1_72' title="bbox 1091 669 1886 716">
     <span class='ocr_line' id='line_1_72' title="bbox 1091 669 1886 716; baseline 0.015 -20"><span class='ocrx_word' id='word_1_568' title='bbox 1091 669 1128 696; x_wconf 82' lang='lat' dir='ltr'><strong>ad&#39;</strong></span> <span class='ocrx_word' id='word_1_569' title='bbox 1148 670 1260 698; x_wconf 85' lang='lat' dir='ltr'><strong>fructum</strong></span> <span class='ocrx_word' id='word_1_570' title='bbox 1282 673 1401 700; x_wconf 73' lang='lat' dir='ltr'><strong>laborum</strong></span> <span class='ocrx_word' id='word_1_571' title='bbox 1435 679 1558 705; x_wconf 81' lang='lat' dir='ltr'><strong>tuorum.</strong></span> <span class='ocrx_word' id='word_1_572' title='bbox 1584 677 1643 704; x_wconf 55' lang='lat' dir='ltr'><strong>bt‘tte</strong></span> <span class='ocrx_word' id='word_1_573' title='bbox 1673 679 1717 705; x_wconf 84' lang='lat' dir='ltr'><strong>tibi</strong></span> <span class='ocrx_word' id='word_1_574' title='bbox 1740 669 1798 706; x_wconf 66' lang='lat' dir='ltr'><strong>erit.</strong></span> <span class='ocrx_word' id='word_1_575' title='bbox 1817 681 1886 716; x_wconf 85' lang='lat' dir='ltr'><strong>Quid</strong></span> 
     </span>
    </p>
   </div>
   <div class='ocr_carea' id='block_1_73' title="bbox 1090 715 1885 758">
    <p class='ocr_par' dir='ltr' id='par_1_73' title="bbox 1090 715 1885 758">
     <span class='ocr_line' id='line_1_73' title="bbox 1090 715 1885 758; baseline 0.015 -16"><span class='ocrx_word' id='word_1_576' title='bbox 1090 715 1172 743; x_wconf 80' lang='lat' dir='ltr'><strong>dixit?</strong></span> <span class='ocrx_word' id='word_1_577' title='bbox 1186 716 1251 744; x_wconf 84' lang='lat' dir='ltr'><strong>Nam</strong></span> <span class='ocrx_word' id='word_1_578' title='bbox 1266 718 1287 745; x_wconf 91' lang='lat' dir='ltr'><strong>si</strong></span> <span class='ocrx_word' id='word_1_579' title='bbox 1301 719 1368 746; x_wconf 74' lang='lat' dir='ltr'><strong>bene</strong></span> <span class='ocrx_word' id='word_1_580' title='bbox 1385 721 1428 746; x_wconf 83' lang='lat' dir='ltr'><strong>tibi</strong></span> <span class='ocrx_word' id='word_1_581' title='bbox 1444 722 1504 752; x_wconf 78' lang='lat' dir='ltr'><strong>erit,</strong></span> <span class='ocrx_word' id='word_1_582' title='bbox 1524 723 1614 757; x_wconf 72' lang='lat' dir='ltr'><strong>utique</strong></span> <span class='ocrx_word' id='word_1_583' title='bbox 1629 724 1722 751; x_wconf 85' lang='lat' dir='ltr'><strong>beatus</strong></span> <span class='ocrx_word' id='word_1_584' title='bbox 1736 726 1806 758; x_wconf 85' lang='lat' dir='ltr'><strong>eris;</strong></span> <span class='ocrx_word' id='word_1_585' title='bbox 1823 715 1885 754; x_wconf 82' lang='lat' dir='ltr'><strong>etsi</strong></span> 
     </span>
    </p>
   </div>
   <div class='ocr_carea' id='block_1_74' title="bbox 1090 761 1886 802">
    <p class='ocr_par' dir='ltr' id='par_1_74' title="bbox 1090 761 1886 802">
     <span class='ocr_line' id='line_1_74' title="bbox 1090 761 1886 802; baseline 0.015 -13"><span class='ocrx_word' id='word_1_586' title='bbox 1090 761 1183 790; x_wconf 85' lang='lat' dir='ltr'><strong>beatus</strong></span> <span class='ocrx_word' id='word_1_587' title='bbox 1200 765 1268 798; x_wconf 87' lang='lat' dir='ltr'><strong>eris,</strong></span> <span class='ocrx_word' id='word_1_588' title='bbox 1286 764 1353 792; x_wconf 87' lang='lat' dir='ltr'><strong>bene</strong></span> <span class='ocrx_word' id='word_1_589' title='bbox 1369 769 1458 802; x_wconf 61' lang='lat' dir='ltr'><strong>Illique</strong></span> <span class='ocrx_word' id='word_1_590' title='bbox 1479 769 1524 795; x_wconf 75' lang='lat' dir='ltr'><strong>tibi</strong></span> <span class='ocrx_word' id='word_1_591' title='bbox 1540 771 1599 796; x_wconf 83' lang='lat' dir='ltr'><strong>erit.</strong></span> <span class='ocrx_word' id='word_1_592' title='bbox 1615 770 1667 797; x_wconf 82' lang='lat' dir='ltr'><strong>Sed</strong></span> <span class='ocrx_word' id='word_1_593' title='bbox 1685 771 1796 799; x_wconf 89' lang='lat' dir='ltr'><strong>interest</strong></span> <span class='ocrx_word' id='word_1_594' title='bbox 1816 774 1886 801; x_wconf 87' lang='lat' dir='ltr'><strong>inter</strong></span> 
     </span>
    </p>
   </div>
   <div class='ocr_carea' id='block_1_75' title="bbox 1089 811 1884 853">
    <p class='ocr_par' dir='ltr' id='par_1_75' title="bbox 1089 811 1884 853">
     <span class='ocr_line' id='line_1_75' title="bbox 1089 811 1884 853; baseline 0.016 -19"><span class='ocrx_word' id='word_1_595' title='bbox 1089 815 1163 842; x_wconf 84' lang='lat' dir='ltr'><strong>spcm</strong></span> <span class='ocrx_word' id='word_1_596' title='bbox 1171 813 1269 836; x_wconf 83' lang='lat' dir='ltr'><strong>etrem.</strong></span> <span class='ocrx_word' id='word_1_597' title='bbox 1277 811 1304 838; x_wconf 91' lang='lat' dir='ltr'><strong>Si</strong></span> <span class='ocrx_word' id='word_1_598' title='bbox 1314 819 1373 846; x_wconf 65' lang='lat' dir='ltr'><strong>spes</strong></span> <span class='ocrx_word' id='word_1_599' title='bbox 1381 817 1431 839; x_wconf 84' lang='lat' dir='ltr'><strong>tam</strong></span> <span class='ocrx_word' id='word_1_600' title='bbox 1443 814 1537 846; x_wconf 78' lang='lat' dir='ltr'><strong>dulcis,</strong></span> <span class='ocrx_word' id='word_1_601' title='bbox 1547 822 1645 850; x_wconf 85' lang='lat' dir='ltr'><strong>quanto</strong></span> <span class='ocrx_word' id='word_1_602' title='bbox 1657 817 1807 845; x_wconf 78' lang='lat' dir='ltr'><strong>resdulcior</strong></span> <span class='ocrx_word' id='word_1_603' title='bbox 1816 819 1884 853; x_wconf 83' lang='lat' dir='ltr'><strong>erit!</strong></span> 
     </span>
    </p>
   </div>
   <div class='ocr_carea' id='block_1_76' title="bbox 1126 854 1882 899">
    <p class='ocr_par' dir='ltr' id='par_1_76' title="bbox 1126 854 1882 899">
     <span class='ocr_line' id='line_1_76' title="bbox 1126 854 1882 899; baseline 0.016 -19"><span class='ocrx_word' id='word_1_604' title='bbox 1126 854 1234 882; x_wconf 77' lang='lat' dir='ltr'><strong>“Jam</strong></span> <span class='ocrx_word' id='word_1_605' title='bbox 1245 858 1379 883; x_wconf 73' lang='lat' dir='ltr'><strong>veniamus</strong></span> <span class='ocrx_word' id='word_1_606' title='bbox 1389 859 1421 884; x_wconf 87' lang='lat' dir='ltr'><strong>ad</strong></span> <span class='ocrx_word' id='word_1_607' title='bbox 1432 859 1505 890; x_wconf 90' lang='lat' dir='ltr'><strong>illud,</strong></span> <span class='ocrx_word' id='word_1_608' title='bbox 1519 860 1650 888; x_wconf 63' lang='lat' dir='ltr'><strong>Urortua:</strong></span> <span class='ocrx_word' id='word_1_609' title='bbox 1659 861 1765 890; x_wconf 82' lang='lat' dir='ltr'><strong>Christo</strong></span> <span class='ocrx_word' id='word_1_610' title='bbox 1775 858 1882 899; x_wconf 80' lang='lat' dir='ltr'><strong>dicitur.</strong></span> 
     </span>
    </p>
   </div>
   <div class='ocr_carea' id='block_1_77' title="bbox 1089 898 1885 945">
    <p class='ocr_par' dir='ltr' id='par_1_77' title="bbox 1089 898 1885 945">
     <span class='ocr_line' id='line_1_77' title="bbox 1089 898 1885 945; baseline 0.015 -20"><span class='ocrx_word' id='word_1_611' title='bbox 1089 898 1159 934; x_wconf 81' lang='lat' dir='ltr'><strong>Ergo</strong></span> <span class='ocrx_word' id='word_1_612' title='bbox 1170 908 1239 927; x_wconf 78' lang='lat' dir='ltr'><strong>uxor</strong></span> <span class='ocrx_word' id='word_1_613' title='bbox 1259 902 1315 936; x_wconf 82' lang='lat' dir='ltr'><strong>ejus</strong></span> <span class='ocrx_word' id='word_1_614' title='bbox 1326 923 1332 934; x_wconf 90' lang='lat'><strong>,</strong></span> <span class='ocrx_word' id='word_1_615' title='bbox 1347 903 1464 930; x_wconf 64' lang='lat' dir='ltr'><strong>Ecclesia</strong></span> <span class='ocrx_word' id='word_1_616' title='bbox 1489 905 1562 940; x_wconf 79' lang='lat' dir='ltr'><strong>ejus;</strong></span> <span class='ocrx_word' id='word_1_617' title='bbox 1580 906 1699 934; x_wconf 79' lang='lat' dir='ltr'><strong>Ecclesia</strong></span> <span class='ocrx_word' id='word_1_618' title='bbox 1727 908 1802 945; x_wconf 80' lang='lat' dir='ltr'><strong>ejus,</strong></span> <span class='ocrx_word' id='word_1_619' title='bbox 1818 918 1885 937; x_wconf 80' lang='lat' dir='ltr'><strong>uxor</strong></span> 
     </span>
    </p>
   </div>
   <div class='ocr_carea' id='block_1_78' title="bbox 1088 945 1883 988">
    <p class='ocr_par' dir='ltr' id='par_1_78' title="bbox 1088 945 1883 988">
     <span class='ocr_line' id='line_1_78' title="bbox 1088 945 1883 988; baseline 0.016 -19"><span class='ocrx_word' id='word_1_620' title='bbox 1088 945 1144 979; x_wconf 70' lang='lat' dir='ltr'><strong>ejus</strong></span> <span class='ocrx_word' id='word_1_621' title='bbox 1155 966 1161 978; x_wconf 95' lang='lat'><strong>,</strong></span> <span class='ocrx_word' id='word_1_622' title='bbox 1177 955 1224 974; x_wconf 83' lang='lat' dir='ltr'><strong>nos</strong></span> <span class='ocrx_word' id='word_1_623' title='bbox 1241 947 1299 981; x_wconf 81' lang='lat' dir='ltr'><strong>ipsi.</strong></span> <span class='ocrx_word' id='word_1_624' title='bbox 1314 948 1465 976; x_wconf 74' lang='lat' dir='ltr'><strong>Sicntrinca</strong></span> <span class='ocrx_word' id='word_1_625' title='bbox 1480 952 1569 985; x_wconf 64' lang='lat' dir='ltr'><strong>furti/is</strong></span> <span class='ocrx_word' id='word_1_626' title='bbox 1593 952 1644 979; x_wconf 83' lang='lat' dir='ltr'><strong>Sed</strong></span> <span class='ocrx_word' id='word_1_627' title='bbox 1658 953 1789 988; x_wconf 89' lang='lat' dir='ltr'><strong>inquibus</strong></span> <span class='ocrx_word' id='word_1_628' title='bbox 1804 956 1883 983; x_wconf 88' lang='lat' dir='ltr'><strong>vinea</strong></span> 
     </span>
    </p>
   </div>
   <div class='ocr_carea' id='block_1_79' title="bbox 1088 991 1885 1030">
    <p class='ocr_par' dir='ltr' id='par_1_79' title="bbox 1088 991 1885 1030">
     <span class='ocr_line' id='line_1_79' title="bbox 1088 991 1885 1030; baseline 0.016 -13"><span class='ocrx_word' id='word_1_629' title='bbox 1088 991 1201 1019; x_wconf 85' lang='lat' dir='ltr'><strong>fertilis?</strong></span> <span class='ocrx_word' id='word_1_630' title='bbox 1216 993 1339 1021; x_wconf 75' lang='lat' dir='ltr'><strong>Videmus</strong></span> <span class='ocrx_word' id='word_1_631' title='bbox 1351 997 1419 1021; x_wconf 52' lang='lat' dir='ltr'><strong>enim</strong></span> <span class='ocrx_word' id='word_1_632' title='bbox 1435 998 1547 1030; x_wconf 59' lang='lat' dir='ltr'><strong>parietes</strong></span> <span class='ocrx_word' id='word_1_633' title='bbox 1559 998 1622 1025; x_wconf 72' lang='lat' dir='ltr'><strong>istos</strong></span> <span class='ocrx_word' id='word_1_634' title='bbox 1639 999 1768 1027; x_wconf 78' lang='lat' dir='ltr'><strong>intrantes</strong></span> <span class='ocrx_word' id='word_1_635' title='bbox 1785 1001 1885 1030; x_wconf 84' lang='lat' dir='ltr'><strong>multos</strong></span> 
     </span>
    </p>
   </div>
   <div class='ocr_carea' id='block_1_80' title="bbox 1087 1038 1884 1078">
    <p class='ocr_par' dir='ltr' id='par_1_80' title="bbox 1087 1038 1884 1078">
     <span class='ocr_line' id='line_1_80' title="bbox 1087 1038 1884 1078; baseline 0.015 -15"><span class='ocrx_word' id='word_1_636' title='bbox 1087 1038 1206 1070; x_wconf 87' lang='lat' dir='ltr'><strong>steriles;</strong></span> <span class='ocrx_word' id='word_1_637' title='bbox 1223 1039 1342 1067; x_wconf 67' lang='lat' dir='ltr'><strong>videmm</strong></span> <span class='ocrx_word' id='word_1_638' title='bbox 1365 1042 1425 1075; x_wconf 82' lang='lat' dir='ltr'><strong>quia</strong></span> <span class='ocrx_word' id='word_1_639' title='bbox 1453 1043 1517 1069; x_wconf 60' lang='lat' dir='ltr'><strong>istos</strong></span> <span class='ocrx_word' id='word_1_640' title='bbox 1541 1045 1654 1078; x_wconf 68' lang='lat' dir='ltr'><strong>parietes</strong></span> <span class='ocrx_word' id='word_1_641' title='bbox 1685 1045 1783 1073; x_wconf 89' lang='lat' dir='ltr'><strong>intrant</strong></span> <span class='ocrx_word' id='word_1_642' title='bbox 1807 1048 1884 1075; x_wconf 90' lang='lat' dir='ltr'><strong>multi</strong></span> 
     </span>
    </p>
   </div>
   <div class='ocr_carea' id='block_1_81' title="bbox 1086 1083 1881 1128">
    <p class='ocr_par' dir='ltr' id='par_1_81' title="bbox 1086 1083 1881 1128">
     <span class='ocr_line' id='line_1_81' title="bbox 1086 1083 1881 1128; baseline 0.015 -19"><span class='ocrx_word' id='word_1_643' title='bbox 1086 1083 1198 1116; x_wconf 87' lang='lat' dir='ltr'><strong>ebriosi,</strong></span> <span class='ocrx_word' id='word_1_644' title='bbox 1210 1085 1371 1113; x_wconf 61' lang='lat' dir='ltr'><strong>feneratores</strong></span> <span class='ocrx_word' id='word_1_645' title='bbox 1382 1109 1389 1119; x_wconf 88' lang='lat'><strong>,</strong></span> <span class='ocrx_word' id='word_1_646' title='bbox 1400 1096 1552 1123; x_wconf 75' lang='lat' dir='ltr'><strong>mangones,</strong></span> <span class='ocrx_word' id='word_1_647' title='bbox 1567 1096 1716 1125; x_wconf 61' lang='lat' dir='ltr'><strong>quaerentes</strong></span> <span class='ocrx_word' id='word_1_648' title='bbox 1728 1093 1881 1128; x_wconf 86' lang='lat' dir='ltr'><strong>sortilegos,</strong></span> 
     </span>
    </p>
   </div>
   <div class='ocr_carea' id='block_1_82' title="bbox 1086 1131 1883 1180">
    <p class='ocr_par' dir='ltr' id='par_1_82' title="bbox 1086 1131 1883 1180">
     <span class='ocr_line' id='line_1_82' title="bbox 1086 1131 1883 1180; baseline 0.016 -25"><span class='ocrx_word' id='word_1_649' title='bbox 1086 1133 1180 1157; x_wconf 83' lang='lat' dir='ltr'><strong>euntes</strong></span> <span class='ocrx_word' id='word_1_650' title='bbox 1205 1131 1238 1158; x_wconf 88' lang='lat' dir='ltr'><strong>ad</strong></span> <span class='ocrx_word' id='word_1_651' title='bbox 1268 1138 1446 1167; x_wconf 76' lang='lat' dir='ltr'><strong>pra-cantores</strong></span> <span class='ocrx_word' id='word_1_652' title='bbox 1469 1139 1495 1161; x_wconf 86' lang='lat' dir='ltr'><strong>ct</strong></span> <span class='ocrx_word' id='word_1_653' title='bbox 1517 1139 1750 1173; x_wconf 82' lang='lat' dir='ltr'><strong>pra-cantatrices,</strong></span> <span class='ocrx_word' id='word_1_654' title='bbox 1775 1140 1883 1180; x_wconf 83' lang='lat' dir='ltr'><strong>quando</strong></span> 
     </span>
    </p>
   </div>
   <div class='ocr_carea' id='block_1_83' title="bbox 1085 1174 1884 1217">
    <p class='ocr_par' dir='ltr' id='par_1_83' title="bbox 1085 1174 1884 1217">
     <span class='ocr_line' id='line_1_83' title="bbox 1085 1174 1884 1217; baseline 0.016 -16"><span class='ocrx_word' id='word_1_655' title='bbox 1085 1174 1138 1202; x_wconf 88' lang='lat' dir='ltr'><strong>illis</strong></span> <span class='ocrx_word' id='word_1_656' title='bbox 1161 1181 1240 1211; x_wconf 85' lang='lat' dir='ltr'><strong>caput</strong></span> <span class='ocrx_word' id='word_1_657' title='bbox 1264 1176 1344 1205; x_wconf 85' lang='lat' dir='ltr'><strong>dolet.</strong></span> <span class='ocrx_word' id='word_1_658' title='bbox 1369 1179 1417 1205; x_wconf 75' lang='lat' dir='ltr'><strong>ista</strong></span> <span class='ocrx_word' id='word_1_659' title='bbox 1441 1185 1481 1206; x_wconf 91' lang='lat' dir='ltr'><strong>est</strong></span> <span class='ocrx_word' id='word_1_660' title='bbox 1510 1181 1632 1210; x_wconf 82' lang='lat' dir='ltr'><strong>fertilitas</strong></span> <span class='ocrx_word' id='word_1_661' title='bbox 1647 1183 1749 1211; x_wconf 69' lang='lat' dir='ltr'><strong>vincte?</strong></span> <span class='ocrx_word' id='word_1_662' title='bbox 1765 1174 1813 1216; x_wconf 60' lang='lat' dir='ltr'><strong>ista</strong></span> <span class='ocrx_word' id='word_1_663' title='bbox 1841 1191 1884 1217; x_wconf 82' lang='lat' dir='ltr'><strong>est</strong></span> 
     </span>
    </p>
   </div>
   <div class='ocr_carea' id='block_1_84' title="bbox 1086 1221 1881 1264">
    <p class='ocr_par' dir='ltr' id='par_1_84' title="bbox 1086 1221 1881 1264">
     <span class='ocr_line' id='line_1_84' title="bbox 1086 1221 1881 1264; baseline 0.019 -17"><span class='ocrx_word' id='word_1_664' title='bbox 1086 1221 1191 1249; x_wconf 87' lang='lat' dir='ltr'><strong>ubertas</strong></span> <span class='ocrx_word' id='word_1_665' title='bbox 1203 1223 1381 1251; x_wconf 65' lang='lat' dir='ltr'><strong>uxoris?N~vn</strong></span> <span class='ocrx_word' id='word_1_666' title='bbox 1408 1226 1462 1260; x_wconf 84' lang='lat' dir='ltr'><strong>ipsa</strong></span> <span class='ocrx_word' id='word_1_667' title='bbox 1476 1232 1525 1254; x_wconf 91' lang='lat' dir='ltr'><strong>cst.</strong></span> <span class='ocrx_word' id='word_1_668' title='bbox 1555 1228 1613 1255; x_wconf 62' lang='lat' dir='ltr'><strong>Iste</strong></span> <span class='ocrx_word' id='word_1_669' title='bbox 1635 1230 1717 1264; x_wconf 71' lang='lat' dir='ltr'><strong>spinre</strong></span> <span class='ocrx_word' id='word_1_670' title='bbox 1739 1234 1881 1264; x_wconf 83' lang='lat' dir='ltr'><strong>sunt,sed</strong></span> 
     </span>
    </p>
   </div>
   <div class='ocr_carea' id='block_1_85' title="bbox 1084 1268 1882 1312">
    <p class='ocr_par' dir='ltr' id='par_1_85' title="bbox 1084 1268 1882 1312">
     <span class='ocr_line' id='line_1_85' title="bbox 1084 1268 1882 1312; baseline 0.018 -20"><span class='ocrx_word' id='word_1_671' title='bbox 1084 1275 1137 1293; x_wconf 92' lang='lat' dir='ltr'><strong>non</strong></span> <span class='ocrx_word' id='word_1_672' title='bbox 1152 1268 1249 1303; x_wconf 86' lang='lat' dir='ltr'><strong>ubique</strong></span> <span class='ocrx_word' id='word_1_673' title='bbox 1262 1270 1392 1304; x_wconf 75' lang='lat' dir='ltr'><strong>spinusa‘.</strong></span> <span class='ocrx_word' id='word_1_674' title='bbox 1408 1272 1489 1299; x_wconf 72' lang='lat' dir='ltr'><strong>liabet</strong></span> <span class='ocrx_word' id='word_1_675' title='bbox 1503 1274 1642 1307; x_wconf 87' lang='lat' dir='ltr'><strong>quamdam</strong></span> <span class='ocrx_word' id='word_1_676' title='bbox 1661 1276 1839 1312; x_wconf 84' lang='lat' dir='ltr'><strong>fertilitatem,</strong></span> <span class='ocrx_word' id='word_1_677' title='bbox 1854 1283 1882 1307; x_wconf 78' lang='lat' dir='ltr'><strong>et</strong></span> 
     </span>
    </p>
   </div>
   <div class='ocr_carea' id='block_1_86' title="bbox 1084 1315 1881 1354">
    <p class='ocr_par' dir='ltr' id='par_1_86' title="bbox 1084 1315 1881 1354">
     <span class='ocr_line' id='line_1_86' title="bbox 1084 1315 1881 1354; baseline 0.015 -15"><span class='ocrx_word' id='word_1_678' title='bbox 1084 1318 1125 1340; x_wconf 83' lang='lat' dir='ltr'><strong>est</strong></span> <span class='ocrx_word' id='word_1_679' title='bbox 1138 1315 1215 1342; x_wconf 84' lang='lat' dir='ltr'><strong>vinea</strong></span> <span class='ocrx_word' id='word_1_680' title='bbox 1237 1315 1347 1349; x_wconf 81' lang='lat' dir='ltr'><strong>fertilis;</strong></span> <span class='ocrx_word' id='word_1_681' title='bbox 1365 1318 1410 1344; x_wconf 89' lang='lat' dir='ltr'><strong>sed</strong></span> <span class='ocrx_word' id='word_1_682' title='bbox 1432 1319 1458 1345; x_wconf 93' lang='lat' dir='ltr'><strong>in</strong></span> <span class='ocrx_word' id='word_1_683' title='bbox 1482 1320 1598 1354; x_wconf 79' lang='lat' dir='ltr'><strong>quibus?</strong></span> <span class='ocrx_word' id='word_1_684' title='bbox 1614 1320 1647 1347; x_wconf 88' lang='lat' dir='ltr'><strong>In</strong></span> <span class='ocrx_word' id='word_1_685' title='bbox 1659 1322 1778 1350; x_wconf 82' lang='lat' dir='ltr'><strong>lateribus</strong></span> <span class='ocrx_word' id='word_1_686' title='bbox 1789 1324 1881 1352; x_wconf 80' lang='lat' dir='ltr'><strong>domus</strong></span> 
     </span>
    </p>
   </div>
   <div class='ocr_carea' id='block_1_87' title="bbox 1085 1359 1881 1402">
    <p class='ocr_par' dir='ltr' id='par_1_87' title="bbox 1085 1359 1881 1402">
     <span class='ocr_line' id='line_1_87' title="bbox 1085 1359 1881 1402; baseline 0.016 -17"><span class='ocrx_word' id='word_1_687' title='bbox 1085 1363 1144 1386; x_wconf 80' lang='lat' dir='ltr'><strong>tute.</strong></span> <span class='ocrx_word' id='word_1_688' title='bbox 1159 1359 1218 1387; x_wconf 87' lang='lat' dir='ltr'><strong>Non</strong></span> <span class='ocrx_word' id='word_1_689' title='bbox 1232 1369 1324 1389; x_wconf 87' lang='lat' dir='ltr'><strong>omnes</strong></span> <span class='ocrx_word' id='word_1_690' title='bbox 1343 1363 1467 1390; x_wconf 86' lang='lat' dir='ltr'><strong>dicuntur</strong></span> <span class='ocrx_word' id='word_1_691' title='bbox 1482 1365 1563 1392; x_wconf 84' lang='lat' dir='ltr'><strong>latera</strong></span> <span class='ocrx_word' id='word_1_692' title='bbox 1578 1366 1682 1394; x_wconf 90' lang='lat' dir='ltr'><strong>domus.</strong></span> <span class='ocrx_word' id='word_1_693' title='bbox 1700 1367 1796 1402; x_wconf 66' lang='lat' dir='ltr'><strong>Quaero</strong></span> <span class='ocrx_word' id='word_1_694' title='bbox 1808 1371 1881 1398; x_wconf 84' lang='lat' dir='ltr'><strong>enim</strong></span> 
     </span>
    </p>
   </div>
   <div class='ocr_carea' id='block_1_88' title="bbox 1084 1408 1878 1451">
    <p class='ocr_par' dir='ltr' id='par_1_88' title="bbox 1084 1408 1878 1451">
     <span class='ocr_line' id='line_1_88' title="bbox 1084 1408 1878 1451; baseline 0.014 -19"><span class='ocrx_word' id='word_1_695' title='bbox 1084 1414 1142 1441; x_wconf 63' lang='lat' dir='ltr'><strong>qua:</strong></span> <span class='ocrx_word' id='word_1_696' title='bbox 1160 1408 1213 1434; x_wconf 88' lang='lat' dir='ltr'><strong>sint</strong></span> <span class='ocrx_word' id='word_1_697' title='bbox 1235 1408 1337 1436; x_wconf 83' lang='lat' dir='ltr'><strong>latera:</strong></span> <span class='ocrx_word' id='word_1_698' title='bbox 1354 1410 1415 1443; x_wconf 77' lang='lat' dir='ltr'><strong>quid</strong></span> <span class='ocrx_word' id='word_1_699' title='bbox 1442 1410 1547 1438; x_wconf 86' lang='lat' dir='ltr'><strong>dicam?</strong></span> <span class='ocrx_word' id='word_1_700' title='bbox 1569 1413 1686 1440; x_wconf 83' lang='lat' dir='ltr'><strong>Parietes</strong></span> <span class='ocrx_word' id='word_1_701' title='bbox 1713 1417 1878 1451; x_wconf 79' lang='lat' dir='ltr'><strong>sunt,quasi</strong></span> 
     </span>
    </p>
   </div>
   <div class='ocr_carea' id='block_1_89' title="bbox 1084 1453 1877 1497">
    <p class='ocr_par' dir='ltr' id='par_1_89' title="bbox 1084 1453 1877 1497">
     <span class='ocr_line' id='line_1_89' title="bbox 1084 1453 1877 1497; baseline 0.011 -18"><span class='ocrx_word' id='word_1_702' title='bbox 1084 1453 1184 1488; x_wconf 88' lang='lat' dir='ltr'><strong>lapides</strong></span> <span class='ocrx_word' id='word_1_703' title='bbox 1193 1453 1288 1482; x_wconf 73' lang='lat' dir='ltr'><strong>fortes?</strong></span> <span class='ocrx_word' id='word_1_704' title='bbox 1302 1455 1329 1483; x_wconf 90' lang='lat' dir='ltr'><strong>Si</strong></span> <span class='ocrx_word' id='word_1_705' title='bbox 1346 1456 1378 1483; x_wconf 88' lang='lat' dir='ltr'><strong>de</strong></span> <span class='ocrx_word' id='word_1_706' title='bbox 1394 1458 1445 1484; x_wconf 90' lang='lat' dir='ltr'><strong>hoc</strong></span> <span class='ocrx_word' id='word_1_707' title='bbox 1459 1458 1609 1486; x_wconf 85' lang='lat' dir='ltr'><strong>habitaculo</strong></span> <span class='ocrx_word' id='word_1_708' title='bbox 1621 1462 1752 1496; x_wconf 90' lang='lat' dir='ltr'><strong>corporali</strong></span> <span class='ocrx_word' id='word_1_709' title='bbox 1764 1455 1877 1497; x_wconf 83' lang='lat' dir='ltr'><strong>diceret,</strong></span> 
     </span>
    </p>
   </div>
   <div class='ocr_carea' id='block_1_90' title="bbox 1084 1499 1878 1544">
    <p class='ocr_par' dir='ltr' id='par_1_90' title="bbox 1084 1499 1878 1544">
     <span class='ocr_line' id='line_1_90' title="bbox 1084 1499 1878 1544; baseline 0.013 -17"><span class='ocrx_word' id='word_1_710' title='bbox 1084 1499 1152 1528; x_wconf 86' lang='lat' dir='ltr'><strong>forte</strong></span> <span class='ocrx_word' id='word_1_711' title='bbox 1163 1501 1212 1528; x_wconf 87' lang='lat' dir='ltr'><strong>hoc</strong></span> <span class='ocrx_word' id='word_1_712' title='bbox 1222 1502 1430 1538; x_wconf 86' lang='lat' dir='ltr'><strong>intclligercmns</strong></span> <span class='ocrx_word' id='word_1_713' title='bbox 1440 1505 1533 1532; x_wconf 87' lang='lat' dir='ltr'><strong>latera.</strong></span> <span class='ocrx_word' id='word_1_714' title='bbox 1543 1505 1638 1534; x_wconf 87' lang='lat' dir='ltr'><strong>Latera</strong></span> <span class='ocrx_word' id='word_1_715' title='bbox 1648 1507 1762 1535; x_wconf 88' lang='lat' dir='ltr'><strong>dicimus</strong></span> <span class='ocrx_word' id='word_1_716' title='bbox 1770 1507 1878 1544; x_wconf 90' lang='lat' dir='ltr'><strong>domus,</strong></span> 
     </span>
    </p>
   </div>
   <div class='ocr_carea' id='block_1_91' title="bbox 1083 1548 1878 1584">
    <p class='ocr_par' dir='ltr' id='par_1_91' title="bbox 1083 1548 1878 1584">
     <span class='ocr_line' id='line_1_91' title="bbox 1083 1548 1878 1584; baseline 0.011 -9"><span class='ocrx_word' id='word_1_717' title='bbox 1083 1555 1129 1575; x_wconf 87' lang='lat' dir='ltr'><strong>eos</strong></span> <span class='ocrx_word' id='word_1_718' title='bbox 1142 1549 1185 1583; x_wconf 92' lang='lat' dir='ltr'><strong>qui</strong></span> <span class='ocrx_word' id='word_1_719' title='bbox 1201 1548 1332 1577; x_wconf 73' lang='lat' dir='ltr'><strong>inhaerent</strong></span> <span class='ocrx_word' id='word_1_720' title='bbox 1346 1550 1463 1578; x_wconf 88' lang='lat' dir='ltr'><strong>Christo.</strong></span> <span class='ocrx_word' id='word_1_721' title='bbox 1479 1552 1535 1579; x_wconf 85' lang='lat' dir='ltr'><strong>Non</strong></span> <span class='ocrx_word' id='word_1_722' title='bbox 1554 1553 1624 1580; x_wconf 88' lang='lat' dir='ltr'><strong>enim</strong></span> <span class='ocrx_word' id='word_1_723' title='bbox 1642 1554 1700 1581; x_wconf 87' lang='lat' dir='ltr'><strong>sine</strong></span> <span class='ocrx_word' id='word_1_724' title='bbox 1710 1562 1790 1582; x_wconf 86' lang='lat' dir='ltr'><strong>causa</strong></span> <span class='ocrx_word' id='word_1_725' title='bbox 1813 1560 1840 1583; x_wconf 88' lang='lat' dir='ltr'><strong>et</strong></span> <span class='ocrx_word' id='word_1_726' title='bbox 1851 1556 1878 1584; x_wconf 92' lang='lat' dir='ltr'><strong>in</strong></span> 
     </span>
    </p>
   </div>
   <div class='ocr_carea' id='block_1_92' title="bbox 1083 1595 1880 1636">
    <p class='ocr_par' dir='ltr' id='par_1_92' title="bbox 1083 1595 1880 1636">
     <span class='ocr_line' id='line_1_92' title="bbox 1083 1595 1880 1636; baseline 0.011 -16"><span class='ocrx_word' id='word_1_727' title='bbox 1083 1601 1206 1622; x_wconf 88' lang='lat' dir='ltr'><strong>sermone</strong></span> <span class='ocrx_word' id='word_1_728' title='bbox 1217 1595 1369 1630; x_wconf 89' lang='lat' dir='ltr'><strong>quotidiano</strong></span> <span class='ocrx_word' id='word_1_729' title='bbox 1382 1597 1494 1624; x_wconf 85' lang='lat' dir='ltr'><strong>dicimus</strong></span> <span class='ocrx_word' id='word_1_730' title='bbox 1509 1598 1541 1625; x_wconf 89' lang='lat' dir='ltr'><strong>de</strong></span> <span class='ocrx_word' id='word_1_731' title='bbox 1550 1599 1655 1634; x_wconf 88' lang='lat' dir='ltr'><strong>aliquo,</strong></span> <span class='ocrx_word' id='word_1_732' title='bbox 1670 1600 1714 1636; x_wconf 89' lang='lat' dir='ltr'><strong>qui</strong></span> <span class='ocrx_word' id='word_1_733' title='bbox 1728 1601 1796 1628; x_wconf 91' lang='lat' dir='ltr'><strong>forte</strong></span> <span class='ocrx_word' id='word_1_734' title='bbox 1812 1602 1880 1630; x_wconf 85' lang='lat' dir='ltr'><strong>male</strong></span> 
     </span>
    </p>
   </div>
   <div class='ocr_carea' id='block_1_93' title="bbox 1082 1640 1878 1686">
    <p class='ocr_par' dir='ltr' id='par_1_93' title="bbox 1082 1640 1878 1686">
     <span class='ocr_line' id='line_1_93' title="bbox 1082 1640 1878 1686; baseline 0.013 -19"><span class='ocrx_word' id='word_1_735' title='bbox 1082 1640 1136 1675; x_wconf 82' lang='lat' dir='ltr'><strong>agit</strong></span> <span class='ocrx_word' id='word_1_736' title='bbox 1149 1648 1182 1668; x_wconf 85' lang='lat' dir='ltr'><strong>ex</strong></span> <span class='ocrx_word' id='word_1_737' title='bbox 1196 1642 1324 1669; x_wconf 92' lang='lat' dir='ltr'><strong>malorum</strong></span> <span class='ocrx_word' id='word_1_738' title='bbox 1334 1644 1453 1670; x_wconf 85' lang='lat' dir='ltr'><strong>consiliis</strong></span> <span class='ocrx_word' id='word_1_739' title='bbox 1466 1645 1610 1673; x_wconf 87' lang='lat' dir='ltr'><strong>amicorum</strong></span> <span class='ocrx_word' id='word_1_740' title='bbox 1622 1656 1628 1679; x_wconf 85' lang='lat'>;</span> <span class='ocrx_word' id='word_1_741' title='bbox 1651 1647 1683 1674; x_wconf 89' lang='lat' dir='ltr'><strong>de</strong></span> <span class='ocrx_word' id='word_1_742' title='bbox 1696 1647 1741 1675; x_wconf 92' lang='lat' dir='ltr'><strong>illo</strong></span> <span class='ocrx_word' id='word_1_743' title='bbox 1754 1648 1878 1686; x_wconf 83' lang='lat' dir='ltr'><strong>dicimus,</strong></span> 
     </span>
    </p>
   </div>
   <div class='ocr_carea' id='block_1_94' title="bbox 1082 1687 1880 1725">
    <p class='ocr_par' dir='ltr' id='par_1_94' title="bbox 1082 1687 1880 1725">
     <span class='ocr_line' id='line_1_94' title="bbox 1082 1687 1880 1725; baseline 0.014 -12"><span class='ocrx_word' id='word_1_744' title='bbox 1082 1687 1150 1715; x_wconf 88' lang='lat' dir='ltr'><strong>Mala</strong></span> <span class='ocrx_word' id='word_1_745' title='bbox 1166 1688 1247 1716; x_wconf 88' lang='lat' dir='ltr'><strong>latera</strong></span> <span class='ocrx_word' id='word_1_746' title='bbox 1260 1688 1349 1716; x_wconf 86' lang='lat' dir='ltr'><strong>habet.</strong></span> <span class='ocrx_word' id='word_1_747' title='bbox 1366 1690 1433 1724; x_wconf 86' lang='lat' dir='ltr'><strong>Quid</strong></span> <span class='ocrx_word' id='word_1_748' title='bbox 1444 1696 1483 1719; x_wconf 88' lang='lat' dir='ltr'><strong>est</strong></span> <span class='ocrx_word' id='word_1_749' title='bbox 1494 1714 1500 1725; x_wconf 90' lang='lat'><strong>,</strong></span> <span class='ocrx_word' id='word_1_750' title='bbox 1516 1691 1581 1719; x_wconf 87' lang='lat' dir='ltr'><strong>Mala</strong></span> <span class='ocrx_word' id='word_1_751' title='bbox 1596 1693 1678 1721; x_wconf 87' lang='lat' dir='ltr'><strong>latera</strong></span> <span class='ocrx_word' id='word_1_752' title='bbox 1702 1693 1804 1723; x_wconf 83' lang='lat' dir='ltr'><strong>habet?</strong></span> <span class='ocrx_word' id='word_1_753' title='bbox 1819 1688 1880 1724; x_wconf 84' lang='lat' dir='ltr'><strong>Mali</strong></span> 
     </span>
    </p>
   </div>
   <div class='ocr_carea' id='block_1_95' title="bbox 1082 1730 1877 1778">
    <p class='ocr_par' dir='ltr' id='par_1_95' title="bbox 1082 1730 1877 1778">
     <span class='ocr_line' id='line_1_95' title="bbox 1082 1730 1877 1778; baseline 0.01 -17"><span class='ocrx_word' id='word_1_754' title='bbox 1082 1730 1120 1761; x_wconf 87' lang='lat' dir='ltr'><strong>illi</strong></span> <span class='ocrx_word' id='word_1_755' title='bbox 1144 1734 1284 1763; x_wconf 71' lang='lat' dir='ltr'><strong>inharrcnt.</strong></span> <span class='ocrx_word' id='word_1_756' title='bbox 1309 1737 1378 1772; x_wconf 82' lang='lat' dir='ltr'><strong>Ergo</strong></span> <span class='ocrx_word' id='word_1_757' title='bbox 1402 1743 1427 1764; x_wconf 90' lang='lat' dir='ltr'><strong>et</strong></span> <span class='ocrx_word' id='word_1_758' title='bbox 1442 1738 1475 1765; x_wconf 87' lang='lat' dir='ltr'><strong>de</strong></span> <span class='ocrx_word' id='word_1_759' title='bbox 1501 1739 1570 1773; x_wconf 81' lang='lat' dir='ltr'><strong>alio,</strong></span> <span class='ocrx_word' id='word_1_760' title='bbox 1587 1740 1657 1768; x_wconf 86' lang='lat' dir='ltr'><strong>Bona</strong></span> <span class='ocrx_word' id='word_1_761' title='bbox 1672 1741 1755 1770; x_wconf 88' lang='lat' dir='ltr'><strong>latera</strong></span> <span class='ocrx_word' id='word_1_762' title='bbox 1780 1742 1877 1778; x_wconf 68' lang='lat' dir='ltr'><strong>habet:</strong></span> 
     </span>
    </p>
   </div>
   <div class='ocr_carea' id='block_1_96' title="bbox 1081 1780 1878 1817">
    <p class='ocr_par' dir='ltr' id='par_1_96' title="bbox 1081 1780 1878 1817">
     <span class='ocr_line' id='line_1_96' title="bbox 1081 1780 1878 1817; baseline 0.011 -10"><span class='ocrx_word' id='word_1_763' title='bbox 1081 1780 1158 1807; x_wconf 87' lang='lat' dir='ltr'><strong>bonis</strong></span> <span class='ocrx_word' id='word_1_764' title='bbox 1178 1782 1296 1809; x_wconf 90' lang='lat' dir='ltr'><strong>consiliis</strong></span> <span class='ocrx_word' id='word_1_765' title='bbox 1319 1783 1393 1809; x_wconf 61' lang='lat' dir='ltr'><strong>visit.</strong></span> <span class='ocrx_word' id='word_1_766' title='bbox 1409 1784 1477 1817; x_wconf 82' lang='lat' dir='ltr'><strong>Quid</strong></span> <span class='ocrx_word' id='word_1_767' title='bbox 1503 1790 1543 1812; x_wconf 80' lang='lat' dir='ltr'><strong>est</strong></span> <span class='ocrx_word' id='word_1_768' title='bbox 1572 1785 1641 1813; x_wconf 90' lang='lat' dir='ltr'><strong>hoc?</strong></span> <span class='ocrx_word' id='word_1_769' title='bbox 1655 1787 1736 1814; x_wconf 85' lang='lat' dir='ltr'><strong>Bonis</strong></span> <span class='ocrx_word' id='word_1_770' title='bbox 1758 1788 1878 1816; x_wconf 86' lang='lat' dir='ltr'><strong>consiliis</strong></span> 
     </span>
    </p>
   </div>
   <div class='ocr_carea' id='block_1_97' title="bbox 1081 1827 1879 1869">
    <p class='ocr_par' dir='ltr' id='par_1_97' title="bbox 1081 1827 1879 1869">
     <span class='ocr_line' id='line_1_97' title="bbox 1081 1827 1879 1869; baseline 0.013 -16"><span class='ocrx_word' id='word_1_771' title='bbox 1081 1827 1192 1861; x_wconf 83' lang='lat' dir='ltr'><strong>regitur.</strong></span> <span class='ocrx_word' id='word_1_772' title='bbox 1210 1828 1280 1863; x_wconf 83' lang='lat' dir='ltr'><strong>Ergo</strong></span> <span class='ocrx_word' id='word_1_773' title='bbox 1304 1829 1386 1856; x_wconf 86' lang='lat' dir='ltr'><strong>latera</strong></span> <span class='ocrx_word' id='word_1_774' title='bbox 1408 1831 1503 1857; x_wconf 87' lang='lat' dir='ltr'><strong>domus</strong></span> <span class='ocrx_word' id='word_1_775' title='bbox 1528 1837 1588 1859; x_wconf 91' lang='lat' dir='ltr'><strong>sunt</strong></span> <span class='ocrx_word' id='word_1_776' title='bbox 1616 1833 1653 1860; x_wconf 90' lang='lat' dir='ltr'><strong>illi</strong></span> <span class='ocrx_word' id='word_1_777' title='bbox 1677 1834 1721 1869; x_wconf 85' lang='lat' dir='ltr'><strong>qui</strong></span> <span class='ocrx_word' id='word_1_778' title='bbox 1745 1834 1879 1863; x_wconf 59' lang='lat' dir='ltr'><strong>inhorrent</strong></span> 
     </span>
    </p>
   </div>
   <div class='ocr_carea' id='block_1_98' title="bbox 1081 1870 1878 1918">
    <p class='ocr_par' dir='ltr' id='par_1_98' title="bbox 1081 1870 1878 1918">
     <span class='ocr_line' id='line_1_98' title="bbox 1081 1870 1878 1918; baseline 0.011 -18"><span class='ocrx_word' id='word_1_779' title='bbox 1081 1870 1200 1901; x_wconf 81' lang='lat' dir='ltr'><strong>Christo.</strong></span> <span class='ocrx_word' id='word_1_780' title='bbox 1216 1873 1271 1901; x_wconf 86' lang='lat' dir='ltr'><strong>Nec</strong></span> <span class='ocrx_word' id='word_1_781' title='bbox 1285 1874 1344 1902; x_wconf 86' lang='lat' dir='ltr'><strong>sine</strong></span> <span class='ocrx_word' id='word_1_782' title='bbox 1358 1883 1437 1902; x_wconf 78' lang='lat' dir='ltr'><strong>causa</strong></span> <span class='ocrx_word' id='word_1_783' title='bbox 1454 1883 1479 1903; x_wconf 80' lang='lat' dir='ltr'><strong>et</strong></span> <span class='ocrx_word' id='word_1_784' title='bbox 1492 1877 1546 1911; x_wconf 78' lang='lat' dir='ltr'><strong>ipsa</strong></span> <span class='ocrx_word' id='word_1_785' title='bbox 1562 1879 1658 1913; x_wconf 62' lang='lat' dir='ltr'><strong>conjux</strong></span> <span class='ocrx_word' id='word_1_786' title='bbox 1668 1879 1702 1907; x_wconf 91' lang='lat' dir='ltr'><strong>de</strong></span> <span class='ocrx_word' id='word_1_787' title='bbox 1715 1881 1798 1908; x_wconf 80' lang='lat' dir='ltr'><strong>latere</strong></span> <span class='ocrx_word' id='word_1_788' title='bbox 1808 1875 1878 1918; x_wconf 68' lang='lat' dir='ltr'><strong>facta</strong></span> 
     </span>
    </p>
   </div>
   <div class='ocr_carea' id='block_1_99' title="bbox 1081 1918 1876 1965">
    <p class='ocr_par' dir='ltr' id='par_1_99' title="bbox 1081 1918 1876 1965">
     <span class='ocr_line' id='line_1_99' title="bbox 1081 1918 1876 1965; baseline 0.013 -20"><span class='ocrx_word' id='word_1_789' title='bbox 1081 1922 1132 1946; x_wconf 90' lang='lat' dir='ltr'><strong>est.</strong></span> <span class='ocrx_word' id='word_1_790' title='bbox 1147 1918 1210 1946; x_wconf 85' lang='lat' dir='ltr'><strong>Viro</strong></span> <span class='ocrx_word' id='word_1_791' title='bbox 1220 1919 1384 1953; x_wconf 87' lang='lat' dir='ltr'><strong>dormiente,</strong></span> <span class='ocrx_word' id='word_1_792' title='bbox 1400 1922 1451 1948; x_wconf 80' lang='lat' dir='ltr'><strong>Eva</strong></span> <span class='ocrx_word' id='word_1_793' title='bbox 1469 1924 1534 1949; x_wconf 77' lang='lat' dir='ltr'><strong>facta</strong></span> <span class='ocrx_word' id='word_1_794' title='bbox 1553 1929 1593 1950; x_wconf 84' lang='lat' dir='ltr'><strong>est</strong></span> <span class='ocrx_word' id='word_1_795' title='bbox 1616 1923 1691 1961; x_wconf 80' lang='lat' dir='ltr'><strong>(Gen.</strong></span> <span class='ocrx_word' id='word_1_796' title='bbox 1706 1934 1740 1959; x_wconf 80' lang='grc' dir='ltr'>ιι,</span> <span class='ocrx_word' id='word_1_797' title='bbox 1754 1926 1800 1959; x_wconf 76' lang='grc'><strong>21,</strong></span> <span class='ocrx_word' id='word_1_798' title='bbox 1814 1926 1876 1965; x_wconf 53' lang='grc' dir='ltr'><strong>ἓξ).</strong></span> 
     </span>
    </p>
   </div>
   <div class='ocr_carea' id='block_1_100' title="bbox 1081 1965 1877 2011">
    <p class='ocr_par' dir='ltr' id='par_1_100' title="bbox 1081 1965 1877 2011">
     <span class='ocr_line' id='line_1_100' title="bbox 1081 1965 1877 2011; baseline 0.011 -19"><span class='ocrx_word' id='word_1_799' title='bbox 1081 1965 1212 1992; x_wconf 82' lang='lat' dir='ltr'><strong>moriente</strong></span> <span class='ocrx_word' id='word_1_800' title='bbox 1226 1965 1333 1993; x_wconf 88' lang='lat' dir='ltr'><strong>Christo</strong></span> <span class='ocrx_word' id='word_1_801' title='bbox 1344 1988 1350 1998; x_wconf 76' lang='lat'><strong>,</strong></span> <span class='ocrx_word' id='word_1_802' title='bbox 1364 1968 1480 1995; x_wconf 70' lang='lat' dir='ltr'><strong>Ecclesia</strong></span> <span class='ocrx_word' id='word_1_803' title='bbox 1496 1969 1563 1997; x_wconf 73' lang='lat' dir='ltr'><strong>facta</strong></span> <span class='ocrx_word' id='word_1_804' title='bbox 1577 1976 1631 1997; x_wconf 73' lang='lat' dir='ltr'><strong>est:</strong></span> <span class='ocrx_word' id='word_1_805' title='bbox 1647 1976 1673 1999; x_wconf 87' lang='lat' dir='ltr'><strong>et</strong></span> <span class='ocrx_word' id='word_1_806' title='bbox 1689 1972 1729 2000; x_wconf 87' lang='lat' dir='ltr'><strong>illa</strong></span> <span class='ocrx_word' id='word_1_807' title='bbox 1744 1972 1778 1999; x_wconf 86' lang='lat' dir='ltr'><strong>dc</strong></span> <span class='ocrx_word' id='word_1_808' title='bbox 1794 1973 1877 2011; x_wconf 65' lang='lat' dir='ltr'><strong>latere</strong></span> 
     </span>
    </p>
   </div>
   <div class='ocr_carea' id='block_1_101' title="bbox 1080 2010 1876 2053">
    <p class='ocr_par' dir='ltr' id='par_1_101' title="bbox 1080 2010 1876 2053">
     <span class='ocr_line' id='line_1_101' title="bbox 1080 2010 1876 2053; baseline 0.013 -16"><span class='ocrx_word' id='word_1_809' title='bbox 1080 2010 1129 2037; x_wconf 86' lang='lat' dir='ltr'><strong>viri</strong></span> <span class='ocrx_word' id='word_1_810' title='bbox 1141 2032 1147 2043; x_wconf 89' lang='lat'><strong>,</strong></span> <span class='ocrx_word' id='word_1_811' title='bbox 1162 2018 1222 2038; x_wconf 93' lang='lat' dir='ltr'><strong>cum</strong></span> <span class='ocrx_word' id='word_1_812' title='bbox 1238 2016 1311 2039; x_wconf 66' lang='lat' dir='ltr'><strong>co&lt;ta</strong></span> <span class='ocrx_word' id='word_1_813' title='bbox 1339 2013 1455 2040; x_wconf 76' lang='lat' dir='ltr'><strong>detracta</strong></span> <span class='ocrx_word' id='word_1_814' title='bbox 1480 2023 1519 2042; x_wconf 80' lang='lat' dir='ltr'><strong>est</strong></span> <span class='ocrx_word' id='word_1_815' title='bbox 1532 2024 1538 2047; x_wconf 88' lang='lat'><strong>;</strong></span> <span class='ocrx_word' id='word_1_816' title='bbox 1553 2021 1578 2043; x_wconf 89' lang='lat' dir='ltr'><strong>et</strong></span> <span class='ocrx_word' id='word_1_817' title='bbox 1592 2016 1639 2044; x_wconf 89' lang='lat' dir='ltr'><strong>ista</strong></span> <span class='ocrx_word' id='word_1_818' title='bbox 1666 2017 1699 2045; x_wconf 84' lang='lat' dir='ltr'><strong>de</strong></span> <span class='ocrx_word' id='word_1_819' title='bbox 1712 2018 1795 2046; x_wconf 88' lang='lat' dir='ltr'><strong>latere</strong></span> <span class='ocrx_word' id='word_1_820' title='bbox 1808 2019 1876 2053; x_wconf 87' lang='lat' dir='ltr'><strong>viri,</strong></span> 
     </span>
    </p>
   </div>
   <div class='ocr_carea' id='block_1_102' title="bbox 1080 2056 1876 2101">
    <p class='ocr_par' dir='ltr' id='par_1_102' title="bbox 1080 2056 1876 2101">
     <span class='ocr_line' id='line_1_102' title="bbox 1080 2056 1876 2101; baseline 0.013 -19"><span class='ocrx_word' id='word_1_821' title='bbox 1080 2056 1187 2091; x_wconf 87' lang='lat' dir='ltr'><strong>quando</strong></span> <span class='ocrx_word' id='word_1_822' title='bbox 1202 2056 1271 2085; x_wconf 89' lang='lat' dir='ltr'><strong>latus</strong></span> <span class='ocrx_word' id='word_1_823' title='bbox 1296 2057 1388 2085; x_wconf 87' lang='lat' dir='ltr'><strong>lancea</strong></span> <span class='ocrx_word' id='word_1_824' title='bbox 1410 2067 1564 2093; x_wconf 87' lang='lat' dir='ltr'><strong>percussum</strong></span> <span class='ocrx_word' id='word_1_825' title='bbox 1583 2067 1623 2089; x_wconf 88' lang='lat' dir='ltr'><strong>est</strong></span> <span class='ocrx_word' id='word_1_826' title='bbox 1644 2062 1732 2098; x_wconf 84' lang='lat' dir='ltr'><strong>(Joan.</strong></span> <span class='ocrx_word' id='word_1_827' title='bbox 1748 2071 1802 2097; x_wconf 79' lang='lat' dir='ltr'><strong>xu,</strong></span> <span class='ocrx_word' id='word_1_828' title='bbox 1816 2064 1876 2101; x_wconf 66' lang='grc'><strong>54),</strong></span> 
     </span>
    </p>
   </div>
   <div class='ocr_carea' id='block_1_103' title="bbox 1080 2103 1875 2147">
    <p class='ocr_par' dir='ltr' id='par_1_103' title="bbox 1080 2103 1875 2147">
     <span class='ocr_line' id='line_1_103' title="bbox 1080 2103 1875 2147; baseline 0.011 -17"><span class='ocrx_word' id='word_1_829' title='bbox 1080 2108 1106 2131; x_wconf 91' lang='lat' dir='ltr'><strong>et</strong></span> <span class='ocrx_word' id='word_1_830' title='bbox 1124 2103 1295 2132; x_wconf 86' lang='lat' dir='ltr'><strong>Sacramenta</strong></span> <span class='ocrx_word' id='word_1_831' title='bbox 1310 2107 1502 2142; x_wconf 75' lang='lat' dir='ltr'><strong>proﬂuxerunt.</strong></span> <span class='ocrx_word' id='word_1_832' title='bbox 1521 2109 1590 2144; x_wconf 78' lang='lat' dir='ltr'><strong>Ergo</strong></span> <span class='ocrx_word' id='word_1_833' title='bbox 1613 2119 1677 2137; x_wconf 61' lang='lat' dir='ltr'><strong>uxor</strong></span> <span class='ocrx_word' id='word_1_834' title='bbox 1692 2116 1736 2138; x_wconf 85' lang='lat' dir='ltr'><strong>tua</strong></span> <span class='ocrx_word' id='word_1_835' title='bbox 1750 2116 1778 2138; x_wconf 87' lang='lat' dir='ltr'><strong>ut</strong></span> <span class='ocrx_word' id='word_1_836' title='bbox 1801 2112 1875 2147; x_wconf 60' lang='lat' dir='ltr'><strong>vines</strong></span> 
     </span>
    </p>
   </div>
   <div class='ocr_carea' id='block_1_104' title="bbox 1081 2149 1876 2187">
    <p class='ocr_par' dir='ltr' id='par_1_104' title="bbox 1081 2149 1876 2187">
     <span class='ocr_line' id='line_1_104' title="bbox 1081 2149 1876 2187; baseline 0.01 -11"><span class='ocrx_word' id='word_1_837' title='bbox 1081 2150 1182 2185; x_wconf 81' lang='lat' dir='ltr'><strong>fertilis.</strong></span> <span class='ocrx_word' id='word_1_838' title='bbox 1195 2149 1248 2178; x_wconf 85' lang='lat' dir='ltr'><strong>Sed</strong></span> <span class='ocrx_word' id='word_1_839' title='bbox 1264 2151 1289 2178; x_wconf 92' lang='lat' dir='ltr'><strong>in</strong></span> <span class='ocrx_word' id='word_1_840' title='bbox 1311 2153 1429 2187; x_wconf 85' lang='lat' dir='ltr'><strong>quibus?</strong></span> <span class='ocrx_word' id='word_1_841' title='bbox 1453 2153 1485 2180; x_wconf 90' lang='lat' dir='ltr'><strong>In</strong></span> <span class='ocrx_word' id='word_1_842' title='bbox 1510 2154 1628 2182; x_wconf 64' lang='lat' dir='ltr'><strong>lateribus</strong></span> <span class='ocrx_word' id='word_1_843' title='bbox 1652 2156 1742 2183; x_wconf 87' lang='lat' dir='ltr'><strong>domus</strong></span> <span class='ocrx_word' id='word_1_844' title='bbox 1760 2157 1833 2183; x_wconf 64' lang='grc' dir='ltr'><strong>κατ’.</strong></span> <span class='ocrx_word' id='word_1_845' title='bbox 1847 2156 1876 2186; x_wconf 87' lang='lat' dir='ltr'><strong>In</strong></span> 
     </span>
    </p>
   </div>
   <div class='ocr_carea' id='block_1_105' title="bbox 1080 2195 1875 2244">
    <p class='ocr_par' dir='ltr' id='par_1_105' title="bbox 1080 2195 1875 2244">
     <span class='ocr_line' id='line_1_105' title="bbox 1080 2195 1875 2244; baseline 0.01 -22"><span class='ocrx_word' id='word_1_846' title='bbox 1080 2195 1139 2223; x_wconf 89' lang='lat' dir='ltr'><strong>aliis</strong></span> <span class='ocrx_word' id='word_1_847' title='bbox 1151 2196 1196 2232; x_wconf 91' lang='lat' dir='ltr'><strong>qui</strong></span> <span class='ocrx_word' id='word_1_848' title='bbox 1209 2205 1262 2224; x_wconf 91' lang='lat' dir='ltr'><strong>non</strong></span> <span class='ocrx_word' id='word_1_849' title='bbox 1273 2197 1412 2226; x_wconf 70' lang='lat' dir='ltr'><strong>adhcrent</strong></span> <span class='ocrx_word' id='word_1_850' title='bbox 1428 2198 1534 2228; x_wconf 88' lang='lat' dir='ltr'><strong>Christo</strong></span> <span class='ocrx_word' id='word_1_851' title='bbox 1546 2220 1554 2234; x_wconf 94' lang='lat'><strong>,</strong></span> <span class='ocrx_word' id='word_1_852' title='bbox 1568 2200 1676 2229; x_wconf 86' lang='lat' dir='ltr'><strong>sterilis.</strong></span> <span class='ocrx_word' id='word_1_853' title='bbox 1687 2201 1740 2242; x_wconf 81' lang='lat' dir='ltr'><strong>Sed</strong></span> <span class='ocrx_word' id='word_1_854' title='bbox 1753 2209 1805 2244; x_wconf 65' lang='lat' dir='ltr'><strong>nec</strong></span> <span class='ocrx_word' id='word_1_855' title='bbox 1816 2202 1875 2244; x_wconf 66' lang='lat' dir='ltr'><strong>illos</strong></span> 
     </span>
    </p>
   </div>
   <div class='ocr_carea' id='block_1_106' title="bbox 1079 2241 1381 2278">
    <p class='ocr_par' dir='ltr' id='par_1_106' title="bbox 1079 2241 1381 2278">
     <span class='ocr_line' id='line_1_106' title="bbox 1079 2241 1381 2278; baseline 0.013 -10"><span class='ocrx_word' id='word_1_856' title='bbox 1079 2241 1106 2269; x_wconf 91' lang='lat' dir='ltr'><strong>in</strong></span> <span class='ocrx_word' id='word_1_857' title='bbox 1120 2242 1196 2269; x_wconf 83' lang='lat' dir='ltr'><strong>vinea</strong></span> <span class='ocrx_word' id='word_1_858' title='bbox 1211 2245 1381 2278; x_wconf 88' lang='lat' dir='ltr'><strong>computabo.</strong></span> 
     </span>
    </p>
   </div>
   <div class='ocr_carea' id='block_1_107' title="bbox 1116 2288 1874 2335">
    <p class='ocr_par' dir='ltr' id='par_1_107' title="bbox 1116 2288 1874 2335">
     <span class='ocr_line' id='line_1_107' title="bbox 1116 2288 1874 2335; baseline 0.009 -21"><span class='ocrx_word' id='word_1_859' title='bbox 1116 2288 1160 2329; x_wconf 68' lang='lat' dir='ltr'><strong>i2.</strong></span> <span class='ocrx_word' id='word_1_860' title='bbox 1177 2288 1240 2316; x_wconf 84' lang='lat' dir='ltr'><strong>Filii</strong></span> <span class='ocrx_word' id='word_1_861' title='bbox 1253 2290 1298 2316; x_wconf 89' lang='lat' dir='ltr'><strong>tui.</strong></span> <span class='ocrx_word' id='word_1_862' title='bbox 1313 2291 1377 2323; x_wconf 70' lang='lat' dir='ltr'><strong>Qure</strong></span> <span class='ocrx_word' id='word_1_863' title='bbox 1398 2297 1439 2319; x_wconf 84' lang='lat' dir='ltr'><strong>est</strong></span> <span class='ocrx_word' id='word_1_864' title='bbox 1463 2300 1542 2325; x_wconf 80' lang='lat' dir='ltr'><strong>uxor,</strong></span> <span class='ocrx_word' id='word_1_865' title='bbox 1559 2292 1609 2327; x_wconf 85' lang='lat' dir='ltr'><strong>ipsi</strong></span> <span class='ocrx_word' id='word_1_866' title='bbox 1636 2298 1703 2327; x_wconf 76' lang='lat' dir='ltr'><strong>sunt</strong></span> <span class='ocrx_word' id='word_1_867' title='bbox 1724 2299 1751 2322; x_wconf 88' lang='lat' dir='ltr'><strong>et</strong></span> <span class='ocrx_word' id='word_1_868' title='bbox 1773 2293 1830 2321; x_wconf 84' lang='lat' dir='ltr'><strong>filii.</strong></span> <span class='ocrx_word' id='word_1_869' title='bbox 1845 2293 1874 2335; x_wconf 77' lang='lat' dir='ltr'><strong>In</strong></span> 
     </span>
    </p>
   </div>
   <div class='ocr_carea' id='block_1_108' title="bbox 1079 2327 1875 2381">
    <p class='ocr_par' dir='ltr' id='par_1_108' title="bbox 1079 2327 1875 2381">
     <span class='ocr_line' id='line_1_108' title="bbox 1079 2327 1875 2381; baseline 0.01 -20"><span class='ocrx_word' id='word_1_870' title='bbox 1079 2327 1138 2361; x_wconf 82' lang='lat' dir='ltr'><strong>istis</strong></span> <span class='ocrx_word' id='word_1_871' title='bbox 1150 2335 1301 2363; x_wconf 88' lang='lat' dir='ltr'><strong>carnalibus</strong></span> <span class='ocrx_word' id='word_1_872' title='bbox 1317 2338 1415 2371; x_wconf 82' lang='lat' dir='ltr'><strong>iniptiis</strong></span> <span class='ocrx_word' id='word_1_873' title='bbox 1429 2342 1455 2364; x_wconf 84' lang='lat' dir='ltr'><strong>et</strong></span> <span class='ocrx_word' id='word_1_874' title='bbox 1467 2339 1595 2374; x_wconf 81' lang='lat' dir='ltr'><strong>conjugiis</strong></span> <span class='ocrx_word' id='word_1_875' title='bbox 1606 2360 1613 2372; x_wconf 87' lang='lat'><strong>,</strong></span> <span class='ocrx_word' id='word_1_876' title='bbox 1630 2339 1680 2367; x_wconf 88' lang='lat' dir='ltr'><strong>alia</strong></span> <span class='ocrx_word' id='word_1_877' title='bbox 1697 2348 1764 2381; x_wconf 71' lang='lat' dir='ltr'><strong>uxor</strong></span> <span class='ocrx_word' id='word_1_878' title='bbox 1783 2344 1811 2373; x_wconf 75' lang='lat' dir='ltr'><strong>et</strong></span> <span class='ocrx_word' id='word_1_879' title='bbox 1831 2331 1875 2381; x_wconf 70' lang='lat' dir='ltr'><strong>alii</strong></span> 
     </span>
    </p>
   </div>
   <div class='ocr_carea' id='block_1_109' title="bbox 1079 2376 1875 2428">
    <p class='ocr_par' dir='ltr' id='par_1_109' title="bbox 1079 2376 1875 2428">
     <span class='ocr_line' id='line_1_109' title="bbox 1079 2376 1875 2428; baseline 0.01 -22"><span class='ocrx_word' id='word_1_880' title='bbox 1079 2378 1125 2407; x_wconf 85' lang='lat' dir='ltr'><strong>ﬁlii</strong></span> <span class='ocrx_word' id='word_1_881' title='bbox 1142 2389 1147 2407; x_wconf 90' lang='lat'>:</span> <span class='ocrx_word' id='word_1_882' title='bbox 1167 2381 1192 2407; x_wconf 93' lang='lat' dir='ltr'><strong>in</strong></span> <span class='ocrx_word' id='word_1_883' title='bbox 1207 2381 1325 2410; x_wconf 86' lang='lat' dir='ltr'><strong>Ecclesia</strong></span> <span class='ocrx_word' id='word_1_884' title='bbox 1346 2391 1405 2417; x_wconf 65' lang='lat' dir='ltr'><strong>qua:</strong></span> <span class='ocrx_word' id='word_1_885' title='bbox 1426 2392 1501 2418; x_wconf 87' lang='lat' dir='ltr'><strong>uxor,</strong></span> <span class='ocrx_word' id='word_1_886' title='bbox 1525 2385 1572 2423; x_wconf 88' lang='lat' dir='ltr'><strong>ipsi</strong></span> <span class='ocrx_word' id='word_1_887' title='bbox 1592 2384 1649 2412; x_wconf 80' lang='lat' dir='ltr'><strong>lilii.</strong></span> <span class='ocrx_word' id='word_1_888' title='bbox 1665 2376 1715 2412; x_wconf 40' lang='lat' dir='ltr'><strong>Ad.</strong></span> <span class='ocrx_word' id='word_1_889' title='bbox 1728 2376 1875 2428; x_wconf 49' lang='lat' dir='ltr'><strong>Ecclesiae);</strong></span> 
     </span>
    </p>
   </div>
   <div class='ocr_carea' id='block_1_110' title="bbox 1079 2427 1875 2470">
    <p class='ocr_par' dir='ltr' id='par_1_110' title="bbox 1079 2427 1875 2470">
     <span class='ocr_line' id='line_1_110' title="bbox 1079 2427 1875 2470; baseline 0.006 -16"><span class='ocrx_word' id='word_1_890' title='bbox 1079 2427 1151 2454; x_wconf 91' lang='lat' dir='ltr'><strong>enim</strong></span> <span class='ocrx_word' id='word_1_891' title='bbox 1170 2428 1529 2464; x_wconf 84' lang='lat' dir='ltr'><strong>pertinebantApostoli,et</strong></span> <span class='ocrx_word' id='word_1_892' title='bbox 1543 2430 1568 2457; x_wconf 94' lang='lat' dir='ltr'><strong>in</strong></span> <span class='ocrx_word' id='word_1_893' title='bbox 1593 2431 1721 2458; x_wconf 87' lang='lat' dir='ltr'><strong>membris</strong></span> <span class='ocrx_word' id='word_1_894' title='bbox 1746 2430 1875 2470; x_wconf 57' lang='lat' dir='ltr'><strong>Ecclesite</strong></span> 
     </span>
    </p>
   </div>
   <div class='ocr_carea' id='block_1_111' title="bbox 1079 2473 1875 2513">
    <p class='ocr_par' dir='ltr' id='par_1_111' title="bbox 1079 2473 1875 2513">
     <span class='ocr_line' id='line_1_111' title="bbox 1079 2473 1875 2513; baseline 0.006 -14"><span class='ocrx_word' id='word_1_895' title='bbox 1079 2476 1165 2500; x_wconf 83' lang='lat' dir='ltr'><strong>erant.</strong></span> <span class='ocrx_word' id='word_1_896' title='bbox 1181 2473 1250 2508; x_wconf 84' lang='lat' dir='ltr'><strong>Ergo</strong></span> <span class='ocrx_word' id='word_1_897' title='bbox 1276 2475 1301 2501; x_wconf 91' lang='lat' dir='ltr'><strong>in</strong></span> <span class='ocrx_word' id='word_1_898' title='bbox 1313 2474 1425 2510; x_wconf 87' lang='lat' dir='ltr'><strong>conjuge</strong></span> <span class='ocrx_word' id='word_1_899' title='bbox 1436 2475 1518 2509; x_wconf 78' lang='lat' dir='ltr'><strong>ipsius</strong></span> <span class='ocrx_word' id='word_1_900' title='bbox 1533 2480 1626 2509; x_wconf 86' lang='lat' dir='ltr'><strong>erant,</strong></span> <span class='ocrx_word' id='word_1_901' title='bbox 1640 2481 1667 2503; x_wconf 87' lang='lat' dir='ltr'><strong>et</strong></span> <span class='ocrx_word' id='word_1_902' title='bbox 1686 2476 1782 2513; x_wconf 83' lang='lat' dir='ltr'><strong>conqu</strong></span> <span class='ocrx_word' id='word_1_903' title='bbox 1797 2480 1875 2511; x_wconf 68' lang='lat' dir='ltr'><strong>erant</strong></span> 
     </span>
    </p>
   </div>
   <div class='ocr_carea' id='block_1_112' title="bbox 1079 2518 1875 2555">
    <p class='ocr_par' dir='ltr' id='par_1_112' title="bbox 1079 2518 1875 2555">
     <span class='ocr_line' id='line_1_112' title="bbox 1079 2518 1875 2555; baseline 0.005 -9"><span class='ocrx_word' id='word_1_904' title='bbox 1079 2518 1225 2548; x_wconf 83' lang='lat' dir='ltr'><strong>secundum</strong></span> <span class='ocrx_word' id='word_1_905' title='bbox 1242 2520 1390 2554; x_wconf 84' lang='lat' dir='ltr'><strong>portionem</strong></span> <span class='ocrx_word' id='word_1_906' title='bbox 1403 2528 1478 2547; x_wconf 84' lang='lat' dir='ltr'><strong>suam</strong></span> <span class='ocrx_word' id='word_1_907' title='bbox 1494 2529 1573 2555; x_wconf 89' lang='lat' dir='ltr'><strong>quam</strong></span> <span class='ocrx_word' id='word_1_908' title='bbox 1589 2521 1615 2548; x_wconf 92' lang='lat' dir='ltr'><strong>in</strong></span> <span class='ocrx_word' id='word_1_909' title='bbox 1629 2522 1755 2549; x_wconf 85' lang='lat' dir='ltr'><strong>membris</strong></span> <span class='ocrx_word' id='word_1_910' title='bbox 1767 2522 1875 2550; x_wconf 85' lang='lat' dir='ltr'><strong>obtine-</strong></span> 
     </span>
    </p>
   </div>
   <div class='ocr_carea' id='block_1_113' title="bbox 1079 2565 1875 2603">
    <p class='ocr_par' dir='ltr' id='par_1_113' title="bbox 1079 2565 1875 2603">
     <span class='ocr_line' id='line_1_113' title="bbox 1079 2565 1875 2603; baseline 0.004 -11"><span class='ocrx_word' id='word_1_911' title='bbox 1079 2565 1152 2593; x_wconf 85' lang='lat' dir='ltr'><strong>bant.</strong></span> <span class='ocrx_word' id='word_1_912' title='bbox 1169 2565 1256 2599; x_wconf 86' lang='lat' dir='ltr'><strong>Quare</strong></span> <span class='ocrx_word' id='word_1_913' title='bbox 1278 2573 1342 2601; x_wconf 73' lang='lat' dir='ltr'><strong>ergo</strong></span> <span class='ocrx_word' id='word_1_914' title='bbox 1365 2567 1398 2593; x_wconf 89' lang='lat' dir='ltr'><strong>de</strong></span> <span class='ocrx_word' id='word_1_915' title='bbox 1422 2567 1472 2593; x_wconf 88' lang='lat' dir='ltr'><strong>illis</strong></span> <span class='ocrx_word' id='word_1_916' title='bbox 1490 2567 1586 2594; x_wconf 87' lang='lat' dir='ltr'><strong>dicitur</strong></span> <span class='ocrx_word' id='word_1_917' title='bbox 1600 2577 1606 2594; x_wconf 84' lang='lat' dir='ltr'><em>z</em></span> <span class='ocrx_word' id='word_1_918' title='bbox 1620 2567 1683 2595; x_wconf 88' lang='lat' dir='ltr'><strong>Cum</strong></span> <span class='ocrx_word' id='word_1_919' title='bbox 1702 2568 1831 2603; x_wconf 76' lang='lat' dir='ltr'><strong>recesserit</strong></span> <span class='ocrx_word' id='word_1_920' title='bbox 1845 2567 1875 2595; x_wconf 84' lang='lat' dir='ltr'><strong>ab</strong></span> 
     </span>
    </p>
   </div>
   <div class='ocr_carea' id='block_1_114' title="bbox 1080 2611 1876 2650">
    <p class='ocr_par' dir='ltr' id='par_1_114' title="bbox 1080 2611 1876 2650">
     <span class='ocr_line' id='line_1_114' title="bbox 1080 2611 1876 2650; baseline 0.006 -13"><span class='ocrx_word' id='word_1_921' title='bbox 1080 2611 1115 2638; x_wconf 80' lang='lat' dir='ltr'><strong>eis</strong></span> <span class='ocrx_word' id='word_1_922' title='bbox 1127 2620 1245 2647; x_wconf 80' lang='lat' dir='ltr'><strong>sponsus,</strong></span> <span class='ocrx_word' id='word_1_923' title='bbox 1260 2612 1532 2647; x_wconf 66' lang='lat' dir='ltr'><strong>tuncjtjuuabnntﬁlii</strong></span> <span class='ocrx_word' id='word_1_924' title='bbox 1543 2613 1793 2650; x_wconf 78' lang='lat' dir='ltr'><strong>sponsi(!ilattlt.lx,</strong></span> <span class='ocrx_word' id='word_1_925' title='bbox 1813 2613 1876 2649; x_wconf 65' lang='lat'><strong>15)?</strong></span> 
     </span>
    </p>
   </div>
   <div class='ocr_carea' id='block_1_115' title="bbox 1080 2655 1876 2692">
    <p class='ocr_par' dir='ltr' id='par_1_115' title="bbox 1080 2655 1876 2692">
     <span class='ocr_line' id='line_1_115' title="bbox 1080 2655 1876 2692; baseline 0.004 -9"><span class='ocrx_word' id='word_1_926' title='bbox 1080 2655 1152 2691; x_wconf 86' lang='lat' dir='ltr'><strong>Ergo</strong></span> <span class='ocrx_word' id='word_1_927' title='bbox 1178 2656 1235 2692; x_wconf 86' lang='lat' dir='ltr'><strong>ip-a</strong></span> <span class='ocrx_word' id='word_1_928' title='bbox 1255 2657 1350 2692; x_wconf 78' lang='lat' dir='ltr'><strong>conjux</strong></span> <span class='ocrx_word' id='word_1_929' title='bbox 1361 2679 1368 2690; x_wconf 91' lang='lat'><strong>,</strong></span> <span class='ocrx_word' id='word_1_930' title='bbox 1384 2664 1410 2684; x_wconf 87' lang='lat' dir='ltr'><strong>et</strong></span> <span class='ocrx_word' id='word_1_931' title='bbox 1423 2658 1472 2692; x_wconf 84' lang='lat' dir='ltr'><strong>ipsi</strong></span> <span class='ocrx_word' id='word_1_932' title='bbox 1490 2658 1557 2685; x_wconf 60' lang='lat' dir='ltr'><strong>lilii“.</strong></span> <span class='ocrx_word' id='word_1_933' title='bbox 1572 2658 1666 2685; x_wconf 88' lang='lat' dir='ltr'><strong>Mirum</strong></span> <span class='ocrx_word' id='word_1_934' title='bbox 1690 2658 1766 2692; x_wconf 91' lang='lat' dir='ltr'><strong>dico,</strong></span> <span class='ocrx_word' id='word_1_935' title='bbox 1780 2659 1876 2686; x_wconf 88' lang='lat' dir='ltr'><strong>fratres</strong></span> 
     </span>
    </p>
   </div>
   <div class='ocr_carea' id='block_1_116' title="bbox 1079 2703 1876 2734">
    <p class='ocr_par' dir='ltr' id='par_1_116' title="bbox 1079 2703 1876 2734">
     <span class='ocr_line' id='line_1_116' title="bbox 1079 2703 1876 2734; baseline 0.003 -3"><span class='ocrx_word' id='word_1_936' title='bbox 1079 2704 1143 2731; x_wconf 91' lang='lat' dir='ltr'><strong>mei.</strong></span> <span class='ocrx_word' id='word_1_937' title='bbox 1159 2703 1187 2730; x_wconf 86' lang='lat' dir='ltr'><strong>in</strong></span> <span class='ocrx_word' id='word_1_938' title='bbox 1201 2704 1289 2731; x_wconf 89' lang='lat' dir='ltr'><strong>verbis</strong></span> <span class='ocrx_word' id='word_1_939' title='bbox 1306 2704 1409 2731; x_wconf 88' lang='lat' dir='ltr'><strong>Domini</strong></span> <span class='ocrx_word' id='word_1_940' title='bbox 1425 2705 1574 2733; x_wconf 81' lang='lat' dir='ltr'><strong>invenimus</strong></span> <span class='ocrx_word' id='word_1_941' title='bbox 1589 2705 1735 2733; x_wconf 74' lang='lat' dir='ltr'><strong>Ecclesium</strong></span> <span class='ocrx_word' id='word_1_942' title='bbox 1745 2705 1876 2734; x_wconf 81' lang='lat' dir='ltr'><strong>ctfratres</strong></span> 
     </span>
    </p>
   </div>
   <div class='ocr_carea' id='block_1_117' title="bbox 1080 2750 1875 2787">
    <p class='ocr_par' dir='ltr' id='par_1_117' title="bbox 1080 2750 1875 2787">
     <span class='ocr_line' id='line_1_117' title="bbox 1080 2750 1875 2787; baseline 0.003 -10"><span class='ocrx_word' id='word_1_943' title='bbox 1080 2750 1164 2785; x_wconf 83' lang='lat' dir='ltr'><strong>ipsius</strong></span> <span class='ocrx_word' id='word_1_944' title='bbox 1177 2757 1236 2777; x_wconf 88' lang='lat' dir='ltr'><strong>esse</strong></span> <span class='ocrx_word' id='word_1_945' title='bbox 1247 2770 1254 2782; x_wconf 88' lang='lat'><strong>,</strong></span> <span class='ocrx_word' id='word_1_946' title='bbox 1269 2754 1297 2777; x_wconf 92' lang='lat' dir='ltr'><strong>et</strong></span> <span class='ocrx_word' id='word_1_947' title='bbox 1309 2758 1416 2777; x_wconf 79' lang='lat' dir='ltr'><strong>sorores</strong></span> <span class='ocrx_word' id='word_1_948' title='bbox 1427 2751 1509 2785; x_wconf 77' lang='lat' dir='ltr'><strong>ipsius</strong></span> <span class='ocrx_word' id='word_1_949' title='bbox 1525 2759 1585 2779; x_wconf 82' lang='lat' dir='ltr'><strong>esse</strong></span> <span class='ocrx_word' id='word_1_950' title='bbox 1595 2773 1602 2785; x_wconf 83' lang='lat'><strong>,</strong></span> <span class='ocrx_word' id='word_1_951' title='bbox 1617 2756 1644 2779; x_wconf 90' lang='lat' dir='ltr'><strong>et</strong></span> <span class='ocrx_word' id='word_1_952' title='bbox 1663 2757 1777 2780; x_wconf 88' lang='lat' dir='ltr'><strong>matrem</strong></span> <span class='ocrx_word' id='word_1_953' title='bbox 1793 2752 1875 2787; x_wconf 78' lang='lat' dir='ltr'><strong>ipsius</strong></span> 
     </span>
    </p>
   </div>
   <div class='ocr_carea' id='block_1_118' title="bbox 1112 2806 1828 2841">
    <p class='ocr_par' dir='ltr' id='par_1_118' title="bbox 1112 2806 1828 2841">
     <span class='ocr_line' id='line_1_118' title="bbox 1112 2806 1828 2841; baseline 0.006 -11"><span class='ocrx_word' id='word_1_954' title='bbox 1112 2808 1121 2841; x_wconf 60' lang='grc' dir='ltr'><strong>ξ</strong></span> <span class='ocrx_word' id='word_1_955' title='bbox 1134 2806 1247 2841; x_wconf 79' lang='lat' dir='ltr'><strong>Plerique</strong></span> <span class='ocrx_word' id='word_1_956' title='bbox 1259 2811 1321 2836; x_wconf 60' lang='lat' dir='ltr'><strong>Mss,</strong></span> <span class='ocrx_word' id='word_1_957' title='bbox 1333 2807 1376 2833; x_wconf 85' lang='lat' dir='ltr'><strong>sed</strong></span> <span class='ocrx_word' id='word_1_958' title='bbox 1387 2814 1435 2841; x_wconf 77' lang='lat' dir='ltr'><strong>non</strong></span> <span class='ocrx_word' id='word_1_959' title='bbox 1443 2807 1538 2841; x_wconf 76' lang='lat' dir='ltr'><strong>ubique.</strong></span> <span class='ocrx_word' id='word_1_960' title='bbox 1550 2808 1675 2841; x_wconf 76' lang='lat' dir='ltr'><strong>Spinosam</strong></span> <span class='ocrx_word' id='word_1_961' title='bbox 1685 2808 1765 2841; x_wconf 80' lang='lat' dir='ltr'><strong>habet,</strong></span> <span class='ocrx_word' id='word_1_962' title='bbox 1778 2812 1828 2841; x_wconf 72' lang='lat' dir='ltr'><strong>etc.</strong></span> 
     </span>
    </p>
   </div>
   <div class='ocr_carea' id='block_1_119' title="bbox 1112 2838 1877 2873">
    <p class='ocr_par' dir='ltr' id='par_1_119' title="bbox 1112 2838 1877 2873">
     <span class='ocr_line' id='line_1_119' title="bbox 1112 2838 1877 2873; baseline 0.005 -11"><span class='ocrx_word' id='word_1_963' title='bbox 1112 2839 1122 2854; x_wconf 78' lang='grc' dir='ltr'><strong>ι</strong></span> <span class='ocrx_word' id='word_1_964' title='bbox 1134 2838 1178 2873; x_wconf 67' lang='grc' dir='ltr'><strong>βία</strong></span> <span class='ocrx_word' id='word_1_965' title='bbox 1198 2842 1236 2862; x_wconf 73' lang='lat' dir='ltr'><strong>Er.</strong></span> <span class='ocrx_word' id='word_1_966' title='bbox 1256 2842 1282 2863; x_wconf 81' lang='lat' dir='ltr'><strong>et</strong></span> <span class='ocrx_word' id='word_1_967' title='bbox 1300 2842 1355 2864; x_wconf 74' lang='lat' dir='ltr'><strong>Low.</strong></span> <span class='ocrx_word' id='word_1_968' title='bbox 1372 2838 1527 2870; x_wconf 71' lang='lat' dir='ltr'><strong>addunt,‘td</strong></span> <span class='ocrx_word' id='word_1_969' title='bbox 1544 2838 1579 2866; x_wconf 78' lang='lat' dir='ltr'><strong>est</strong></span> <span class='ocrx_word' id='word_1_970' title='bbox 1597 2840 1622 2866; x_wconf 86' lang='lat' dir='ltr'><strong>in</strong></span> <span class='ocrx_word' id='word_1_971' title='bbox 1640 2840 1672 2866; x_wconf 71' lang='lat' dir='ltr'><strong>iis</strong></span> <span class='ocrx_word' id='word_1_972' title='bbox 1690 2840 1732 2872; x_wconf 83' lang='lat' dir='ltr'><strong>qui</strong></span> <span class='ocrx_word' id='word_1_973' title='bbox 1749 2840 1877 2869; x_wconf 70' lang='lat' dir='ltr'><strong>adiicerent</strong></span> 
     </span>
    </p>
   </div>
   <div class='ocr_carea' id='block_1_120' title="bbox 1079 2868 1551 2934">
    <p class='ocr_par' dir='ltr' id='par_1_120' title="bbox 1079 2868 1551 2934">
     <span class='ocr_line' id='line_1_120' title="bbox 1079 2868 1477 2895; baseline 0.003 0"><span class='ocrx_word' id='word_1_974' title='bbox 1079 2868 1184 2895; x_wconf 80' lang='lat' dir='ltr'><strong>Christo.</strong></span> <span class='ocrx_word' id='word_1_975' title='bbox 1473 2868 1477 2870; x_wconf 78' lang='grc'><em>’</em></span> 
     </span>
     <span class='ocr_line' id='line_1_121' title="bbox 1117 2899 1551 2934; baseline 0.007 -10"><span class='ocrx_word' id='word_1_976' title='bbox 1117 2899 1132 2929; x_wconf 66' lang='grc' dir='ltr'>,ι</span> <span class='ocrx_word' id='word_1_977' title='bbox 1139 2903 1176 2924; x_wconf 83' lang='lat' dir='ltr'><strong>Er.</strong></span> <span class='ocrx_word' id='word_1_978' title='bbox 1189 2899 1264 2931; x_wconf 64' lang='lat' dir='ltr'><strong>tngo.</strong></span> <span class='ocrx_word' id='word_1_979' title='bbox 1273 2903 1344 2932; x_wconf 81' lang='lat' dir='ltr'><strong>ven.,</strong></span> <span class='ocrx_word' id='word_1_980' title='bbox 1354 2899 1408 2932; x_wconf 74' lang='lat' dir='ltr'><strong>ipsa</strong></span> <span class='ocrx_word' id='word_1_981' title='bbox 1417 2900 1473 2934; x_wconf 70' lang='lat' dir='ltr'><strong>ﬁlii.</strong></span> <span class='ocrx_word' id='word_1_982' title='bbox 1522 2904 1551 2927; x_wconf 79' lang='grc' dir='ltr'>ιι.</span> 
     </span>
    </p>
   </div>
  </div>
