4078 6474
279 279 304 336 ί
315 278 428 336 685-

275 491 408 552 foris
453 494 838 564 sta‘ntes;quia
883 493 1026 548 foris'
1055 491 1301 558 'stabant,
1347 501 1535 564 typum
1589 490 1866 562 gerebant.

275 589 412 658 Quis
443 583 624 660 typos
655 585 1202 657 matris?Synagoga.
1256 585 1390 653 Quis
1435 593 1594 656 typus
1643 583 1868 638 fratrum

275 681 612 736 carnalium"
637 679 808 734 Judaei
861 679 992 734 foris
1035 687 1256 732 stantes.
1286 677 1354 732 Et
1399 677 1530 732 foris
1559 685 1672 731 stat
1708 679 1888 748 syna-q

273 793 431 851 goga.
459 779 592 833 Nam
619 777 782 832 Maria
814 777 868 832 in
895 777 1152 832 lateribus
1178 775 1368 831 domus
1397 775 1546 842 ejus,
1577 783 1632 830 et
1655 774 1880 845 cognati.-

275 872 394 942 ejus
424 885 490 926 ex
512 870 730 940 virginis
757 869 934 924 Mariae
952 868 1412 938 consanguinitate
1439 869 1716 923 venientes
1734 907 1750 934 ,
1773 867 1866 938 qui

275 964 328 1018 in
357 979 476 1018 eum
530 962 904 1029 crediderunt,
941 963 994 1017 in
1047 963 1300 1018 lateribus
1353 962 1544 1017 domus
1587 961 1864 1032 ejus;uon

273 1055 330 1110 in
359 1063 616 1125 quantum
647 1055 850 1110 carnali
880 1055 1336 1124 consanguinitate
1358 1054 1528 1126 juncti
1549 1063 1734 1118 erant,
1765 1052 1876 1107 sed:

273 1148 328 1206 in
351 1157 606 1220 quantum
629 1150 852 1205 verbum
901 1150 992 1203 Dei
1017 1147 1300 1204 audiebant
1345 1157 1400 1203 et
1441 1147 1726 1202 faciebant.
1751 1147 1864 1202 Hoc

273 1241 416 1296 enim
439 1241 720 1310 respondit
751 1241 1011 1295 Dominus
1036 1251 1088 1296 ct
1111 1243 1213 1306 ait,
1249 1235 1376 1306 Qum
1402 1239 1528 1294 mihi
1565 1247 1744 1306 muter,
1777 1248 1864 1292 aut

273 1334 362 1404 qui
410 1333 633 1405 fratres?
661 1331 814 1388 Unde
857 1341 1200 1388 tenta'verunt
1244 1331 1460 1403 quidam
1514 1332 1694 1386 dicere
1737 1333 1868 1400 quia

272 1423 518 1482 Christus
543 1435 766 1481 matrem
791 1441 898 1481 non
951 1426 1173 1490 habuit,
1202 1427 1324 1496 quin
1357 1425 1529 1488 dixit,
1567 1425 1692 1492 Quae
1736 1425 1860 1478 milii

272 1520 474 1574 mater?
491 1519 710 1585 Quare?
741 1519 881 1590 Ergo
907 1519 1098 1574 Petrus
1145 1527 1199 1573 et
1222 1519 1456 1574 Joannes
1485 1527 1540 1574 et
1587 1518 1818 1572 .lacobus
1841 1559 1854 1583 ,

272 1615 328 1664 et
351 1609 438 1663 alii
463 1609 706 1679 Apostoli
749 1619 928 1679 patres
981 1625 1086 1663 non
1147 1609 1448 1664 habuerunt
1503 1610 1552 1662 in
1587 1609 1860 1664 terra?Et

275 1708 452 1758 tamen
481 1701 606 1770 quid
627 1703 706 1756 eis
733 1702 894 1756 dicit?
925 1701 1104 1755 Nolite
1132 1703 1266 1756 vobis
1289 1703 1452 1756 dicere
1489 1711 1684 1773 patrem
1709 1717 1862 1772 super

269 1799 500 1858 tenam;
541 1809 672 1846 unus
720 1801 792 1847 est
831 1795 964 1846 enim
995 1793 1152 1847 Pater
1194 1805 1352 1848 vester
1391 1811 1476 1866 qui
1515 1796 1566 1848 in
1620 1793 1758 1849 caelis
1787 1803 1862 1850 cst

269 1879 382 1955 (Id.
409 1885 671 1953 xxm,9).
693 1884 848 1952 Quod
877 1901 1004 1956 ergo
1041 1887 1096 1940 in
1125 1895 1272 1956 patre
1299 1886 1522 1941 docebat
1547 1887 1854 1957 discipulos,

263 1975 373 2029 hoc
399 1976 451 2030 in
485 1985 654 2030 matre
697 1979 810 2044 ipse
835 1977 1244 2034 demonstravit.
1270 1979 1396 2033 Vult
1423 1982 1564 2034 enim
1599 1981 1858 2036 Dominus

261 2075 323 2120 ut.
370 2069 922 2138 consauguinitatibus
975 2073 1202 2126 terrenis
1239 2089 1614 2142 prmpouamus
1665 2074 1852 2130 Deum.

260 2155 432 2212 Beier
479 2161 618 2229 patri
640 2202 654 2224 ,
683 2163 806 2230 quia
855 2171 1006 2231 pater
1051 2171 1133 2220 est
1159 2181 1172 2230 ;
1202 2166 1352 2220 defer
1382 2168 1510 2232 Deo,
1542 2169 1668 2237 quia
1717 2170 1858 2224 Deus

261 2258 368 2304 est.
401 2247 688 2306 Generavit
713 2261 768 2307 te
790 2263 938 2323 pater
958 2257 1412 2313 accommodando
1438 2273 1654 2315 carnem
1681 2275 1854 2329 suam;

262 2343 470 2399 ereavit
493 2351 546 2397 te
573 2343 716 2399 Deus
758 2346 1060 2402 adhibendo
1085 2352 1374 2418 potentiam
1404 2367 1576 2407 suam.
1624 2353 1702 2408 Ne
1745 2355 1856 2408 ira-

263 2443 447 2489 scatur
473 2443 624 2504 pater
651 2449 772 2490 cum
799 2439 940 2493 Deus
990 2439 1064 2494 illi
1095 2443 1456 2511 praeponitur;
1491 2439 1600 2499 imo
1629 2446 1858 2514 gaudeat

261 2527 370 2582 sibi
417 2537 620 2582 tantum
671 2529 902 2598 deferri,
937 2541 995 2586 ut
1039 2533 1128 2589 ille
1171 2536 1416 2591 inventus
1479 2547 1620 2592 esset
1666 2541 1754 2609 qui
1805 2540 1855 2595 ei

263 2616 486 2672 deberet
511 2621 744 2688 praeponi
770 2621 869 2691 (α).
901 2623 1041 2693 Ergo
1063 2625 1188 2693 quid
1212 2627 1424 2682 dicam?
1449 2629 1703 2684 Dominus
1729 2631 1854 2701 quid

261 2708 382 2762 ait?
407 2709 534 2774 Qua:
553 2709 678 2763 mihi
697 2721 876 2780 mater,
898 2719 984 2766 aut
1003 2717 1089 2782 qui
1109 2718 1333 2786 fratres?
1355 2718 1420 2772 Et
1437 2721 1656 2773 extendit
1675 2737 1856 2778 manus

259 2799 318 2855 in
336 2802 610 2873 discipulos
631 2821 768 2872 suos,
793 2816 840 2859 et
864 2811 971 2861 ait:
992 2807 1126 2862 Ecce
1148 2821 1306 2864 mater
1321 2829 1432 2866 mea
1452 2823 1499 2866 ct
1520 2815 1704 2884 fratres
1733 2815 1850 2870 utei.

263 2891 484 2949 Fratres
533 2907 714 2960 erant;
741 2909 912 2954 mater
951 2901 1223 2971 quomodo
1271 2905 1466 2959 erant?
1501 2905 1750 2976 Addidit,
1785 2907 1854 2964 Et

259 2987 350 3056 qui
385 2987 556 3056 fecerit
579 2989 885 3044 uoluntatem
915 2992 1084 3048 Putris
1123 2996 1251 3060 mei,
1280 2998 1388 3066 ipse
1437 3001 1561 3053 mihi
1606 3003 1784 3072 frater,
1808 3013 1854 3058 et

259 3095 429 3145 soror,
475 3093 522 3134 et
559 3091 718 3136 mater
763 3095 837 3138 est
886 3083 997 3156 (Id.
1029 3103 1156 3154 χιιι,
1185 3089 1396 3162 46-50).
1450 3093 1612 3160 Puta,
1669 3099 1848 3165 frater,

257 3182 486 3244 propter
513 3190 698 3230 sexum
727 3177 938 3232 virilem
968 3195 1126 3248 quem
1159 3181 1320 3237 habet
1366 3184 1652 3251 Ecclesia';
1683 3205 1849 3258 soror,

255 3277 482 3338 propter
504 3267 728 3324 feminas
755 3285 888 3339 quas
917 3271 1002 3327 hic
1033 3273 1084 3326 in
1109 3275 1362 3330 membris
1389 3277 1549 3332 habet
1575 3277 1851 3336 Christus:

255 3369 422 3412 mater
451 3361 746 3429 quomodo,
771 3363 868 3415 nisi
896 3365 1017 3434 quia
1049 3365 1160 3433 ipse
1192 3367 1437 3422 Christus
1467 3379 1549 3423 est
1597 3369 1652 3425 in
1687 3369 1847 3426 Chri-

257 3451 484 3514 stiauis,
517 3467 649 3522 quos
691 3451 1025 3510 Christianos
1073 3473 1168 3527 per
1221 3457 1552 3528 Baptismum
1609 3463 1848 3534 quotidie

253 3545 402 3614 parit
440 3545 711 3600 Ecclesia?
741 3547 878 3618 Ergo
931 3549 982 3603 in
1012 3551 1204 3620 quibus
1236 3553 1488 3626 intelligis
1539 3557 1849 3628 conjugem,

253 3635 314 3693 in
343 3637 449 3693 illis
479 3647 736 3708 matrem,
769 3641 822 3695 in
853 3641 956 3696 illis
989 3643 1146 3698 filios.

330 3731 420 3787 15.
464 3733 685 3788 Dicatur
714 3750 840 3806 ergo
883 3739 1068 3808 quales
1097 3739 1293 3794 debent
1319 3755 1438 3796 esse
1483 3741 1596 3796 lilii.
1620 3743 1852 3810 Quales?

256 3821 495 3882 Pacifici.
545 3825 722 3892 Quare
773 3827 1020 3897 pacifici?
1061 3829 1227 3897 Quia,
1277 3830 1422 3884 Beati
1469 3834 1701 3903 paciﬁci,
1731 3837 1852 3906 quia

253 3917 360 3990 ipsi
401 3917 495 3986 filii
535 3917 632 3972 Dei
679 3921 992 3974 vocabuntur
1029 3921 1152 3990 (Id.
1181 3939 1242 3987 v,
1288 3923 1384 3992 9).
1439 3927 1570 3990 Quia
1626 3943 1754 3996 ergo
1796 3929 1850 3983 in

253 4009 396 4066 oliva
428 4011 629 4066 fructus
657 4021 740 4067 est
761 4013 903 4082 pacis
927 4032 939 4067 :
973 4014 1149 4068 oleum
1174 4013 1315 4069 cuitu
1345 4031 1531 4084 pacem
1559 4018 1848 4088 significat,

253 4107 383 4177 quia
431 4105 743 4161 charitatem
793 4109 1087 4178 significat;
1122 4109 1236 4164 sine
1279 4109 1534 4165 charitate
1585 4113 1726 4166 nulla
1751 4129 1854 4184 pax

253 4207 378 4254 est:
410 4205 460 4253 et
493 4197 832 4254 manifestum
870 4211 952 4254 est
983 4201 1104 4272 quia
1146 4202 1236 4272 qui
1287 4201 1582 4258 diviserunt
1631 4219 1851 4274 pacem,

249 4303 367 4350 non
397 4291 661 4348 habebant
679 4292 1015 4349 charitatem.
1043 4295 1193 4352 Unde
1206 4297 1316 4366 jam
1343 4298 1568 4368 exposui
1597 4299 1854 4358 Charitati

253 4393 452 4440 vestrae
490 4399 655 4454 quare
694 4385 939 4441 columba
988 4387 1111 4442 folia
1144 4405 1264 4444 eum
1308 4389 1478 4444 fructu
1519 4393 1750 4462 portavit
1787 4394 1854 4450 ad

255 4491 440 4533 arcam
471 4473 624 4546 (Gen.
651 4492 774 4545 vm,
805 4479 916 4548 II);
949 4487 1006 4534 ut
1034 4479 1359 4552 significaret
1386 4483 1504 4551 quia
1551 4495 1606 4538 et
1651 4485 1724 4540 illi
1764 4485 1854 4554 qui

255 4569 392 4626 foris
434 4571 686 4642 baptizati
732 4581 890 4640 sunt,
922 4575 1059 4630 sicut
1099 4575 1237 4646 ligna
1268 4575 1360 4638 illa.
1380 4587 1528 4634 extra
1552 4595 1728 4634 arcam
1755 4579 1854 4634 ba-

255 4663 454 4736 ptizata
477 4675 621 4730 sunt,
650 4667 820 4722 sinon
844 4667 956 4722 sola
988 4667 1109 4722 folia
1143 4669 1454 4740 habuerint,
1488 4673 1540 4729 id
1570 4685 1652 4730 est
1691 4675 1854 4731 verba

257 4758 410 4825 sola,
441 4759 534 4814 sed
561 4759 844 4815 habuerint
887 4771 940 4816 et
987 4761 1246 4830 fructum,
1274 4765 1412 4834 quod
1461 4776 1543 4822 est
1592 4768 1850 4834 Charitas,

255 4845 374 4918 Ipsa
403 4850 646 4906 columba
672 4851 792 4906 illos
819 4860 1060 4922 reportat
1099 4853 1163 4907 ad
1202 4870 1409 4922 arcam,
1439 4865 1496 4911 et
1521 4860 1740 4914 veniunt
1788 4861 1854 4915 ad

255 4941 518 4996 unitatem
553 4941 652 5014 (ὁ).
683 4941 840 4998 Tales
867 4949 994 5014 ergo
1033 4941 1127 4998 ﬁlii
1155 4944 1352 5000 debent
1376 4961 1495 5002 esse
1539 4949 1590 5003 in
1641 4951 1855 5006 circuitu

255 5045 449 5088 mensa:
502 5033 750 5102 Domini,
785 5037 917 5091 velut
971 5037 1238 5092 novellatio
1293 5039 1557 5094 olivarum.
1613 5041 1854 5098 Perfecta

257 5139 348 5180 res
377 5135 704 5200 est,magna
749 5129 1051 5185 beatitudo:
1078 5131 1184 5202 jam
1224 5131 1343 5202 quis
1397 5133 1468 5188 ibi
1523 5135 1655 5189 nolit
1697 5137 1854 5191 esse?

259 5217 398 5278 Cum
419 5219 620 5278 videris
667 5221 900 5294 aliquem
951 5223 1318 5294 blasphemutn
1345 5225 1542 5284 habere
1595 5244 1851 5298 uxorem,

259 5307 404 5365 ﬁlios
422 5353 439 5380 ,
492 5321 745 5384 nepotes,
775 5324 831 5370 et
859 5323 914 5372 te
941 5315 1080 5372 forte
1103 5323 1208 5378 neu
1239 5317 1468 5386 habere,
1496 5319 1604 5374 noli
1645 5321 1851 5390 zelare;

259 5402 388 5460 vide
431 5405 558 5474 quia
591 5414 646 5461 et
685 5407 741 5462 in
767 5415 822 5462 te
849 5409 1170 5480 completum
1200 5420 1316 5478 est,
1339 5410 1434 5465 sed
1490 5412 1852 5482 spiritualiter.

321 5535 348 5570 4
373 5537 472 5587 Edd
497 5536 764 5608 ,_quos_hic,
791 5545 888 5590 etc.
908 5574 920 5597 ,
943 5539 1289 5608 omittuntque,
1317 5553 1454 5591 soror
1493 5549 1688 5606 propter
1715 5544 1858 5608 femi-

257 5608 372 5664 nas.
395 5600 526 5662 quod
543 5599 772 5664 ’inaltero
793 5603 1022 5664 ex_t‘.ot‘b.
1051 5611 1160 5664 Mss.
1175 5599 1428 5664 repertum
1449 5599 1544 5656 eat.

329 5661 572 5732 (afrorte
600 5662 723 5726 Ieg.,
760 5670 812 5714 ut
857 5661 938 5715 ille
968 5677 1092 5715 unus
1123 5661 1338 5716 iuventus
1372 5665 1432 5718 sit
1455 5700 1471 5728 ,
1505 5667 1587 5730 qui
1621 5667 1667 5721 ei
1690 5667 1859 5722 debeat

605 5803 656 5841 γι
673 5787 725 5838 in
746 5795 900 5852 Joam,
923 5803 957 5840 ιι
995 5787 1072 5840 19.

1298 275 1700 334 ENARRATIO
1735 274 1803 332 IN
1821 293 1824 296 ‘
1839 274 2162 339 PSALMUM
2186 281 2443 346 CXXVII.

275 415 419 458 esse.
443 399 577 457 Nam
609 415 731 456 cum
754 397 1128 456 nuntiarentur
1152 398 1204 456 ei
1244 407 1418 454 mater
1441 399 1557 469 ejus
1595 409 1647 453 et
1677 393 1868 454 fratres
1901 383 1930 402 ’⁷

3425 305 3566 364 1686

1939 393 1946 400 ’
1976 385 2066 460 An
2086 387 2240 463 forte'
2261 387 2366 465 no'n
2391 426 2450 467 es
2479 410 2533 466 in
2582 413 2874 473 membris?
2897 417 2954 474 Si
2999 432 3106 475 non
3137 420 3210 478 ibi
3252 435 3312 478 es
3332 463 3346 489 ,
3370 408 3564 494 plango

1973 500 2094 570 quia
2127 517 2228 558 nec
2271 505 2384 571 hic,
2409 519 2510 564 nec
2531 505 2626 563 ibi:
2649 510 2706 566 St
2753 520 2930 566 autem
2975 512 3082 580 ibi,
3133 527 3354 571 secums
3403 527 3560 585 esto;

1973 595 2096 664 quia
2125 597 2226 651 etsi
2257 597 2334 652 ibi
2363 607 2541 656 etnon
2569 601 2686 670 hic,
2709 601 3036 661 fructuosius
3057 606 3130 660 ibi
3159 623 3324 678 quam
3341 607 3448 664 hic.

2043 690 2131 745 M.
2173 691 2230 746 Si
2305 701 2456 763 ergo
2493 695 2780 768 habemus,
2831 713 2996 770 quare
3064 699 3360 758 habemus?
3425 703 3558 770 Quia

1971 781 2223 837 timemus
2265 784 2569 842 Dominum.
2617 788 2750 844 Ecce
2793 791 2866 844 sic
2919 791 3234 852 benedicatur
3273 795 3422 849 hanno
3472 797 3562 867 qui

1971 873 2106 928 timet
2139 874 2428 933 Dominum.
2450 880 2552 935 Ille
2565 890 2646 936 est
2661 881 2830 948 homo,
2849 885 2936 954 qui
2953 895 3084 946 sunt
3097 886 3360 950 homines;
3379 899 3436 944 et
3455 889 3554 958 ipsi

1969 965 2235 1036 homines,
2259 973 2430 1026 homo:
2443 974 2565 1044 quia
2595 976 2745 1030 multi
2773 993 2957 1044 unum,
2979 979 3102 1048 quia
3117 978 3368 1034 Christus
3391 995 3550 1036 unus.

2039 1063 2126 1118 lii.
2172 1064 2319 1137 [ret-3.
2357 1068 2412 1135 5,
2463 1068 2542 1140 6.]
2577 1069 2850 1124 Beucdicat
2905 1081 2954 1127 te
3003 1069 3254 1128 Dominus
3274 1089 3338 1128 ea
3399 1073 3549 1129 Sion.

1967 1155 2218 1226 (imperas
2257 1160 2399 1215 enim
2454 1163 2758 1228 attendere,
2787 1163 2920 1220 Ecce
2959 1166 3032 1220 sic
3061 1165 3375 1222 benedicetur
3403 1167 3554 1222 hoino

1967 1251 2053 1320 qui
2078 1252 2214 1306 timet
2239 1251 2555 1308 Dominum:
2570 1253 2678 1325 jam
2711 1256 2846 1312 forte
2883 1257 3026 1312 oculi
3053 1257 3127 1312 tui
3149 1257 3300 1312 ibant
3321 1273 3414 1328 per
3435 1258 3558 1312 illos

1965 1343 2056 1412 qui
2110 1357 2214 1396 non
2247 1343 2436 1400 timent
2483 1345 2798 1416 Dominum,
2843 1357 2897 1404 ot
2945 1345 3196 1406 videbant
3235 1349 3308 1404 ibi
3357 1365 3556 1406 uxores

1965 1433 2250 1502 fecundas,
2282 1435 2418 1490 filios
2442 1437 2776 1494 abundantes
2814 1439 3054 1496 circuire"
3087 1456 3328 1497 mensam
3383 1443 3552 1512 patris

1965 1528 2078 1590 sui;
2115 1528 2294 1582 nescio
2317 1543 2419 1598 qua
2459 1528 2618 1584 ibas‘:
2645 1527 2918 1585 Bcnedicat
2961 1543 3006 1586 te
3041 1533 3325 1602 Dominus,
3355 1535 3452 1590 sed
3487 1552 3552 1590 ea:

1966 1615 2114 1673 Sion.
2139 1619 2254 1674 Noli
2277 1635 2518 1691 quaerere
2557 1621 2680 1678 illas
2705 1623 3104 1681 benedictione:
3125 1642 3249 1697 quia
3293 1643 3400 1692 non
3425 1635 3554 1684 sunt

1964 1727 2030 1768 ex
2063 1713 2209 1768 Sion.
2239 1715 2356 1770 Non
2391 1715 2662 1772 benedixit
2691 1715 2948 1772 Dominus
2973 1717 3140 1784 tales,
3171 1717 3366 1775 fratres
3407 1719 3550 1774 inci?

1963 1806 2275 1861 Benedictio
2301 1809 2398 1862 ista
2421 1809 2633 1864 Domini
2661 1819 2742 1864 est
2766 1825 2780 1863 :
2804 1819 2894 1863 aut
2920 1809 2966 1864 si
2994 1825 3100 1864 non
3126 1821 3210 1866 est
3227 1826 3258 1866 a
3283 1811 3510 1866 Domino
3528 1851 3544 1878 ,

1963 1903 2084 1970 quis
2109 1902 2268 1957 ducet
2294 1919 2514 1958 tixorcm
2533 1945 2548 1970 ,
2580 1905 2624 1958 si
2647 1905 2779 1960 nolit
2799 1903 3224 1975 Dominus?quis
3239 1906 3406 1975 possit
3431 1917 3552 1960 esse

1963 2006 2122 2047 sanus
2142 2034 2156 2059 ,
2197 1995 2240 2048 si
2275 1994 2406 2048 nolit
2447 1995 2740 2050 Dominus?
2769 2003 2860 2048 aut
2881 1997 3000 2066 quis
3025 2005 3206 2066 posset
3231 2010 3351 2051 esse
3369 1995 3548 2062 dives,

1961 2083 2008 2138 si
2045 2085 2177 2138 ttulit
2219 2086 2514 2140 Dominus?
2546 2087 2640 2140 Dat
2689 2087 2811 2142 illa:
2863 2087 2956 2142 sed
2995 2103 3102 2144 non
3157 2088 3308 2144 vides
3333 2089 3454 2158 quia
3497 2097 3552 2144 et

1961 2177 2243 2245 pecoribus
2258 2177 2439 2232 dedit?
2467 2177 2580 2234 Non
2601 2193 2732 2250 ergo
2753 2179 2822 2234 de
2845 2179 2972 2242 Sion
2997 2190 3080 2236 est
3095 2180 3202 2246 is“
3223 2181 3546 2238 benedictio.

1960 2265 2230 2322 Bcnedicat
2259 2280 2306 2324 te
2329 2270 2580 2324 Dominus
2605 2287 2668 2327 ea“.
2688 2271 2852 2337 Sion;
2879 2281 2926 2325 et
2945 2272 3117 2326 videas
3129 2287 3242 2340 qua:
3284 2273 3414 2326 bona
3433 2281 3550 2326 sunt

1959 2357 2266 2415 Jerusalem.
2291 2362 2418 2416 Nam
2465 2363 2556 2418 illa
2598 2363 2734 2418 bona
2777 2379 2882 2418 non
2933 2371 3058 2418 sunt
3100 2363 3418 2419 Jerusalem.
3454 2362 3550 2418 Vis

1961 2453 2143 2509 videre
2189 2456 2310 2526 quia
2367 2471 2473 2510 non
2517 2465 2641 2511 sunt
2683 2457 2818 2512 bona
2866 2457 3201 2514 Jerusalem?
3253 2457 3324 2514 Et
3363 2458 3550 2513 avibus

1960 2545 2158 2600 dictum
2188 2555 2289 2614 est,
2307 2547 2547 2614 Crescite,
2571 2558 2616 2602 et
2635 2531 3042 2621 multiplicamini
3071 2547 3220 2622 (Gen.
3245 2565 3281 2616 ι,
3301 2549 3420 2620 2‘2).
3445 2551 3548 2604 Pro

1959 2647 2152 2706 magno
2198 2639 2278 2694 vis
2329 2638 2524 2695 habere
2561 2641 2702 2710 quod
2745 2639 2928 2696 avibus
2965 2641 3220 2696 donatum
3260 2641 3379 2696 est?
3407 2641 3548 2697 Voce

1958 2729 2170 2798 quidem
2221 2731 2316 2786 Dei
2358 2731 2612 2788 donatum
2655 2742 2766 2800 est,
2809 2733 2926 2803 quis
2966 2734 3206 2789 [nesciat‘l
3247 2733 3352 2789 Sed
3401 2743 3550 2788 utere

1955 2823 2114 2882 bonis
2135 2825 2270 2891 istis,
2293 2825 2338 2878 si
2359 2825 2588 2896 accipis;
2607 2827 2840 2896 eimagis
2866 2828 3036 2898 cogita
3055 2827 3326 2899 quomodo
3343 2829 3548 2883 nutrias

1957 2917 2049 2986 qui
2101 2916 2212 2970 nati
2263 2925 2421 2986 sunt,
2451 2931 2610 2988 quam
2641 2925 2702 2972 ut
2755 2927 3060 2973 nascantur.
3089 2919 3202 2974 Non
3245 2921 3390 2975 enim
3434 2919 3546 2990 jam

1958 3007 2184 3064 felicitas
2230 3017 2313 3065 est
2365 3009 2564 3066 habere
2615 3010 2784 3078 ﬁlios,
2830 3010 2927 3066 sed
2973 3011 3145 3066 bonos
3198 3011 3416 3067 habere.
3473 3012 3552 3066 De

1957 3101 2259 3156 nutriendis
2285 3101 2498 3169 labora,
2531 3103 2578 3158 si
2598 3103 2708 3158 nati
2733 3103 2961 3168 fuerint;
2991 3103 3034 3158 si
3063 3113 3238 3158 autem
3263 3118 3370 3158 non
3401 3104 3510 3158 nati
3529 3143 3546 3171 ,

1958 3210 2054 3266 age
2073 3197 2272 3266 gratias
2299 3197 2430 3252 Deo.
2464 3195 2624 3251 Forte
2645 3197 2820 3251 minus
2841 3196 3100 3252 sollicitus
3129 3197 3238 3252 eris
3254 3240 3268 3262 ,
3289 3205 3344 3252 et
3369 3207 3548 3251 tamen

1958 3287 2158 3342 sterilis
2203 3301 2308 3342 non
2355 3286 2659 3341 remansisti
2709 3287 2853 3342 illius
2907 3288 3110 3342 matris.
3137 3285 3298 3342 Forte
3329 3289 3470 3355 'per
3495 3294 3550 3341 te

1957 3387 2252 3433 nascuntur
2305 3377 2652 3447 spiritualiter
2700 3377 2770 3434 de
2809 3378 2910 3434 ista
2953 3389 3158 3442 matre,
3205 3377 3296 3447 qui
3320 3386 3446 3432 sunt
3491 3385 3552 3431 ut

1958 3469 2208 3525 novellae8
2221 3470 2477 3524 olivarum
2492 3469 2881 3525 circumeuntes
2893 3483 3134 3524 mensam
3153 3467 3383 3523 Domini.
3399 3467 3548 3524 Con-

1958 3563 2160 3617 soletur
2212 3575 2338 3632 ergo
2375 3569 2428 3617 te
2457 3561 2739 3628 Dominus,
2765 3568 2824 3616 ut
2865 3561 3036 3617 uideas
3077 3560 3211 3616 bona
3241 3560 3549 3617 Jerusalem.

1957 3651 2050 3709 Illa
2078 3656 2220 3710 enim
2247 3655 2384 3709 bona
2402 3663 2540 3709 sunt.
2568 3653 2744 3722 Quare
2789 3655 2950 3708 sunt?
2977 3653 3112 3720 Quia
3157 3661 3356 3708 aeterna
3402 3659 3546 3708 sunt.

1958 3743 2134 3811 Quare
2153 3755 2272 3798 sunt
2291 3745 2316 3798 ?
2336 3745 2468 3814 Quia
2493 3745 2564 3799 ibi
2591 3753 2673 3799 est
2698 3759 2809 3809 rex,
2841 3743 2954 3816 Ego
2979 3759 3090 3798 sum
3115 3743 3202 3814 qui
3215 3760 3326 3798 sum
3347 3743 3549 3816 (Exod.

1957 3853 2043 3905 ιιι,
2077 3838 2186 3908 14).
2214 3837 2317 3892 Ista
2340 3853 2465 3892 vero
2495 3838 2632 3892 bona
2656 3845 2814 3900 sunt,
2842 3846 2898 3891 et
2921 3847 3028 3890 non
3063 3845 3220 3890 sunt:
3253 3851 3362 3889 non
3402 3836 3548 3890 enim

1957 3939 2134 3996 stant;
2165 3929 2436 3997 labuntur,
2469 3927 2658 3984 ﬂuunt.
2691 3925 2822 3984 Filii
2850 3937 2976 4004 sunt
3021 3927 3221 3997 parvuli
3244 3943 3260 3991 ;
3285 3926 3548 3982 blandiris

1958 4023 2224 4094 parvulis,
2257 4022 2606 4078 blandiuntur
2635 4019 2870 4092 parvuli:
2896 4020 3153 4090 numquid
3181 4026 3326 4076 stant
3355 4018 3416 4072 in
3447 4017 3552 4074 eo?

1961 4115 2067 4172 Sed
2093 4125 2246 4186 optas
2268 4107 2326 4170 ut
2351 4121 2617 4181 crescant,
2641 4117 2696 4168 Ill
2723 4113 2942 4169 accedat
2961 4121 3090 4168 tetas
3110 4111 3403 4182 Optas.Sed
3427 4111 3551 4166 vide

1960 4212 2080 4282 quia
2100 4226 2219 4265 cum
2241 4207 2446 4266 accedit
2479 4223 2611 4274 una,
2642 4209 2808 4262 altera
2842 4207 3086 4262 moritur.
3114 4205 3376 4264 Veniente
3420 4219 3552 4276 pue-

1960 4302 2102 4368 ritia,
2127 4302 2354 4356 moritur
2379 4299 2598 4355 infantia
2620 4317 2634 4366 ;
2653 4299 2899 4354 veniente
2919 4297 3300 4366 adolescentia,
3323 4298 3550 4353 moritur

1962 4394 2223 4464 pueritia;
2250 4393 2498 4448 veniente
2545 4393 2854 4462 juventute,
2885 4391 3109 4446 moritur
3155 4389 3547 4455 adolescentia;

1959 4477 2210 4543 veniente
2287 4493 2594 4551 senectute,
2644 4483 2872 4539 moritur
2937 4483 3225 4553 juventus;
3299 4482 3550 4537 veniente

1960 4591 2152 4644 morte,
2179 4579 2403 4632 moritur
2430 4577 2604 4632 omnis
2631 4584 2779 4631 aetas.
2796 4575 2936 4642 Quot
2955 4583 3108 4644 optas
3131 4573 3328 4645 gradus
3355 4573 3548 4639 aetatis,

1964 4681 2044 4728 tot
2069 4671 2224 4728 simul
2251 4679 2402 4742 optas
2428 4679 2483 4726 et
2507 4679 2706 4726 mortes
2733 4675 2966 4724 aetatum.
2993 4665 3110 4724 Non
3132 4676 3258 4723 sunt
3273 4681 3400 4738 ergo
3427 4665 3549 4720 ista.

1959 4767 2096 4823 Num
2123 4767 2315 4822 deinde
2347 4765 2456 4820 nati
2482 4773 2605 4820 sunt
2625 4763 2718 4818 tibi
2742 4761 2834 4817 ﬁlii
2866 4761 2920 4817 in
2945 4769 3087 4818 terra
3113 4769 3288 4816 tecum
3319 4759 3548 4824 victuri,

1961 4873 2027 4914 an
2061 4869 2110 4914 te
2145 4859 2320 4927 potius
2354 4854 2621 4912 exclusuri
2645 4863 2699 4909 et
2726 4853 3064 4910 successuri?
3103 4851 3184 4908 Ad
3212 4865 3305 4906 eos
3351 4847 3553 4920 gaudes

1963 4950 2054 5022 qui
2077 4949 2184 5003 uati
2213 4955 2360 5014 sunt,
2381 4957 2438 5001 ut
2458 4945 2800 5002 excludaris?
2819 4945 2938 5002 Nati
2955 4945 3098 5001 enim
3127 4943 3278 5012 pueri
3299 4949 3552 5010 tanquam

1963 5040 2068 5096 hoc
2097 5039 2280 5095 dicunt
2319 5023 2628 5110 parentibus
2673 5039 2820 5095 suis:
2852 5037 2982 5105 Eia,
3009 5035 3238 5106 cogitate
3283 5033 3364 5096 ire
3391 5033 3549 5101 hinc,

1961 5147 2182 5204 agamus
2225 5139 2280 5187 et
2322 5147 2422 5186 nos
2464 5132 2685 5187 mimum
2723 5137 2986 5185 nostrum.
3036 5125 3227 5182 Mimos
3263 5133 3349 5180 est
3403 5125 3548 5180 enim

1963 5225 2172 5296 generis
2195 5223 2412 5279 human‘i
2441 5229 2550 5278 tota
2579 5223 2683 5277 vita
2705 5217 3185 5289 tentatlonis;-quia
3217 5215 3421 5271 dictum
3449 5223 3551 5281 est,

1969 5311 2214 5374 Universu
2243 5317 2437 5372 vanitas
2460 5317 2622 5371 omnis
2641 5315 2788 5368 homo
2806 5314 2972 5368 uiuens
3000 5310 3185 5384 (Ρωι.
3209 5323 3415 5366 xxxvm
3435 5352 3448 5376 ,
3471 5309 3552 5380 6).

1962 5409 2034 5468 Et
2057 5420 2232 5465 L‘lltlen
2262 5411 2306 5464 si
2345 5409 2605 5481 gaudetur
2639 5405 2704 5462 ad
2737 5407 2876 5462 filios
2898 5417 3262 5471 successuros;
3294 5413 3550 5475 quantum

2030 5545 2046 5578 ί
2071 5544 2210 5594 Corb.
2239 5550 2338 5594 iis:
2361 5538 2538 5603 Nescio
2565 5550 2684 5603 quas
2711 5535 3059 5603 benedictione:
3081 5533 3349 5603 φέρει-εὕων
3378 5539 3425 5586 et
3462 5548 3554 5586 non

1964 5619 2028 5659 ea:
2068 5616 2193 5656 swn.
2219 5631 2281 5640 —
2314 5610 2386 5652 Er.
2413 5595 2723 5666 Lugd/Ven.
2752 5612 2766 5650 :
2807 5597 2975 5650 Nescio
3007 5595 3255 5666 qudibas,
3288 5595 3344 5651 et
3363 5609 3458 5648 non
3494 5611 3556 5649 ex

1962 5678 2090 5722 ειοη.
2177 5675 2233 5716 Μ.

2030 5733 2148 5798 '_Er.
2171 5727 2320 5798 Lugd.
2339 5735 2466 5798 ven.
2496 5732 2549 5798 et
2570 5733 2702 5784 ων..
2720 5725 2844 5798 [grta
3079 5731 3139 5776 lit.

2040 5793 2062 5826 ³
2085 5800 2186 5841 Am.
2202 5797 2278 5839 Er.
2304 5795 2358 5840 et
2375 5795 2505 5851 Mss,
2527 5793 2580 5839 t'n
2601 5793 2814 5840 novellis.
