4078 6472
441 937 478 1055 fi

452 1080 478 1119 .p

528 369 661 433 168⁸1

525 484 858 559 gaudendum
886 490 971 540 est
989 479 1055 536 ad
1072 478 1208 534 ﬁlios
1231 490 1353 532 cum
1394 474 1587 547 quibus
1637 474 2064 546 permanebimus
2083 515 2099 541 ,

526 590 579 636 et
604 579 670 634 ad
695 579 842 634 illum
872 584 1074 646 patrem
1089 570 1174 625 cui
1201 569 1311 624 nati
1352 582 1538 624 sumus
1587 582 1695 624 non
1724 568 2089 633 moriturum‘,

527 672 621 727 sed
651 680 707 724 ut
724 684 821 723 nos
848 680 969 721 cum
991 664 1081 719 illo
1100 677 1313 732 semper
1336 660 1611 716 vivamus?
1639 659 1756 731 Ipsa
1790 668 1913 714 sunt
1961 659 2099 714 bona

526 760 817 817 Jerusalem
840 799 857 825 ,
875 756 998 827 quia
1026 755 1140 825 ipsa
1166 762 1308 808 sunt.
1342 751 1612 807 Benedicat
1634 762 1681 807 te
1700 767 1828 823 ergo
1850 750 2099 805 Dominus

526 871 590 909 ea:
610 853 775 919 Sion;
797 860 844 905 et
862 848 1031 904 videas
1050 864 1165 920 qua
1186 849 1316 902 bona
1340 858 1456 902 sunt
1477 846 1782 901 Jerusalem.
1813 844 1947 900 Nam
1975 845 2099 899 ista'

524 960 644 1014 quae
682 942 911 998 attendis
971 940 1141 1005 bona,
1172 953 1345 994 cacus
1381 938 1550 993 vides.
1589 936 1803 1002 Videas,
1848 936 1943 992 sed
2012 935 2105 990 illa

524 1038 665 1093 bona
691 1052 809 1107 quae
834 1033 999 1090 corde
1029 1032 1292 1087 videntur.
1324 1031 1389 1085 Et
1427 1029 1677 1102 quamdiu
1724 1029 1915 1083 videbo
1964 1028 2101 1083 bona

456 1126 481 1167 δ
524 1130 860 1188 Jerusalem?
883 1127 1068 1182 Omnes
1088 1125 1193 1180 dies
1211 1125 1454 1179 vitietute.
1478 1122 1579 1179 Sed
1602 1123 1645 1177 si
1672 1123 1773 1176 vita
1790 1131 1876 1176 tua
1903 1130 2104 1176 aeterna

470 1197 479 1232 ί
526 1224 707 1288 fuerit,
738 1224 791 1277 in
820 1230 1079 1276 aeternum
1126 1217 1331 1273 videbis
1377 1216 1512 1269 bona
1558 1214 1871 1270 Jerusalem.
1906 1213 1962 1267 Si
2006 1227 2104 1267 au-

528 1316 686 1384 tem',
718 1314 908 1370 fratres
927 1312 1055 1380 mei,
1078 1312 1176 1367 ista
1202 1310 1342 1366 bona
1370 1317 1511 1376 sunt,
1536 1308 1629 1364 sed
1653 1323 1755 1362 non
1784 1322 1967 1362 omnes
1994 1305 2110 1361 dies

534 1409 659 1464 vitae
681 1418 784 1463 tua:
814 1406 963 1462 vides
988 1424 1001 1460 :
1032 1420 1140 1460 non
1161 1404 1302 1459 enim
1328 1402 1543 1473 quando
1588 1401 1706 1457 exis
1743 1400 1811 1455 de
1840 1414 2065 1470 corpore
2090 1441 2107 1467 ,

534 1504 783 1560 moreris.
799 1502 1113 1558 Perseverat
1128 1500 1233 1554 vita
1257 1507 1379 1553 tua:
1409 1512 1603 1567 corpus
1621 1496 1865 1562 moritur,
1880 1493 1972 1549 sed
2001 1494 2110 1548 vita

531 1598 747 1669 spiritus
767 1604 1095 1667 perseverat.
1136 1592 1288 1649 Oculi
1313 1608 1417 1647 non
1466 1590 1678 1654 vident,
1702 1590 1826 1659 quia
1868 1586 2115 1643 discessit

532 1690 622 1760 qui
647 1704 745 1761 per
769 1687 952 1743 oculos
976 1684 1207 1741 videbat.
1247 1683 1575 1753 Ubicumque
1600 1690 1683 1736 est
1702 1681 1791 1751 qui
1812 1696 1908 1751 per
1928 1678 2113 1733 oculos

533 1782 771 1848 videbat,
802 1778 947 1835 videt
976 1777 1194 1848 aliquid.
1224 1776 1339 1831 Non
1367 1776 1509 1831 enim
1542 1782 1782 1829 mortuus
1811 1780 1926 1827 erat
1966 1771 2115 1826 dives

535 1873 628 1929 ille
647 1873 734 1943 qui
766 1874 821 1927 in
842 1880 981 1927 terra
1009 1869 1325 1925 induebatur
1350 1882 1582 1938 purpura
1612 1874 1669 1921 et
1690 1866 1870 1936 bysso;
1900 1863 1945 1918 si
1972 1878 2117 1917 mor-

535 1975 661 2022 tuus
699 1974 863 2031 esset,
918 1962 1057 2033 apud
1088 1961 1284 2017 inferos
1326 1977 1430 2015 non
1457 1967 1795 2028 torqueretur
1823 1956 1972 2025 (Luc.
2003 1971 2112 2020 xvi,

537 2057 625 2120 19,
648 2056 763 2123 25).
800 2054 1098 2125 Optandum
1128 2053 1202 2107 illi
1232 2050 1393 2109 forte‘
1425 2059 1541 2105 erat
1586 2058 1644 2104 ut
1670 2058 1987 2113 moreretur,
2020 2045 2115 2101 sed

536 2148 680 2202 malo
723 2162 821 2201 suo
857 2144 989 2201 vixit
1033 2143 1171 2214 apud
1194 2142 1437 2220 .inferos.
1460 2141 1832 2211 Torquebatur
1865 2140 2027 2205 enim,
2064 2146 2121 2193 et

536 2254 644 2293 non
664 2238 876 2293 videbat
925 2238 1061 2292 bona
1091 2236 1177 2290 illa
1222 2250 1340 2305 quae
1380 2235 1432 2289 in
1471 2243 1607 2289 terra
1654 2233 1959 2287 dimiserat:
1989 2246 2119 2288 ecce

538 2332 780 2385 eratvita
804 2329 967 2398 ipsius
999 2327 1120 2382 talis
1141 2368 1155 2391 ,
1183 2334 1239 2382 et
1266 2326 1402 2381 bona
1434 2326 1519 2379 illa
1568 2340 1672 2379 non
1712 2324 1946 2379 videbat.
1978 2325 2117 2393 Ergo

544 2433 597 2477 tu
627 2424 749 2477 talia
799 2422 1044 2477 desidera
1076 2421 1214 2475 bona
1258 2435 1378 2490 qua:
1420 2417 1597 2473 videas
1646 2434 1816 2474 omnes
1856 2417 1961 2471 dies
2005 2417 2121 2471 vita:

539 2523 671 2576 tute,
699 2514 748 2568 id
765 2523 884 2579 est,
909 2521 967 2568 ut
990 2527 1111 2567 cum
1141 2512 1268 2582 ipsis
1298 2510 1450 2565 bonis
1474 2511 1620 2563 vivas
1641 2509 1694 2562 in
1722 2517 2002 2563 internum.

609 2606 695 2664 16.
727 2606 855 2674 Qua:
898 2614 1024 2660 sunt
1059 2620 1185 2675 ergo
1216 2604 1303 2659 illa
1350 2603 1487 2657 bona
1511 2644 1526 2667 ,
1568 2602 1758 2657 fratres
1780 2642 1795 2665 ,
1838 2601 2118 2657 attendite.

541 2699 653 2753 Diei
698 2707 919 2767 possunt
956 2696 1093 2751 bona
1138 2696 1495 2750 istazAurum
1539 2705 1650 2759 est,
1695 2702 1971 2764 argentum
1998 2702 2118 2759 est,

539 2792 733 2847 fundus
761 2805 1002 2845 ammnus
1031 2799 1146 2852 est,
1178 2788 1482 2843 marmorati
1512 2788 1740 2856 parietes
1777 2794 1940 2851 sunt,
1983 2792 2122 2839 tecta

541 2884 780 2953 laqueata
800 2882 957 2936 sunt?
974 2880 1139 2934 Absit.
1164 2880 1263 2934 lsta
1281 2879 1635 2934 abundantius
1653 2893 1910 2948 pauperes
1928 2877 2124 2932 habent

542 2974 595 3027 in
629 2974 726 3027 hac
752 2972 874 3025 vita.
908 2971 1032 3025 Plus
1054 2979 1137 3025 est
1157 2970 1295 3024 enim
1319 2969 1540 3040 pauperi
1566 2969 1745 3023 videre
1765 2968 1958 3024 cmlum
1987 2968 2120 3023 stel-

538 3064 701 3117 latum
723 3104 737 3128 ,
770 3077 924 3131 quam
956 3060 1101 3115 diviti
1132 3069 1325 3115 tectum
1357 3061 1677 3114 inauratum.
1709 3060 1957 3125 Fratres,
1995 3074 2124 3130 ergo

537 3154 678 3225 quod
711 3166 793 3208 est
827 3153 950 3206 illud
980 3153 1198 3216 bonum,
1226 3166 1333 3222 quo
1359 3152 1701 3207 accendimur
1723 3194 1738 3219 ,
1775 3152 1860 3207 cui
1890 3152 2125 3221 suspira-

541 3263 677 3311 mus,
708 3260 813 3314 quo
842 3244 1265 3309 inﬁamsnamur,
1302 3252 1519 3313 pr0pter
1558 3242 1698 3313 quod
1727 3244 1925 3297 bonum
1950 3242 2124 3312 adipi-

539 3337 794 3393 scendum
809 3344 862 3391 et
883 3335 1168 3391 videndum
1194 3344 1369 3389 tantos
1395 3335 1603 3390 labores
1624 3314 1969 3401 sustinemus,
1989 3334 2126 3389 sicut

538 3426 762 3483 audistis
807 3440 929 3481 cum
979 3425 1248 3496 legeretur
1294 3425 1611 3493 Apostolus,
1660 3426 1782 3494 quia
1820 3441 1991 3479 omnes
2039 3425 2127 3493 qui

540 3520 712 3572 volunt
740 3520 819 3587 pie
848 3519 1005 3571 vivere
1034 3518 1085 3569 in
1112 3517 1311 3569 Christo
1334 3514 1481 3581 Iesu,
1513 3517 1903 3585 persecutionem
1926 3517 2127 3587 patiun-

540 3621 624 3664 tur
653 3609 716 3680 (ll
745 3608 876 3662 Tim.
922 3624 1000 3675 Ill,
1042 3606 1172 3678 l2)?
1210 3607 1324 3663 Non
1358 3608 1498 3661 enim
1538 3608 1730 3672 modo,
1777 3608 1897 3677 quia
1937 3606 2124 3662 diabo-

540 3700 624 3754 lus
649 3715 744 3769 per
772 3713 923 3769 reges
953 3713 1057 3754 non
1085 3698 1237 3753 saevit
1260 3739 1275 3763 ,
1324 3697 1443 3753 ideo
1468 3695 1753 3751 Christiani
1786 3713 1889 3752 non
1916 3697 2126 3767 patiun-

541 3802 628 3848 tur
650 3791 1097 3862 persecutionem.
1128 3790 1184 3846 Si
1215 3798 1457 3845 mortuus
1498 3800 1580 3845 est
1609 3788 1869 3856 diabolus,
1902 3799 2127 3844 mortuae

537 3893 665 3939 sunt
692 3884 1120 3954 persecutiones;
1160 3883 1203 3937 si
1244 3891 1422 3938 autem
1463 3881 1549 3936 ille
1579 3880 1916 3936 adversarius
1945 3891 2127 3937 noster

537 3978 688 4040 vivit,
717 3975 858 4031 unde
882 3991 987 4031 non
1011 3975 1331 4030 tentationes
1353 3974 1617 4045 suggerit?
1644 3974 1784 4029 unde
1812 3990 1916 4029 non
1941 3975 2126 4029 saevit?

541 4069 681 4123 unde
707 4082 812 4123 non
844 4068 1015 4123 minas
1044 4077 1134 4122 aut
1160 4066 1409 4123 scandala
1438 4066 1727 4135 procurat?
1755 4066 1799 4121 0
1826 4067 1871 4121 si
1902 4067 2125 4137 incipias

540 4162 626 4230 pie
654 4162 832 4215 vivere
850 4201 865 4224 ,
912 4159 1119 4214 videbis
1147 4159 1270 4229 quia
1295 4158 1468 4213 omnis
1492 4159 1578 4228 qui
1609 4158 1721 4213 vult
1750 4158 1837 4228 pie
1862 4159 2043 4214 vivere
2070 4158 2123 4214 in

537 4249 751 4307 Christo
779 4250 902 4306 Jesu
924 4292 941 4318 ,
991 4250 1412 4320 persecutionem
1456 4249 1706 4318 patietur.
1749 4248 1973 4319 Propter
1997 4248 2123 4320 quid

538 4359 667 4413 ergo
704 4343 933 4412 patimur
972 4349 1146 4396 tantas
1187 4340 1618 4411 persecutiones?
1661 4338 1722 4394 Si
1764 4340 1896 4393 enim
1934 4342 1987 4393 in
2030 4339 2126 4393 hac

538 4436 639 4488 uita
668 4436 720 4487 in
747 4433 948 4489 Christo
976 4442 1234 4502 sperantes
1262 4448 1434 4487 sumus
1465 4442 1679 4497 tantum,
1712 4432 1785 4485 ait
1812 4433 2119 4502 Apostolus,

538 4525 923 4578 miserabiliores
946 4540 1121 4579 sumus
1142 4523 1369 4577 omnibus
1390 4522 1670 4577 hominibus
1696 4523 1737 4593 (l
1759 4523 1876 4578 Cor.
1901 4540 1989 4591 xv,
2009 4523 2121 4595 19).

541 4617 764 4683 Propter
786 4614 910 4684 quid
936 4614 1169 4669 damnati
1197 4622 1322 4667 sunt
1346 4612 1410 4667 ad
1439 4614 1635 4668 besﬁas
1660 4614 1961 4685 martyres?
1981 4615 2122 4685 quod

538 4716 621 4762 est
660 4706 789 4761 illud
820 4706 1015 4761 bonum
1036 4745 1051 4770 ,
1094 4704 1195 4760 diei
1227 4705 1445 4774 potest?
1479 4704 1621 4759 unde
1641 4747 1655 4768 ,
1683 4713 1774 4759 aut
1799 4720 1917 4775 quae
1944 4705 2123 4777 lingua

538 4800 715 4854 dicat?
754 4808 847 4854 aut
882 4814 1002 4869 quae
1040 4812 1197 4853 aures
1240 4796 1497 4852 audiant?
1534 4796 1601 4852 Et
1626 4797 1838 4868 quidem
1880 4799 2004 4855 illud
2034 4817 2123 4855 nec

536 4891 675 4945 auris
701 4889 922 4953 audivit,
971 4904 1060 4942 nec
1088 4889 1141 4941 in
1181 4905 1268 4942 cor
1309 4889 1526 4943 hominis
1563 4889 1784 4943 ascendit
1810 4887 1921 4959 (Id.
1950 4906 2010 4954 ιι,
2040 4891 2119 4963 9).

537 4988 792 5039 Amemus
824 4991 1026 5037 tantum
1045 4982 1087 5047 ⁸,
1120 4981 1462 5050 proﬁciamus
1492 4989 1692 5038 tantum
1720 4983 1949 5039 :videtis
1978 4986 2119 5041 enim

536 5077 656 5144 quia
691 5090 879 5143 pugna:
905 5089 1011 5127 non
1039 5073 1251 5140 desunt,
1298 5081 1353 5126 et
1390 5088 1686 5143 pugnamus
1714 5090 1833 5129 cum
1865 5078 2120 5148 concupi-

536 5166 753 5221 scentiis
796 5165 1013 5221 nostris.
1046 5165 1350 5236 Pugnamus
1393 5164 1523 5220 foris
1566 5182 1684 5222 cum
1731 5166 2029 5225 inﬁdelibus
2068 5179 2122 5226 et

535 5257 963 5313 inobedientibus
988 5257 1321 5321 hominibus;
1358 5272 1651 5326 pugnamus
1681 5258 1821 5313 intus
1849 5274 1968 5313 cum
1991 5276 2120 5331 sug-

534 5348 885 5417 gestionibus,
909 5362 1029 5402 cum
1054 5346 1540 5417 perturbationibus
1561 5346 1861 5401 carnalibus
1885 5366 1899 5403 :
1925 5330 2121 5419 ubique

536 5454 833 5509 pugnamus
876 5437 1071 5506 adhuc,
1119 5438 1241 5508 quia
1293 5451 1488 5506 corpus
1530 5436 1670 5507 quod
1717 5438 2114 5508 corrumpitur,

533 5537 783 5598 aggravat
810 5528 1039 5583 animam
1070 5528 1228 5599 (Sap.
1273 5544 1345 5596 Ix,
1390 5529 1514 5598 15);
1564 5543 1860 5600 pugnamus
1900 5532 2113 5600 adhuc,

597 5621 613 5649 ί
639 5620 711 5668 sic
733 5626 842 5671 usa.
868 5627 921 5669 Αι
938 5619 1074 5681 Edd.,
1093 5632 1189 5671 non
1209 5618 1451 5671 morituri.

594 5682 615 5712 ε
642 5686 766 5741 Mss.,
788 5694 880 5731 non
903 5682 1012 5733 ista.

595 5743 615 5807 ξ
639 5748 704 5807 ita
730 5752 833 5793 Mss.
860 5744 972 5793 add.
994 5757 1129 5804 vero,
1156 5749 1252 5795 Ista
1274 5746 1432 5794 autem
1460 5754 1478 5795 .'
1502 5744 1697 5807 omisso,
1720 5744 1779 5799 si.

592 5804 611 5833 ‘
638 5802 805 5854 Plures
821 5812 947 5863 Mss,
974 5812 1118 5855 certe.

589 5868 610 5900 ³
635 5868 705 5919 Sic
726 5866 949 5933 plerique
971 5875 1077 5919 Mss.
1103 5874 1159 5920 Αι
1180 5867 1314 5931 Edd.,
1341 5872 1518 5921 ttunen.

1744 364 1804 420 8.
1844 361 2209 423 AUGUSTINI
2246 361 2551 421 EPISCOPI

3649 365 3795 428 1688

2213 476 2463 547 quoniam
2490 473 2538 530 si
2563 473 2770 544 spiritus
2788 474 2889 529 vita
2907 484 3001 542 est,
3036 482 3213 533 tamen
3238 492 3420 549 corpus
3441 488 3699 536 mortuum
3719 490 3801 540 est

2213 578 2421 640 prapter
2446 577 2722 639 peccatum.
2765 567 2871 625 Sed
2919 568 3048 640 quid
3091 570 3320 627 futurum
3361 573 3483 629 est?
3526 573 3591 631 Si
3628 584 3802 630 antas

2214 659 2439 731 Spiritus
2474 660 2582 731 ejus
2608 659 2801 714 habitat
2844 660 2897 715 in
2937 662 3108 729 vobis,
3155 664 3243 734 qui
3266 667 3522 719 suscitauit
3541 665 3802 722 Christum

2214 768 2278 808 ea:
2303 755 2514 808 mortuis
2534 795 2548 820 ,
2582 753 2849 821 viviﬁcabit
2875 764 2921 809 et
2949 758 3182 810 mortalia
3208 773 3420 828 corpora
3442 767 3629 826 vestra,
3671 776 3803 827 pro-

2215 856 2325 916 pter
2351 845 2599 915 Spiritum
2636 848 2744 918 ejus
2768 848 2854 915 qui
2879 847 3069 900 habitat
3097 848 3150 902 in
3189 848 3325 903 vobis
3352 849 3525 920 (Rom.
3561 867 3675 916 vnl,
3708 852 3804 919 10,

2216 938 2326 1007 11).
2353 936 2486 992 Cum
2516 953 2644 1008 ergo
2670 938 2927 994 vivificata
2956 939 3151 994 fuerint
3175 940 3415 995 membra
3438 950 3621 996 nostra
3651 957 3805 997 mor-

2216 1032 2377 1099 talia,
2403 1032 2511 1102 jam
2553 1031 2683 1086 nihil
2729 1032 2938 1088 resistet
2988 1032 3194 1101 spiritui
3238 1040 3443 1088 nostro.
3485 1032 3602 1088 Non
3632 1033 3808 1090 fames

2217 1124 2338 1188 erit,
2373 1139 2477 1178 non
2503 1124 2619 1179 sitis
2647 1124 2781 1189 erit,
2828 1124 2947 1194 quia
2977 1123 3042 1179 de
3067 1126 3408 1194 corruptione
3430 1126 3674 1196 corporis
3702 1126 3810 1182 ista

2218 1223 2527 1271 nascuntur.
2563 1216 2686 1271 Ideo
2714 1215 2908 1281 reﬁcis,
2933 1216 3054 1285 quia
3080 1231 3111 1271 a
3136 1224 3189 1272 te
3215 1215 3413 1287 aliquid
3436 1216 3635 1273 deﬁcit.
3660 1218 3809 1275 Con-

2218 1311 2561 1381 cupiscentiae
2588 1309 2996 1365 delectationum
3035 1309 3328 1365 carnalium
3358 1321 3546 1367 contra
3578 1326 3677 1367 nos
3705 1327 3811 1382 pu—

2217 1412 2399 1472 gnant.
2444 1401 2666 1457 Mortem
2705 1410 2975 1471 portamus
3024 1400 3370 1458 inﬁrmitate‘
3405 1404 3646 1472 corporis
3669 1421 3686 1459 :
3709 1404 3811 1461 sed

2220 1510 2342 1551 cum
2373 1510 2517 1551 mors
2544 1496 2656 1566 ipsa
2684 1510 2937 1550 conversa
2967 1495 3121 1551 fuerit
3143 1495 3194 1550 in
3225 1496 3370 1550 illam
3393 1496 3810 1553 incommutabi-

2219 1586 2423 1642 litatem
2444 1630 2461 1655 ,
2491 1596 2543 1643 et
2567 1589 2910 1657 corruptibile
2937 1588 3039 1643 hoc
3067 1588 3300 1645 induerit
3327 1590 3808 1662 incorruptionem,

2219 1689 2273 1735 et
2312 1680 2539 1736 mortale
2568 1680 2669 1735 hoc
2707 1680 2939 1736 induerit
2968 1682 3445 1749 immortalitatem,
3473 1682 3599 1753 quid
3624 1685 3813 1741 audiet

2221 1782 2348 1829 tunc
2378 1774 2562 1829 mors?
2592 1773 2687 1829 Ubi
2708 1784 2801 1841 est,
2827 1791 2979 1840 mors,
3004 1776 3254 1830 contentio
3281 1785 3367 1829 tua
3383 1777 3409 1831 Ρ
3426 1775 3509 1829 ubi
3525 1786 3621 1843 est,
3647 1794 3809 1845 mors,

2220 1866 2425 1921 aculeus
2452 1866 2609 1919 tuus?
2635 1865 2701 1919 Et
2730 1865 2866 1921 forte
2902 1869 3126 1921 moritur
3149 1909 3163 1934 ,
3212 1876 3267 1922 et
3309 1866 3516 1923 dicetur
3541 1887 3552 1922 :
3582 1868 3815 1925 Restant

2222 1957 2381 2028 aliqui
2412 1956 2650 2011 inimici?
2679 1956 2823 2022 Non;
2858 1958 3097 2027 sequitur
3125 1958 3397 2013 novissima
3422 1960 3621 2013 inimica
3642 1976 3812 2014 mors.

2223 2048 2356 2105 Cum
2390 2048 2503 2102 haec
2528 2047 2796 2103 destructa
2827 2048 2985 2104 fuerit
3004 2092 3018 2115 ,
3052 2051 3422 2107 immortalitas
3451 2052 3719 2107 succedet.
3750 2052 3815 2109 Si

2222 2140 2397 2195 nullus
2439 2142 2541 2196 erit
2566 2141 2807 2197 inimicus
2832 2183 2847 2207 ,
2895 2142 3045 2212 quasi
3074 2142 3345 2197 novissima
3371 2144 3650 2198 destruetur
3674 2160 3821 2200 mors

2224 2234 2269 2304 (Ι
2296 2234 2413 2289 Cor.
2440 2251 2527 2301 xv,
2556 2236 2645 2302 55,
2674 2235 2764 2302 54,
2799 2237 2887 2299 55,
2922 2236 3033 2306 26).
3067 2235 3272 2291 Bonum
3315 2246 3555 2292 nostrum
3580 2238 3667 2293 cui
3722 2253 3817 2293 su-

2223 2325 2521 2395 spiramus,
2551 2341 2654 2395 pax
2694 2326 2813 2381 erit.
2840 2326 2977 2381 Ecce
3026 2328 3224 2382 bonum
3249 2369 3265 2395 ,
3305 2327 3517 2394 fratres,
3558 2344 3818 2400 magnum

2224 2414 2422 2470 bonum
2455 2432 2552 2486 pax
2580 2425 2819 2472 vocatur.
2860 2418 3191 2486 Quaerebatis
3216 2420 3341 2489 quid
3362 2430 3641 2476 vocaretur
3665 2440 3678 2475 :
3704 2423 3819 2476 Au-

2225 2522 2343 2562 rum
2371 2517 2473 2573 est,
2520 2518 2796 2578 argentum
2839 2518 2956 2576 est,
2997 2525 3063 2565 an
3116 2509 3327 2574 fundus,
3371 2527 3437 2566 an
3470 2512 3677 2567 vestis?
3702 2513 3820 2569 Pax

2226 2604 2347 2653 est:
2372 2611 2477 2651 non
2510 2612 2609 2667 pax
2650 2599 2861 2669 qualem
2907 2599 3046 2655 inter
3070 2615 3131 2656 se
3157 2599 3355 2667 habent
3380 2602 3657 2669 homines,
3688 2602 3816 2658 inﬁ-

2226 2688 2373 2755 dam,
2404 2689 2725 2757 instabilem,
2750 2692 3083 2759 mutabilem,
3113 2692 3368 2747 ineertam
3392 2710 3407 2758 ;
3433 2708 3534 2748 nec
3559 2708 3662 2762 pax
3694 2694 3818 2750 talis

2227 2778 2441 2849 qualem
2468 2795 2650 2836 secum
2684 2780 2846 2837 habet
2873 2783 2987 2852 ipse
3021 2798 3157 2839 unus
3185 2783 3365 2839 homo.
3398 2784 3641 2839 Diximus
3668 2786 3816 2842 enim

2228 2872 2350 2943 quia
2381 2881 2436 2927 et
2457 2887 2637 2929 secum
2665 2882 2862 2945 pugnat
2890 2874 3083 2941 homo;
3116 2890 3390 2946 usquequo
3415 2875 3597 2932 domet
3619 2890 3816 2933 omnes

2227 2963 2565 3034 cupiditates,
2606 2964 2781 3021 adhuc
2824 2975 3038 3036 pugnat.
3082 2966 3263 3033 Qualis
3306 2980 3435 3037 ergo
3474 2968 3619 3037 pax?
3644 2967 3816 3034 Quam

2226 3056 2402 3110 oculus
2446 3074 2547 3111 non
2584 3057 2730 3125 vidit,
2778 3074 2867 3111 nec
2907 3058 3046 3112 auris
3087 3058 3297 3111 audiuit.
3340 3058 3525 3125 Qualis
3569 3058 3709 3127 pax?
3736 3058 3816 3116 De

2225 3148 2543 3216 Jerusalem,
2574 3151 2694 3221 quia
2721 3149 3013 3205 Jerusalem
3043 3150 3440 3220 interpretatur,
3474 3150 3622 3206 Visio
3646 3151 3811 3220 pacis.

2229 3240 2319 3296 Sic
2346 3256 2476 3312 ergo
2506 3241 2763 3295 benedicat
2787 3251 2834 3296 te
2858 3240 3107 3297 Dominus
3129 3259 3192 3297 ea:
3221 3243 3388 3310 Sion;
3416 3253 3462 3298 et
3488 3244 3657 3298 videas
3684 3244 3816 3301 bona

2226 3348 2339 3403 qua:
2366 3343 2484 3387 sunt
2507 3332 2809 3397 Jerusalem,
2838 3342 2891 3388 et
2914 3333 3095 3390 videas
3127 3351 3298 3391 omnes
3325 3335 3432 3390 dies
3452 3337 3566 3390 vitae
3595 3344 3712 3390 tua.
3745 3333 3815 3389 Et

2226 3424 2415 3491 videas,
2445 3440 2551 3479 non
2594 3425 2731 3480 ﬁlios
2757 3433 2877 3480 tuos
2900 3434 3103 3480 tantum
3122 3468 3137 3493 ,
3170 3426 3263 3481 sed
3294 3427 3427 3496 ﬁlios
3450 3428 3676 3496 ﬁliorum
3702 3437 3817 3483 tuo-

2227 3533 2359 3571 rum.
2402 3517 2538 3585 Quid
2569 3527 2670 3582 est,
2705 3518 2843 3574 ﬁlios
2882 3521 3041 3575 tuos?
3087 3520 3261 3592 Opera
3290 3529 3377 3576 tua
3405 3537 3523 3592 qua:
3564 3522 3653 3578 hic
3679 3523 3813 3593 agis.

2228 3610 2327 3678 Qui
2351 3620 2475 3665 sunt
2497 3612 2589 3665 ﬁlii
2612 3612 2882 3668 ﬁliorum?
2909 3613 3137 3669 Fructus
3157 3629 3381 3685 operum
3405 3624 3636 3669 tuorum.
3662 3615 3817 3673 Facis

2227 3700 2629 3772 eleemosynas,
2664 3702 2756 3757 ﬁlii
2787 3706 2861 3758 tui
2889 3713 3050 3758 sunt:
3081 3712 3298 3774 propter
3322 3704 3694 3775 eleemosynas
3722 3721 3816 3761 ac-

2227 3793 2360 3862 cipis
2414 3793 2575 3848 vitam
2627 3804 2921 3863 aeternam,
2982 3794 3075 3850 ﬁlii
3123 3796 3351 3851 ﬁliorum
3405 3805 3615 3852 tuorum
3669 3806 3815 3853 sunt.

2237 3883 2419 3938 Videas
2444 3885 2578 3952 filios
2607 3886 2829 3955 ﬁliorum
2859 3896 3091 3953 tuorum;
3140 3897 3194 3943 et
3230 3890 3332 3943 erit
3368 3888 3514 3959 quod
3541 3890 3815 3960 sequitur,

2227 3992 2332 4047 quo
2361 3977 2731 4045 concluditur,
2778 3976 2896 4033 Pax
2937 3996 3090 4049 super
3136 3977 3319 4033 Israel.
3367 3979 3493 4035 Haec
3522 3995 3626 4051 pax
3664 3981 3819 4039 vobis

2227 4069 2547 4140 praedicatur
2575 4084 2604 4123 a
2636 4070 2789 4126 nobis
2810 4112 2826 4137 ,
2875 4072 2988 4141 ipsa
3017 4080 3225 4126 amatur
3253 4086 3283 4125 a
3313 4072 3500 4143 nobis,
3540 4074 3655 4144 ipsa
3699 4084 3759 4130 ut
3784 4091 3817 4131 a

2226 4161 2377 4217 vobis
2400 4169 2609 4216 ametur
2631 4202 2646 4227 ,
2691 4172 2957 4231 optamus.
2998 4163 3079 4218 Ad
3107 4163 3252 4217 illam
3284 4178 3471 4233 pacem
3499 4166 3820 4235 perveniunt

2226 4253 2315 4323 qui
2345 4262 2400 4308 et
2426 4252 2513 4307 hic
2558 4253 2763 4323 paciﬁci
2810 4254 3025 4309 fuerint.
3070 4254 3149 4309 Illi
3198 4263 3322 4310 sunt
3352 4265 3406 4311 et
3449 4256 3535 4312 hic
3572 4258 3817 4331 paciﬁci,

2225 4345 2315 4416 qui
2345 4354 2397 4401 et
2420 4345 2526 4411 ibi;
2559 4346 2650 4415 qui
2688 4347 3019 4402 circumeunt
3047 4362 3286 4403 mensam
3325 4350 3535 4406 Domini
3561 4362 3817 4423 tauquam

2227 4438 2512 4493 novellatio
2537 4439 2819 4507 olivarum,
2862 4448 2919 4494 ut
2947 4454 3053 4495 non
3098 4440 3168 4496 sit
3192 4442 3389 4497 sterilis
3417 4445 3577 4499 arbor
3595 4487 3609 4508 ,
3640 4445 3819 4513 qualis

2224 4528 2327 4584 fuit
2366 4530 2451 4583 illa
2501 4530 2727 4586 ﬁculnea
2774 4530 2862 4586 ubi
2894 4530 3123 4587 fructum
3175 4548 3283 4586 non
3326 4533 3526 4588 invenit
3569 4534 3817 4589 esuriens

2226 4621 2505 4676 Dominus;
2552 4622 2619 4676 Et
2662 4622 2850 4678 videtis
2895 4622 3021 4693 quid
3067 4623 3119 4677 ei
3162 4624 3462 4693 contigerit.
3507 4623 3655 4678 Folia
3702 4624 3817 4681 sola

2225 4714 2474 4784 habebat,
2506 4715 2733 4771 fructum
2760 4732 2866 4771 non
2899 4716 3127 4772 habebat
3148 4715 3354 4787 (Matth.
3392 4732 3505 4784 xxi,
3541 4716 3665 4771 lSet
3691 4718 3812 4787 l9):

2224 4807 2303 4862 sic
2332 4816 2454 4861 sunt
2482 4808 2571 4877 qui
2598 4807 2760 4862 verba
2787 4806 3027 4875 habent,
3076 4816 3130 4863 et
3154 4808 3292 4863 facta
3320 4823 3426 4863 non
3458 4808 3673 4863 habent.
3707 4807 3816 4865 Ve-

2225 4898 2378 4953 niens
2402 4899 2643 4952 esuriens
2687 4898 2945 4952 Dominus
2989 4913 3095 4952 non
3145 4898 3215 4953 ibi
3261 4901 3459 4956 invenit
3484 4899 3623 4970 quod
3656 4916 3815 4955 man-

2225 4990 2411 5054 ducet;
2444 4990 2564 5059 quia
2595 4988 2751 5043 ﬁdem
2786 4999 3021 5044 nostram
3062 4999 3116 5044 et
3158 4988 3297 5045 facta
3341 4991 3477 5045 bona
3514 4990 3683 5044 esurit
3712 4991 3819 5046 Do-

2224 5079 2419 5137 minus.
2440 5080 2723 5135 l’ascamus
2749 5080 2896 5134 illum
2928 5080 3065 5135 bene
3091 5080 3347 5146 vivendo,
3376 5091 3428 5136 et
3455 5090 3640 5151 pascet
3668 5096 3769 5139 nos
3792 5083 3816 5115 '

2226 5170 2277 5225 in
2306 5181 2563 5225 aeternum
2594 5171 2745 5227 nobis
2770 5170 2949 5253 vivere
2977 5171 3248 5225 donando.

2580 5314 2664 5377 ΙΝ
2691 5314 3078 5378 PSALMUM
3120 5314 3443 5379 CXXVIII

2821 5419 3237 5478 ENARRATIO.

2780 5527 2953 5569 SEMO
2979 5530 3047 5569 AD
3071 5528 3298 5569 PLEBBI.

2291 5606 2343 5659 1.
2378 5594 2621 5659 Psalmus
2651 5620 2809 5675 quem
2835 5606 3188 5671 eantavimus,
3216 5604 3394 5660 brevis
3414 5612 3531 5660 est:
3550 5604 3646 5662 sed
3676 5606 3817 5663 sicut

2218 5697 2473 5767 scriptum
2518 5705 2601 5753 est
2644 5697 2695 5751 in
2728 5697 3017 5767 Evangelia
3043 5696 3110 5751 de
3138 5694 3393 5750 Zacchazo
3414 5738 3427 5762 ,
3459 5705 3665 5751 statura
3690 5698 3806 5756 bre-

2286 5811 2301 5840 ³
2330 5809 2403 5858 sic
2425 5817 2524 5858 Am.
2550 5815 2624 5857 Er.
2648 5815 2699 5858 et
2721 5807 2945 5871 plerique
2969 5814 3075 5857 uss.
3103 5814 3158 5857 At
3179 5814 3309 5871 hom,

2283 5873 2303 5904 ¹
2330 5874 2402 5924 sic
2425 5878 2499 5923 Er.
2521 5871 2666 5936 Lugd.
2688 5878 2805 5923 ven.
2843 5870 2895 5923 et
2916 5876 3025 5922 ων.
3045 5876 3098 5923 ω
3120 5876 3168 5921 Β.
3184 5870 3330 5925 deest
3350 5870 3462 5937 rex,
3482 5882 3587 5926 nos.
3649 5877 3719 5934 ιι.
