4078 6526
383 500 502 566 vis,
546 505 603 555 et
639 511 863 567 magnus
887 495 942 552 in
966 509 1129 566 opere
1155 493 1304 570 (Luc.
1333 510 1443 562 xix,
1474 493 1637 566 $9);
1681 493 1819 550 sicut
1841 491 1973 548 scri-

382 599 535 663 ptum
582 597 666 645 est
718 587 788 644 de
835 586 924 642 illa
974 586 1130 642 vidua
1172 601 1292 657 quae
1335 584 1442 640 duo
1484 584 1690 639 minuta
1732 582 1876 637 misit
1918 581 1971 636 in

380 679 821 753 gazophylacium
843 720 858 744 ,
907 677 1084 734 brevis
1112 679 1335 748 pecunia
1357 719 1372 744 ,
1403 675 1497 732 sed
1525 689 1716 747 magna
1741 673 1972 729 charitas

384 772 579 846 (Marc.
624 789 728 840 xu,
766 771 956 843 42-44)
991 789 1006 828 :
1042 771 1120 828 sic
1151 779 1205 828 et
1241 772 1342 826 iste
1391 770 1658 841 psalmus,
1719 769 1765 823 si
1808 765 1969 822 verba

379 877 660 932 numeres,
685 863 864 919 brevis
885 873 1003 928 est;
1035 862 1080 918 si
1107 861 1400 918 sententias
1425 858 1716 932 appendas,
1745 871 1969 928 magnus

377 963 484 1011 est.
523 953 642 1011 Non
671 970 802 1026 ergo
826 969 926 1010 nos
964 955 1163 1024 poterit
1187 954 1384 1010 diutius
1411 967 1579 1022 usque
1603 951 1670 1006 ad
1698 950 1967 1006 fastidium

377 1045 641 1102 detinere.
671 1046 887 1115 Quare?
915 1045 1172 1102 Advertat
1212 1045 1492 1116 prudentia
1518 1054 1717 1109 vestra,
1749 1052 1801 1099 et
1830 1042 1969 1098 adsit

376 1141 606 1198 intentio
648 1141 937 1198 christiana
969 1159 980 1195 :
1010 1150 1166 1196 sonet
1209 1141 1432 1196 verbum
1483 1138 1576 1194 Dei
1625 1137 1962 1206 volentibus,

374 1233 702 1299 nolentibus,
726 1239 1046 1304 opportune,
1069 1232 1392 1302 importune.
1415 1229 1618 1286 Invenit
1640 1229 1739 1284 sibi
1762 1229 1963 1297 locum,

375 1325 579 1382 invenit
601 1326 763 1382 corda
792 1326 879 1382 ubi
909 1326 1244 1396 requiescat,
1274 1324 1479 1380 invenit
1506 1333 1702 1379 terram
1727 1321 1814 1378 ubi
1839 1337 1964 1393 ger-

373 1419 546 1474 minet
574 1428 629 1474 et
658 1418 888 1474 fructum
917 1415 1078 1473 ferat.
1105 1416 1238 1472 Nam
1281 1415 1405 1487 quia
1434 1415 1582 1470 multi
1607 1413 1732 1468 mali
1758 1423 1882 1468 sunt
1910 1421 1966 1468 et

372 1512 540 1584 iniqui
560 1526 692 1584 quos
722 1510 1145 1582 portatEcclesia
1164 1525 1332 1580 usque
1355 1509 1408 1564 in
1431 1509 1612 1569 ﬁnem,
1627 1507 1963 1562 manifestum

372 1610 458 1658 est
484 1620 497 1657 :
523 1610 577 1657 et
600 1602 650 1656 hi
673 1609 799 1657 sunt
824 1601 1018 1671 quibus
1043 1600 1262 1659 verbum
1289 1599 1381 1654 Dei
1409 1597 1732 1668 superﬂuum
1761 1605 1843 1651 est
1867 1612 1882 1661 ;
1909 1603 1964 1650 et

370 1703 464 1749 aut
487 1695 565 1750 sic
588 1695 642 1750 in
672 1695 795 1752 illos
820 1694 982 1761 cadit,
1027 1691 1297 1763 quomodo
1323 1706 1506 1747 semen
1548 1691 1601 1744 in
1630 1691 1713 1744 via
1744 1689 1964 1744 concul-

368 1795 543 1854 catur,
570 1796 625 1844 et
647 1802 676 1841 a
717 1786 1022 1842 volatilibus
1047 1785 1348 1855 colligitur;
1381 1793 1472 1838 aut
1497 1783 1574 1838 sic
1601 1783 1653 1838 in
1681 1797 1774 1838 eos
1795 1781 1957 1850 cadit,

365 1878 638 1949 quomodo
663 1893 845 1934 semen
878 1877 929 1932 iu
953 1885 1165 1947 petrosa
1185 1877 1324 1941 loca,
1347 1875 1434 1931 ubi
1454 1889 1562 1929 non
1582 1873 1742 1929 habet
1761 1881 1958 1929 terram

363 1971 591 2026 multam
616 2013 631 2038 ,
662 1971 839 2026 statim
867 1970 1002 2033 exit,
1032 1977 1087 2025 et
1110 1968 1367 2024 calefacto
1402 1967 1516 2023 sole
1556 1968 1785 2031 arescit,
1834 1966 1958 2036 quia

365 2077 478 2117 non
518 2061 678 2118 habet
700 2061 968 2127 radicem;
998 2069 1089 2115 aut
1117 2062 1253 2115 sicut
1278 2061 1415 2114 inter
1443 2060 1642 2129 spinas.
1684 2057 1828 2128 quod
1855 2058 1957 2113 etsi

361 2152 635 2222 germinet
653 2159 709 2206 et
730 2160 953 2206 conetur
973 2151 1029 2206 in
1053 2165 1210 2204 auras
1231 2163 1469 2220 surgere,
1493 2146 1754 2202 offocatur
1775 2156 1954 2202 tamen

361 2242 706 2297 multitudine
734 2244 1030 2312 spinarum.
1070 2242 1226 2297 Tales
1254 2249 1430 2297 autem
1461 2249 1585 2294 sunt
1612 2241 1699 2311 qui
1731 2239 1951 2295 verbum

363 2332 461 2389 Dei
488 2341 836 2389 contemnunt
860 2335 1000 2390 sicut
1026 2334 1132 2400 via,
1162 2344 1255 2388 aut
1281 2333 1371 2404 qui
1395 2333 1461 2388 ad
1489 2332 1671 2387 horam
1697 2331 1947 2403 gaudent,

361 2432 418 2482 et
467 2424 605 2480 facta
655 2424 1031 2491 tribulatione,
1086 2425 1223 2479 sicut
1273 2433 1405 2478 aestu
1449 2425 1611 2489 solis,
1667 2432 1949 2487 arescunt;

361 2525 455 2574 aut
489 2517 578 2588 qui
619 2515 1029 2586 cogitationibus
1067 2525 1122 2570 et
1168 2515 1311 2570 euris
1337 2523 1391 2570 et
1415 2513 1766 2569 sollicitudine
1794 2513 1952 2582 hujus

358 2608 568 2676 mundi,
598 2616 850 2679 tanquam
881 2607 1052 2676 spinis
1079 2607 1318 2662 avaritiae
1345 2606 1577 2662 oll‘ocant
1603 2607 1746 2677 quod
1767 2607 1820 2661 in
1844 2606 1950 2662 illis

358 2708 600 2771 ceperat
636 2701 956 2772 germinare.
1006 2699 1104 2755 Est
1152 2708 1331 2755 autem
1380 2699 1540 2755 etiam
1585 2709 1723 2754 terra
1767 2699 1945 2767 bona,

359 2809 466 2865 quo
491 2808 676 2850 semen
705 2809 829 2856 cum
855 2791 1146 2859 ceciderit,
1195 2791 1348 2846 affert
1377 2791 1603 2846 fructum
1624 2831 1641 2857 ,
1673 2791 1817 2846 aliud
1849 2790 1944 2846 tri-

358 2904 574 2954 cenum,
596 2887 743 2944 aliud
761 2901 1108 2958 sexagenum,
1133 2884 1274 2939 aliud
1294 2892 1574 2940 centenum
1597 2881 1811 2952 (Matth.
1826 2898 1942 2950 xui,

355 2979 517 3051 3-25)
543 2997 556 3034 :
579 2979 694 3036 sive
725 2993 912 3050 parum
936 3018 952 3044 ,
999 2977 1112 3032 sive
1143 2975 1365 3030 multum
1384 3015 1398 3039 ,
1450 2988 1640 3028 omnes
1666 2973 1718 3026 in
1748 2971 1946 3026 horreo

355 3082 533 3130 erunt.
574 3071 708 3128 Sunt
749 3085 880 3141 ergo
929 3070 1099 3135 tales,
1148 3075 1203 3122 et
1250 3073 1467 3136 propter
1507 3067 1603 3119 hos
1653 3064 1942 3134 loquimur.

354 3167 585 3237 Propter
610 3165 708 3220 hos
733 3163 968 3235 loquitur
991 3162 1286 3231 Scriptura,
1311 3166 1528 3228 propter
1554 3156 1652 3211 hos
1677 3172 1782 3211 non
1807 3164 1946 3211 tacet

351 3257 724 3328 Evangelium.
755 3254 861 3312 Sed
902 3262 957 3310 et
998 3252 1074 3308 illi
1114 3251 1350 3315 audiant,
1397 3264 1466 3304 ne
1505 3249 1637 3302 forte
1664 3246 1806 3302 aliud
1836 3247 1947 3302 sint

274 3402 282 3409 .
350 3350 547 3415 hodie,
575 3348 716 3404 aliud
745 3362 893 3413 cras;
925 3361 992 3401 ne
1038 3345 1174 3400 forte
1217 3349 1491 3398 mutentur
1520 3339 1822 3406 audiendo,
1851 3347 1945 3394 aut

349 3452 506 3500 arent
535 3442 696 3509 viam,
722 3449 816 3496 aut
846 3438 1049 3510 lapides
1080 3443 1326 3508 purgent,
1358 3443 1450 3488 aut
1479 3433 1659 3503 spinas
1688 3432 1937 3488 evellant.

348 3537 504 3593 Dicat
544 3535 773 3606 Spiritus
800 3533 936 3600 Dei,
980 3531 1129 3586 dicat
1171 3529 1347 3594 nobis,
1395 3533 1574 3582 cantet
1612 3525 1800 3591 nobis;
1832 3525 1944 3580 sive

348 3629 580 3686 velimus
629 3628 846 3694 saltare,
901 3626 1012 3680 sive
1056 3623 1326 3690 nolimus,
1375 3627 1555 3675 cantet
1603 3619 1739 3689 ipse.
1790 3616 1945 3672 Sicut

346 3723 492 3780 enim
532 3723 621 3792 qui
650 3720 847 3786 saltat,
881 3715 1120 3773 membra
1148 3722 1326 3770 movet
1353 3711 1420 3767 ad
1448 3719 1700 3775 cantum;
1748 3709 1825 3764 sic
1854 3707 1944 3778 qui

347 3813 548 3869 saltant
589 3811 656 3866 ad
705 3819 1030 3881 praeceptum
1083 3805 1211 3870 Dei,
1266 3802 1518 3871 operibus
1573 3801 1944 3868 obtemperant

350 3917 508 3960 sono.
537 3899 664 3958 Ideo
692 3899 784 3971 qui
822 3899 1110 3954 noluerunt
1137 3895 1238 3950 hoc
1281 3893 1460 3948 facere
1480 3932 1496 3958 ,
1541 3890 1666 3960 quid
1710 3889 1815 3944 illis
1838 3889 1946 3944 Do-

349 3997 530 4050 minus
564 3993 695 4049 dicit
734 3993 786 4047 in
824 3988 1149 4060 Evangelio?
1197 3986 1522 4041 Cantavimus
1550 3981 1706 4050 vobis,
1755 3991 1799 4036 et
1843 3998 1944 4036 non

345 4085 605 4149 saltastis;
654 4082 966 4154 planximus,
988 4089 1035 4134 et
1072 4094 1175 4132 non
1214 4074 1525 4131 lamentastis
1568 4071 1678 4142 (Id.
1709 4087 1792 4136 x1,
1828 4069 1939 4141 l7).

346 4175 548 4232 Cantet
575 4190 736 4246 ergo;
771 4173 1040 4228 credimus
1067 4171 1119 4224 in
1166 4169 1257 4224 Dei
1299 4162 1776 4227 misericordiam‘,
1818 4160 1939 4230 quia

346 4274 510 4322 erunt
551 4264 620 4321 de
649 4263 842 4335 quibus
868 4277 966 4318 nos
995 4259 1323 4316 consoletur.
1355 4254 1486 4309 Nam
1518 4252 1608 4322 qui
1641 4251 1941 4321 pertinaces

347 4365 503 4423 sunt,
535 4362 943 4428 perseverantes
968 4353 1022 4408 in
1054 4350 1277 4416 malitia,
1309 4345 1548 4419 quamvis
1574 4343 1793 4398 audiant
1821 4355 1941 4396 ver-

347 4449 480 4506 bum
524 4447 660 4514 Dei,
717 4445 986 4502 scandalis
1011 4441 1251 4514 quotidie
1281 4435 1591 4510 perturbant
1621 4433 1939 4489 Ecclesiam.

348 4541 432 4597 De
459 4539 652 4594 talibus
673 4537 802 4593 dicit
829 4536 930 4592 iste
956 4534 1228 4606 psalmus;
1274 4530 1351 4585 sic
1373 4528 1514 4584 enim
1539 4525 1735 4596 coepit:

419 4632 478 4688 2.
526 4628 678 4703 [υεη.
715 4625 854 4700 1ο5.]
903 4627 1054 4698 Saepe
1096 4629 1505 4695 expugnaverunt
1529 4634 1608 4671 me
1631 4633 1663 4669 a
1683 4616 1944 4687 juventute

347 4740 483 4782 mea.
508 4721 748 4779 Ecclesia
775 4720 1008 4790 loquitur
1029 4716 1097 4772 (le
1121 4715 1206 4770 his
1230 4727 1365 4786 quos
1390 4711 1596 4776 tolerat,
1621 4717 1675 4764 et
1694 4717 1942 4778 tauquam

349 4815 639 4879 diceretur,
659 4809 923 4881 Numquid
946 4806 1142 4864 modo?
1166 4803 1303 4860 Olim
1326 4811 1407 4859 est
1428 4801 1664 4856 Ecclesia
1679 4800 1722 4865 ’ς
1752 4814 1816 4853 ex
1839 4812 1943 4868 quo

346 4915 611 4963 vocantur
637 4902 840 4970 sancti,
871 4909 954 4956 est
987 4890 1222 4953 Ecclesia
1261 4896 1317 4949 in
1359 4903 1521 4948 terra.
1555 4887 1857 4959 Aliquando
1885 4888 1937 4942 in

349 4998 469 5055 solo
495 4995 630 5052 Abel
665 4991 905 5050 Ecclesia
949 4998 1102 5055 erat,
1148 4996 1203 5042 et
1245 4991 1576 5053 expugnatus
1619 4988 1754 5033 esta
1781 4977 1944 5033 fratre

323 5074 495 5144 Imalo
523 5096 579 5143 et
607 5084 816 5156 perdito
845 5081 977 5138 Cain
1023 5079 1174 5152 (Gen.
1207 5094 1278 5143 ιν,
1310 5075 1381 5145 8).
1417 5070 1718 5142 Aliquando
1746 5070 1798 5124 in
1825 5070 1943 5124 solo

350 5179 540 5236 Enocll
564 5176 803 5233 Ecclesia
829 5182 945 5230 erat
968 5214 983 5240 ,
1015 5182 1068 5226 et
1095 5168 1381 5224 translatus
1401 5173 1484 5219 est
1508 5163 1576 5218 ab
1605 5160 1799 5230 iniquis
1831 5158 1938 5233 (Id.

348 5286 407 5339 v,
433 5270 555 5340 24).
582 5265 886 5337 Aliquando
914 5265 966 5318 in
998 5260 1110 5317 sola
1137 5260 1296 5315 domo
1319 5256 1431 5310 Noe
1457 5252 1693 5308 Ecclesia
1723 5259 1858 5314 erat,
1891 5257 1946 5305 et

350 5359 573 5434 pertulit
609 5369 800 5413 omnes
847 5354 936 5426 qui
985 5351 1182 5408 diluvio
1210 5347 1510 5420 perierunt,
1563 5351 1615 5398 et
1664 5340 1775 5396 sola
1821 5355 1943 5394 arca

351 5430 556 5508 natavit
583 5449 636 5503 in
662 5446 930 5510 fluctibus,
959 5451 1014 5499 et
1041 5441 1210 5499 evasit
1234 5438 1301 5492 ad
1328 5437 1524 5492 siccum
1564 5431 1678 5506 (Id.
1716 5430 1940 5502 vt-vm).

352 5539 661 5613 Aliquando
690 5539 742 5594 in
769 5537 888 5593 solo
911 5532 1181 5590 Abraham
1223 5528 1462 5584 Ecclesia
1487 5535 1602 5582 erat
1622 5567 1637 5590 ,
1666 5532 1720 5579 et
1744 5530 1943 5594 quanta

354 5633 578 5706 pertulit
601 5632 668 5687 ab
709 5627 926 5700 iniquis,
959 5624 1223 5680 novimus.
1259 5620 1314 5674 In
1341 5619 1457 5675 solo
1486 5618 1594 5672 lilio
1620 5615 1797 5672 fratris
1825 5614 1943 5685 ejus

350 5726 477 5795 Lot,
522 5734 578 5782 et
620 5725 674 5779 in
698 5722 861 5779 domo
888 5718 1005 5789 ejus
1049 5715 1103 5770 in
1139 5709 1387 5770 Sodomis
1426 5708 1664 5764 Ecclesia
1708 5715 1844 5772 erat,
1888 5713 1944 5760 et

417 5843 442 5940 ί
463 5828 1316 5961 ἠιοάο
1327 5889 1478 5940 etnon
1493 5875 1942 5938 olnnestsoelesia?

1417 374 1814 437 ENARRATIO
1841 373 1909 434 IN
1945 373 2270 438 PSALMUM
2305 379 2584 440 CXXVIII.

3525 385 3672 448 ίσοο.

2085 496 2301 564 pertulit
2318 496 2672 556 Sodomorum
2698 499 3005 572 iniquitates
3027 509 3083 559 et
3100 499 3507 576 perversitates,
3528 518 3662 574 quo.

2079 602 2244 658 usque
2259 590 2397 647 Deus
2413 608 2535 648 eum
2553 593 2619 650 de
2637 594 2812 652 medio
2839 595 3075 666 ipsorum
3102 595 3345 652 liberavit
3367 595 3517 669 (Gen.
3548 613 3657 654 xu-

2075 683 2187 751 xx).
2216 680 2389 752 Coepit
2414 699 2533 740 esse
2561 695 2617 742 et
2645 687 2697 741 in
2729 688 2925 759 papulo
2952 686 3111 744 Israel
3139 687 3410 754 Ecclesia;
3441 688 3661 760 pertulit

2074 772 2408 832 Pharaonem
2434 787 2490 834 et
2515 779 2817 852 Egyptios.
2864 781 3038 852 Coepit
3061 787 3116 837 et
3142 779 3194 835 in
3225 780 3339 851 ipsa
3378 779 3618 837 Ecclesia
3639 819 3670 850 ,_

2059 863 2128 918 id
2169 874 2250 920 est
2294 867 2352 922 in
2384 871 2582 940 pOpuIO
2620 871 2804 941 Israel,
2852 887 3107 928 numerus
3145 887 3266 928 esse
3307 881 3654 928 sanctorum:

2071 954 2280 1028 Moyses
2305 968 2360 1014 et
2386 961 2568 1018 cmteri
2595 964 2762 1019 sancti
2811 963 3148 1034 pertulerunt
3185 961 3399 1033 iniquos
3441 961 3656 1018 Iudaeos

2072 1050 2324 1118 p0pulum
2376 1051 2557 1108 Israel.
2607 1054 2835 1110 Ventum
2879 1065 2961 1113 est
3021 1063 3078 1112 et
3115 1055 3183 1111 ad
3238 1055 3522 1110 Dominum
3552 1068 3654 1111 no-

2071 1148 2240 1195 strum
2266 1140 2447 1197 Jesum
2475 1142 2768 1213 Christum,
2801 1146 3148 1216 praedicatum
3173 1155 3257 1202 est
3281 1145 3650 1216 Evangelium,

2070 1231 2202 1288 dixit
2227 1234 2279 1288 in
2309 1234 2555 1302 Psalmis,
2593 1236 2899 1294 Annuntiavi
2924 1249 2968 1295 et
2993 1241 3189 1296 locutus
3225 1256 3358 1306 sum,
3406 1238 3654 1308 multipli-

2069 1324 2241 1394 plt'cati
2289 1336 2404 1380 sunt
2447 1344 2599 1397 super
2642 1347 2905 1384 numerum
2953 1330 3122 1403 (Psal.
3172 1347 3370 1399 xxxrx,
3411 1328 3488 1401 6).
3516 1328 3652 1398 Quid

2067 1424 2170 1480 est,
2199 1433 2353 1487 super
2373 1421 2681 1474 numerum?
2706 1420 2820 1476 Non
2846 1423 3021 1478 solum
3048 1422 3128 1477 illi
3153 1422 3495 1478 crediderunt
3519 1423 3533 1454 ¹
3561 1421 3650 1493 qui

2069 1508 2338 1577 pertinent
2373 1509 2438 1565 ad
2469 1527 2750 1567 numerum
2796 1523 3136 1579 sanctorum;
3167 1513 3262 1568 sed
3301 1522 3354 1569 et
3381 1530 3532 1583 super
3556 1529 3652 1567 nu-

2067 1615 2262 1653 merum
2301 1601 2610 1657 intrarunt:
2638 1603 2790 1657 multi
2831 1603 3000 1674 justi,
3038 1604 3132 1660 sed
3159 1614 3212 1660 et
3239 1605 3417 1675 plures
3444 1603 3650 1674 iniqui;

2065 1699 2120 1744 et
2163 1693 2499 1761 pertulerunt
2539 1693 2670 1763 justi
2703 1694 2932 1766 iniquos.
2977 1695 3239 1762 Quando?
3282 1695 3338 1751 In
3387 1694 3648 1769 Ecclesia.

2064 1781 2330 1854 Numquid
2376 1785 2537 1840 modo
2580 1787 2774 1853 solum,
2822 1803 2889 1843 ex
2939 1802 3046 1858 quo
3089 1796 3386 1856 enumerat,
3435 1803 3499 1843 ex
3545 1801 3651 1858 quo

2065 1879 2493 1934 commemorat?
2524 1879 2648 1935 Ideo
2685 1897 2753 1935 ne
2781 1881 3068 1936 miraretur
3093 1880 3253 1936 modo
3282 1881 3539 1948 Ecclesia,
3568 1877 3650 1936 vel
3689 1864 3695 1870 ’

2064 1980 2132 2020 ne
2157 1967 2435 2037 quisquam
2461 1969 2750 2027 miraretur
2771 1973 2825 2025 in
2848 1971 3106 2039 Ecclesia,
3128 1970 3312 2026 volens
3333 1985 3452 2026 esse
3481 1972 3652 2025 mem-

2063 2057 2216 2113 brum
2245 2059 2443 2115 bonum
2483 2062 2759 2129 Ecclesiae,
2813 2062 2995 2116 audiat
3037 2071 3090 2116 et
3129 2063 3299 2132 ipsam
3351 2060 3648 2117 Ecclesiam

2063 2159 2290 2206 matrem
2339 2167 2490 2206 suam
2535 2151 2804 2208 dicentem
2862 2152 3145 2207 sibi:Noli
3187 2152 3371 2208 mirari
3411 2151 3479 2209 ad
3524 2151 3648 2220 ista,

2061 2241 2164 2307 fili;
2192 2242 2341 2312 Saepe
2369 2254 2780 2314 expugnaverunt
2804 2261 2884 2299 me
2901 2262 2934 2298 a
2948 2247 3214 2315 juventute
3234 2262 3369 2300 mea.

2131 2333 2187 2387 5.
2211 2333 2427 2404 Magnus
2449 2334 2668 2390 affectus
2693 2335 2772 2390 sic
2798 2335 3025 2405 cmpisse
3045 2335 3312 2391 Psalmum
3337 2353 3351 2389 :
3380 2334 3532 2406 Saepe
3557 2351 3648 2390 ex-

2059 2435 2410 2497 pugnaverunt
2447 2445 2526 2480 me
2567 2445 2599 2481 a
2631 2429 2898 2499 juventute
2925 2445 3054 2484 mea.
3095 2429 3257 2498 Quasi
3297 2429 3495 2500 aliquid
3531 2429 3644 2500 jam

2057 2518 2410 2588 loquebatur:
2435 2519 2647 2574 videtur
2692 2521 2836 2574 enim
2861 2536 2965 2575 non
2993 2521 3219 2590 ccepisse
3240 2562 3254 2587 ,
3289 2520 3384 2576 sed
3424 2535 3648 2590 respou-

2059 2608 2221 2665 disse.
2243 2610 2538 2680 Respondit
2555 2619 2733 2666 autem
2750 2653 2765 2676 ,
2789 2610 3012 2681 quibus?
3027 2610 3389 2681 Cogitantibus
3402 2619 3456 2666 ct
3475 2609 3649 2664 dicen-

2056 2700 2198 2755 tibus
2231 2720 2244 2756 :
2276 2702 2478 2768 Quanta
2534 2703 2672 2757 mala
2723 2703 3074 2773 perferimus,
3144 2710 3340 2773 quanta
3391 2701 3643 2757 scandala

2055 2794 2398 2850 crebrescunt
2424 2797 2657 2864 quotidie
2677 2836 2693 2862 ,
2721 2797 2934 2866 quando
2959 2798 2980 2828 ³
3010 2796 3173 2866 iniqui
3216 2796 3416 2850 intrant
3453 2796 3506 2849 in
3536 2793 3642 2849 Ec-

2055 2886 2273 2940 clesiam
2300 2895 2356 2941 et
2382 2894 2656 2956 portamus
2681 2887 2812 2942 eos?
2839 2887 3178 2956 ReSpondeat
3201 2896 3380 2942 autem
3407 2885 3642 2941 Ecclesia

2058 2975 2125 3031 de
2154 2977 2473 3047 quibusdam
2492 3019 2506 3042 ,
2534 2979 2586 3032 id
2615 2987 2736 3046 est,
2761 2977 2828 3032 de
2853 2977 3137 3033 fortiorum
3166 2992 3298 3034 voce
3324 2977 3646 3048 respondeat

2057 3068 2289 3139 querelis
2318 3067 2651 3123 infirmorum
2672 3110 2687 3135 ,
2710 3077 2764 3124 et
2783 3069 3102 3124 confirment
3130 3069 3267 3123 firmi
3291 3067 3527 3124 infirmos
3546 3109 3562 3135 ,
3589 3075 3646 3124 et

2051 3161 2281 3231 grandes
2320 3163 2566 3231 parvulos
2587 3205 2601 3228 ,
2631 3173 2687 3219 et
2723 3163 2866 3218 dicat
2894 3163 3131 3218 Ecclesia
3155 3204 3171 3229 ,
3204 3163 3356 3233 Stepe
3379 3179 3640 3233 expugna-

2051 3263 2227 3308 verunt
2252 3269 2332 3307 me
2359 3270 2391 3307 a
2410 3255 2676 3324 juventute
2701 3271 2831 3308 mea.
2877 3254 3024 3308 Dicat
3051 3271 3166 3308 vero
3197 3255 3217 3285 ⁸
3249 3253 3413 3308 Israel
3435 3295 3452 3321 ,
3485 3254 3639 3326 Step0

2049 3354 2465 3415 expugnaverunt
2490 3361 2624 3399 mea
2660 3346 2927 3416 juventute
2950 3361 3082 3400 mea.
3130 3345 3282 3400 Dicat
3324 3344 3489 3412 illud,
3530 3360 3638 3401 non

2049 3435 2179 3491 illud
2201 3437 2402 3492 timeat.
2431 3437 2549 3506 Quo
2567 3437 2709 3493 enim
2739 3436 2919 3503 valet,
2945 3437 3087 3508 quod
3115 3451 3237 3492 cum
3259 3437 3476 3492 dixisset
3500 3435 3639 3503 ,δίνη

2050 3545 2114 3597 pe
2141 3538 2551 3600 expugnaverunt
2583 3545 2662 3584 me
2684 3571 2700 3595 ,
2732 3528 2971 3599 addidit,
3000 3545 3033 3582 a
3046 3530 3312 3600 juventute
3335 3528 3488 3582 mea?
3515 3527 3634 3584 Iam

2051 3620 2211 3676 modo
2238 3621 2487 3677 Ecclesiae
2507 3630 2756 3677 senectus
2781 3631 3114 3692 expugnatur
3131 3661 3146 3688 ,
3170 3619 3266 3676 sed
3285 3635 3390 3676 non
3419 3619 3632 3678 timeat:

2048 3713 2222 3779 dicat,
2252 3713 2404 3784 Saepe
2429 3722 2845 3783 expugnaverunt
2870 3729 2949 3766 me
2966 3714 3276 3783 ajuventute
3316 3726 3447 3765 mea.
3470 3709 3636 3764 Num-

2048 3805 2173 3876 quid
2205 3805 2326 3860 ideo
2353 3820 2456 3860 non
2490 3807 2730 3875 pervenit
2755 3805 2822 3860 ad
2846 3813 3171 3860 senectutem
3191 3843 3208 3870 ,
3231 3803 3355 3874 quia
3381 3819 3487 3858 non
3511 3817 3633 3858 ces-

2048 3903 2302 3952 saverunt
2319 3895 2391 3949 illi
2412 3895 2766 3966 expugnando
2787 3895 2811 3949 ?
2830 3894 3086 3965 numquid
3105 3894 3287 3948 delere
3309 3901 3594 3963 potuerunt
3608 3892 3634 3934 ν

2049 3987 2202 4042 Dicat
2221 4003 2335 4041 vero
2358 3985 2530 4041 Israel
2544 4003 2566 4053 ;
2594 3998 2648 4041 et
2676 3985 2987 4040 consoletur
3014 4000 3074 4040 se
3100 3984 3298 4052 Israel,
3323 3984 3633 4040 consoletur

2047 4093 2107 4134 se
2146 4079 2259 4148 ipsa
2308 4077 2550 4132 Ecclesia
2600 4077 2668 4132 de
2696 4076 2978 4146 praeteritis
3003 4074 3306 4145 exemplis,
3355 4082 3411 4131 et
3452 4075 3630 4141 dicat,

2048 4173 2202 4244 Stepe
2223 4180 2633 4244 expugnaverunt
2657 4186 2736 4225 me
2758 4186 2790 4223 a
2807 4169 3068 4240 juventute
3091 4183 3228 4245 mea.

2118 4268 2172 4323 4.
2200 4266 2376 4334 Quare
2425 4263 2902 4335 expugnaverunt?
2949 4261 3158 4317 Etenim
3209 4277 3313 4317 non
3364 4266 3634 4332 potuerunt

2047 4359 2191 4414 mihi.
2222 4359 2398 4429 Supra
2438 4356 2647 4411 dorsum
2681 4371 2848 4410 meum
2891 4354 3264 4426 fabricaverunt
3304 4360 3633 4424 peccatores;

2048 4453 2196 4524 longe
2214 4455 2433 4521 fecerunt
2455 4448 2753 4523 injustitiam
2770 4463 2936 4501 suam.
2954 4445 3131 4514 Quare
3156 4441 3633 4518 expugnaverunt?

2050 4544 2186 4611 Quia
2229 4560 2332 4598 non
2382 4550 2647 4613 potuerunt
2688 4540 2832 4594 mihi.
2869 4538 3007 4608 Quid
3051 4547 3170 4606 est,
3217 4553 3319 4592 non
3362 4540 3635 4608 potuerunt

2048 4635 2217 4690 mihi?
2242 4632 2546 4688 Fabricare.
2574 4631 2710 4699 Quid
2739 4639 2855 4695 est,
2887 4646 2990 4684 non
3020 4636 3287 4699 potuerunt
3316 4625 3488 4680 mihi?
3515 4623 3633 4682 Non

2049 4726 2154 4783 illis
2191 4724 2442 4781 consensi
2463 4721 2530 4777 ad
2553 4722 2771 4777 malum.
2795 4719 2981 4777 Omnis
3001 4721 3145 4776 enim
3171 4719 3344 4774 malus
3365 4717 3485 4772 ideo
3511 4731 3637 4787 per-

2047 4818 2287 4890 sequitur
2330 4808 2564 4884 bonum',
2608 4816 2730 4885 quia
2774 4829 2878 4870 non
2923 4813 3000 4868 illi
3041 4811 3308 4869 consentit
3353 4810 3524 4865 bonus
3562 4807 3632 4864 ad

2049 4909 2267 4964 malum.
2295 4905 2476 4960 Faciat
2503 4904 2702 4974 aliquid
2733 4904 2888 4968 mali,
2917 4918 3021 4957 non
3044 4901 3286 4970 objurget
3309 4898 3592 4968 episeOpus
3609 4935 3631 4965 ,

2048 5001 2221 5056 bonus
2247 5008 2328 5052 est
2355 4996 2636 5067 episcopus
2670 5013 2684 5050 :
2715 4994 2958 5066 objurget
2989 4995 3305 5064 episcopus,
3351 4989 3521 5043 malus
3549 4996 3635 5045 est

2050 5088 2350 5158 episcopus.
2385 5086 2575 5156 Rapiat
2623 5084 2857 5156 aliquid,
2909 5090 3082 5138 taceat
3125 5080 3211 5136 cui
3252 5077 3429 5148 rapit,
3461 5077 3636 5134 bonus

2051 5188 2134 5236 est
2161 5197 2175 5234 :
2205 5178 2392 5234 saltem
2416 5176 2661 5247 loquatur
2689 5185 2744 5231 et
2771 5171 3167 5244 reprehendat,
3197 5170 3297 5224 etsi
3321 5184 3428 5224 non
3473 5183 3632 5238 repe-

2053 5280 2163 5338 tat,
2192 5270 2365 5326 malus
2390 5278 2491 5324 est.
2521 5269 2687 5324 Malus
2725 5275 2808 5322 est
2832 5265 2918 5336 qui
2949 5261 3292 5334 reprehendit
3318 5269 3588 5331 raptorem
3609 5300 3630 5329 ,

2050 5371 2105 5419 et
2129 5362 2298 5418 bonus
2323 5370 2406 5417 est
2431 5361 2520 5430 qui
2543 5357 2711 5429 rapit!
2751 5355 3036 5418 Ambulet,
3083 5352 3448 5407 Manducemus
3473 5361 3520 5406 et
3553 5351 3633 5406 bi-

2054 5456 2262 5518 bamus;
2291 5467 2405 5508 cras
2429 5452 2562 5506 enim
2608 5449 2899 5503 moriemur.
2928 5444 3126 5500 Contra
3152 5444 3437 5513 Apostolus
3462 5461 3476 5497 :
3500 5442 3632 5499 Cor-

2050 5556 2290 5619 rumpunt
2317 5547 2470 5600 bonos
2498 5559 2659 5596 mores
2682 5540 2933 5611 colloquia
2955 5538 3112 5593 mala.
3146 5536 3316 5593 Sobrii
3340 5546 3492 5592 estote
3525 5536 3626 5608 ju-

2117 5688 2134 5719 ι
2159 5685 2233 5734 sic
2249 5681 2426 5749 plures
2443 5686 2550 5728 Mss.
2572 5684 2628 5749 At
2649 5677 2784 5739 Edd.,
2812 5679 2895 5741 qui
2917 5673 3229 5727 crediderunt
3249 5682 3295 5726 et
3317 5674 3417 5738 qui,
3442 5680 3538 5724 etc.

2112 5750 2132 5781 ²
2155 5747 2296 5794 Corb.
2323 5749 2436 5801 Ms,
2461 5747 2644 5801 quanti.

2114 5812 2134 5843 ³
2316 5792 2456 5854 Dicet
2475 5792 2591 5853 ἱνα-ο
2611 5813 2756 5852 nunc.
2779 5801 2967 5865 abest,
3005 5811 3164 5864 nunc,
3198 5809 3228 5850 a
3257 5805 3364 5852 uss.
3390 5805 3441 5851 et
3462 5792 3642 5856 sum

2051 5867 2298 5941 particula,
2320 5877 2450 5930 tero,
2472 5877 2560 5929 pro
2581 5875 2740 5930 graeca
2753 5862 2834 5915 de.
