4074 6528
397 403 460 491 in
481 403 585 500 ιξεε
601 427 755 484 nolite
767 421 1130 498 peccai'eUsai.
1149 419 1383 487 1111,13;
1405 409 1553 471 lCdr.
1571 407 1862 479 uae-si).
1881 407 1972 500 so.

404 498 754 588 nativerbum,
776 527 928 576 sonat
952 529 1132 572 sermo
1157 503 1764 569 Contradictorlibidinis
1783 519 1793 554 :
1813 509 1866 554 at
1885 498 1974 553 ille

397 617 600 673 amicus
617 609 847 668 libidinis
863 621 990 675 suat,
1007 615 1059 662 et
1079 601 1324 661 inimicus
1343 599 1573 657 sermoni
1593 590 1974 652 contradicenti

399 709 583 765 amica:
600 722 708 770 sua:
725 687 947 759 infestus
960 693 1121 764 est,et
1140 697 1251 751 odit
1267 707 1568 750 sermonem
1595 688 1878 744 Dei.Faet’a
1894 691 1982 738 est-

399 797 566 860 amiCa
595 799 811 856 avaritia
833 839 847 863 ,
875 789 1119 850 inimicus
1141 793 1301 847 Deus.
1324 785 1652 844 Contradicit
1671 783 1813 838 enim
1837 780 1978 834 Deus

400 895 663 958 avarilitn,
713 875 767 947 et
812 887 928 944 vult
981 887 1109 943 nihil
1159 881 1414 956 possideri
1464 879 1532 934 ab
1580 874 1818 932 avaritia.
1865 871 1978 941 Ego

400 986 673 1059 possidear
699 983 721 1015 '
746 1023 762 1048 ,
804 981 1018 1036 clamat.
1043 977 1176 1046 Quid
1207 976 1286 1030 vis
1315 973 1381 1028 ab
1410 970 1627 1027 avaritia
1677 963 1980 1040 possideri?

401 1057 542 1134 Dura
590 1075 776 1145 jubet,
807 1073 940 1128 levia
978 1071 1139 1140 juheo
1170 1086 1183 1121 :
1215 1082 1348 1122 onus
1387 1064 1502 1134 ejus
1541 1077 1702 1132 grave
1723 1099 1737 1125 ,
1771 1057 1982 1110 sarcina

401 1171 517 1224 mea
548 1168 679 1221 levis
706 1174 782 1220 est
806 1182 820 1230 ;
846 1165 1029 1234 jugum
1052 1163 1169 1230 ejus
1191 1145 1318 1229 aspe
1341 1173 1436 1211 um
1463 1165 1542 1209 est
1561 1197 1575 1218 ,
1597 1155 1776 1223 jugum
1805 1163 1979 1202 meum

401 1261 521 1315 lene
579 1269 659 1313 est
703 1245 936 1329 (Manlii
975 1271 1027 1308 χι
1061 1297 1073 1318 ,
1131 1252 1260 1320 50).
1295 1249 1410 1304 Noli
1455 1247 1591 1302 velle
1639 1245 1706 1298 ab
1761 1239 1981 1298 avaritia

403 1349 684 1422 possideri.
715 1347 877 1414 iubet
901 1341 1118 1400 avaritia
1143 1353 1195 1396 ut
1230 1355 1376 1395 mare
1399 1349 1636 1393 transeas
1659 1377 1671 1398 ,
1696 1343 1748 1388 et
1774 1333 1984 1386 obtem-

404 1459 557 1514 peras
590 1461 601 1495 :
628 1442 780 1512 jubet
807 1433 860 1494 ut
887 1449 936 1493 te
965 1437 1135 1492 ventis
1161 1433 1510 1504 procellisque
1536 1427 1872 1488 committas;
1899 1423 1984 1492 ju-

406 1535 506 1589 beo
535 1549 632 1604 ego
665 1542 720 1586 ut
765 1541 886 1586 ante
914 1529 1109 1586 ostium
1155 1537 1298 1580 tmun
1328 1541 1391 1578 ex
1418 1537 1482 1577 eo
1511 1519 1648 1590 quod
1695 1517 1860 1574 habes
1891 1515 1984 1569 des

406 1625 621 1696 pauperi
675 1624 866 1692 :piger
916 1637 973 1676 es
1026 1621 1090 1672 ad
1122 1616 1418 1672 hiciemlum
1465 1623 1587 1668 ante
1619 1621 1668 1665 te
1707 1625 1842 1678 opus
1887 1605 1983 1660 bo-

408 1734 532 1772 num
555 1758 569 1783 ,
594 1727 647 1771 et
675 1726 925 1771 strenuus
953 1727 1009 1768 es
1033 1713 1098 1766 ad
1121 1703 1498 1765 transeundum
1527 1717 1691 1758 mare.
1717 1699 1847 1767 Quia
1871 1712 1988 1750 ava-

406 1810 521 1868 ritia
555 1811 812 1879 imperat,
873 1807 1072 1870 servis;
1125 1801 1242 1871 quia
1287 1802 1424 1856 Deus
1468 1797 1656 1868 jubet,
1707 1791 1886 1846 odisti.
1917 1789 1988 1844 Et

407 1903 575 1974 quid?
606 1901 738 1957 Cum
768 1900 945 1954 odisse
967 1895 1207 1966 conperit,
1241 1893 1423 1962 incipit
1446 1889 1580 1944 velle
1599 1883 1869 1942 criminari
1895 1897 1987 1937 eos

407 2011 436 2050 a
468 1995 658 2066 quibus
695 1993 841 2048 audit
867 1985 1006 2046 liena
1037 1997 1298 2058 praerepta
1327 2028 1340 2052 ,
1375 1991 1428 2038 et
1453 1981 1586 2036 velle
1617 1995 1710 2048 per
1732 1975 1990 2045 su5picio-

408 2106 504 2146 ncs
529 2105 650 2145 suas
695 2087 917 2142 crimina
950 2098 1194 2156 qua-rere
1225 2085 1496 2134 servorum
1541 2074 1653 2128 Dei.
1689 2071 1787 2140 Qui
1831 2069 1987 2123 nobis

408 2181 506 2238 ista
535 2183 752 2246 dicunt,
791 2181 887 2232 ista
914 2194 1017 2231 non
1067 2175 1265 2229 faciunt
1311 2171 1448 2241 ipsi?
1491 2167 1558 2221 Et
1598 2167 1694 2220 ista
1727 2165 1839 2219 sive
1870 2173 1989 2231 qua!

408 2273 580 2337 ﬁunt,
614 2273 725 2326 sive
754 2287 871 2338 qua:
920 2283 1022 2322 non
1067 2267 1233 2331 fiunt,
1283 2261 1528 2316 dicuntur
1573 2255 1723 2321 ﬁeri;
1771 2261 1824 2307 et
1872 2265 1991 2321 QULB

409 2363 541 2421 ﬁunt
574 2347 707 2417 bene
729 2404 742 2428 ,
776 2361 1020 2415 dicuntur
1051 2358 1189 2411 male
1222 2355 1332 2408 ﬁeri
1365 2361 1452 2406 :et
1490 2365 1606 2420 qua:
1659 2349 1948 2402 toleramus
1971 2385 1987 2411 ,

409 2453 473 2508 ad
503 2455 711 2522 culpam
739 2463 973 2506 nostram
1003 2447 1353 2518 applicantur.
1398 2443 1508 2499 Nos
1545 2441 1669 2512 quid
1699 2435 1990 2506 responde-

409 2545 564 2601 mus?
603 2543 716 2598 Noli
747 2558 832 2598 me
867 2541 1174 2604 attendere;
1209 2551 1509 2592 sermonem
1549 2533 1703 2587 istum
1727 2529 1942 2584 attende
1974 2545 1987 2581 :

412 2636 526 2706 ipse
549 2613 638 2688 tibi
669 2633 905 2704 loquitur
933 2647 1023 2702 per
1052 2628 1337 2700 quemlibet
1361 2644 1376 2693 ;
1409 2623 1532 2679 huic
1559 2633 1613 2678 tu
1640 2621 1888 2676 inimicus
1908 2633 1988 2672 es.

409 2723 682 2780 Concorda
734 2740 854 2778 cum
907 2721 1212 2776 adversario
1265 2729 1353 2772 tuo
1378 2760 1392 2785 ,
1430 2731 1550 2770 cum
1593 2729 1650 2768 cs
1688 2727 1808 2767 cum
1838 2723 1903 2766 eo
1939 2709 1988 2762 in

410 2819 491 2870 via
525 2815 631 2890 (Id.
655 2833 719 2880 v,
751 2815 844 2884 25)
871 2832 883 2868 :
909 2811 1267 2867 adversarium
1291 2819 1438 2863 tuum
1470 2819 1770 2861 sermonem
1795 2803 1884 2856 Dei
1907 2800 1990 2854 fe-

413 2910 551 2964 cisti.
599 2909 715 2963 Noli
757 2906 1030 2961 attendere
1061 2905 1081 2936 ³
1113 2903 1234 2974 quia
1289 2901 1378 2957 ille
1406 2899 1496 2954 tibi
1523 2897 1790 2968 loquitur:
1821 2895 1991 2950 malus

414 3011 495 3056 est
519 3015 611 3068 per
638 3015 796 3068 quem
815 2997 906 3052 tibi
934 2997 1185 3066 loquitur;
1211 2993 1304 3049 sed
1333 3007 1439 3046 nou
1462 3001 1542 3044 est
1561 2989 1756 3054 malus,
1785 2985 1872 3056 qui
1895 2985 1991 3038 tibi

415 3091 670 3160 loquitur,
696 3105 872 3144 sermo
899 3087 1012 3141 Dei.
1035 3089 1239 3140 Accusa
1261 3085 1424 3138 Deum
1450 3124 1464 3148 ,
1482 3095 1669 3136 accusa
1693 3121 1708 3146 ,
1741 3079 1786 3132 si
1817 3085 1989 3148 potes.

485 3183 536 3236 5.
570 3179 798 3235 Creditis
823 3221 837 3244 ,
869 3181 1057 3233 fratres
1083 3218 1098 3242 ,
1127 3177 1228 3246 hue
1259 3189 1420 3244 usque
1451 3171 1758 3242 pervenisse
1803 3181 1896 3224 eos
1925 3167 1994 3222 de

419 3271 624 3344 quibus’
662 3271 857 3324 dicitur
879 3311 893 3334 ,
927 3269 1078 3338 Sa’pe
1106 3273 1514 3337 expugnaverunt
1543 3279 1621 3316 me
1665 3277 1694 3314 α
1727 3261 1996 3333 juventute

415 3379 526 3417 mea
552 3403 566 3426 ,
592 3369 653 3415 ut
676 3362 837 3415 etiam
881 3361 1051 3429 ipsum
1081 3357 1244 3412 Deum
1265 3357 1529 3411 accusare
1559 3368 1666 3408 non
1705 3351 1994 3406 dubitent?

415 3453 647 3511 Accusas
676 3467 891 3507 avarum
913 3493 926 3517 ,
962 3459 1013 3506 et
1042 3449 1133 3505 ille
1159 3457 1370 3504 accusat
1399 3449 1560 3501 Deum
1589 3447 1713 3516 quia
1743 3444 1866 3498 fecit
1899 3459 1994 3498 au-

414 3559 552 3601 rum.
584 3543 700 3598 Noli
731 3557 924 3597 avarus
953 3557 1092 3597 esse.
1123 3541 1188 3595 Et
1203 3553 1334 3594 -non
1373 3538 1573 3593 faceret
1601 3538 1736 3590 Deus
1781 3549 1990 3588 aurum.

415 3637 532 3694 Jam
567 3636 670 3698 hoc
715 3643 916 3700 restat,
947 3633 1071 3704 quia
1117 3631 1256 3686 mala
1301 3639 1386 3685 tua
1417 3643 1576 3700 opera
1607 3626 1859 3682 cohibere
1888 3639 1992 3679 non

414 3737 602 3800 potes,
632 3739 854 3781 accusas
889 3739 1048 3795 opera
1070 3725 1207 3779 bona
1233 3723 1324 3778 Dei
1355 3741 1366 3777 :
1395 3721 1637 3790 diSplicet
1669 3720 1762 3774 tibi
1789 3725 1996 3774 creator

418 3829 472 3876 ct
494 3820 779 3874 fabricator
805 3807 1010 3872 mundi.
1033 3815 1150 3872 Non
1177 3817 1372 3871 faceret
1393 3823 1447 3869 et
1469 3813 1636 3868 solem
1661 3829 1673 3879 ;
1699 3813 1819 3882 quia
1843 3809 1996 3864 multi

415 3911 466 3969 iu
495 3909 744 3965 fenestris
769 3905 1095 3963 contendunt
1121 3905 1188 3962 de
1215 3906 1596 3971 luminaribus,
1625 3912 1678 3958 et
1702 3903 1776 3956 ad-
1797 3901 1994 3971 judicia

418 4016 476 4056 se
525 3999 758 4054 trahunt.
790 3997 836 4054 Ο
861 3999 904 4053 si
927 3997 1050 4052 vitia
1079 4005 1268 4052 nostra
1296 3995 1666 4052 cohibeamus!
1707 3994 1832 4064 quia
1861 3993 1995 4046 bona

415 4101 538 4148 sunt
564 4091 740 4146 omnia
761 4133 775 4158 ,
807 4091 928 4160 quia
954 4090 1125 4146 bonus
1157 4089 1295 4144 Deus
1317 4088 1402 4158 qui
1431 4087 1554 4143 fecit
1575 4088 1780 4150 omnia;
1811 4097 1863 4140 et
1881 4086 1994 4138 lau-

417 4182 544 4260 dant
571 4183 714 4236 illum
757 4195 918 4250 opera
946 4195 1075 4248 sua,
1118 4179 1454 4235 considerata
1497 4179 1618 4248 quia
1661 4177 1798 4232 bona
1831 4183 1995 4242 sunt,

417 4275 483 4331 ab
505 4289 570 4330 eo
593 4275 680 4344 qui
701 4273 862 4328 habet
890 4273 1138 4343 spiritum
1165 4271 1571 4337 considerandi,
1606 4271 1852 4340 spiritum
1887 4269 1998 4339 pie-

416 4367 536 4425 tatis
563 4377 615 4422 et
661 4367 954 4436 sapientiai.
983 4365 1231 4436 Undique
1259 4365 1506 4422 laudatur
1541 4365 1684 4420 Deus
1713 4365 1782 4419 ab
1811 4363 1995 4434 operi-

416 4456 514 4513 bus
543 4457 674 4512 suis.
726 4453 1006 4526 Quomodo
1047 4455 1198 4513 illum
1230 4457 1444 4512 laudant
1469 4471 1628 4526 opera
1671 4471 1766 4512 sua
1814 4471 1908 4524 per
1934 4469 2004 4510 os-

417 4550 575 4605 trium
618 4545 944 4620 puerdrum?
987 4549 1110 4620 quid
1153 4551 1569 4620 praetermissum
1616 4549 1734 4602 est?
1759 4548 2000 4602 Laudant

418 4641 539 4698 coeli
563 4682 577 4706 ,
611 4639 827 4694 laudant
859 4639 1044 4709 Angeli
1065 4683 1078 4706 ,
1105 4639 1322 4694 laudant
1347 4639 1556 4704 sidera,
1587 4638 1801 4692 laudant
1828 4637 1908 4692 sol
1945 4645 2004 4692 et-

418 4731 540 4800 luna
568 4773 582 4798 ,
615 4729 829 4786 laudant
851 4731 966 4786 dies
990 4745 1051 4786 ac
1079 4739 1259 4785 noctes
1284 4772 1298 4797 ,
1325 4730 1500 4784 laudat
1529 4729 2000 4800 quidquid-germi-

417 4835 508 4882 nat
535 4823 604 4880 de
651 4835 793 4880 terra
818 4867 832 4892 ,
859 4825 1038 4890 laudat
1066 4823 1317 4894 quidquid
1349 4835 1506 4878 natat-
1527 4824 1576 4877 in
1609 4824 1771 4886 mari,
1821 4822 2000 4878 laudat

419 4917 672 4992 quidquid
715 4918 901 4972 volitat
928 4917 979 4971 in
1027 4933 1185 4982 aere,
1218 4918 1434 4970 laudant
1480 4913 1667 4970 omnes
1707 4925 1915 4970 montes
1945 4923 2000 4970 et

417 5007 580 5064 calles
600 5051 614 5075 ,
638 5001 860 5064 laudant
874 5007 1068 5078 frigora
1096 5016 1147 5062 et
1171 5013 1364 5073 restas;
1391 5015 1444 5062 et
1466 5015 1656 5062 caetera
1682 5008 1858 5061 omnia
1879 5019 2000 5076 qua!

419 5097 559 5157 Deus
587 5101 744 5167 fecit,
792 5099 1014 5156 audistis
1063 5099 1182 5170 quia
1231 5093 1444 5153 laudant
1489 5099 1656 5153 Deum
1694 5097 1851 5168 (Dan.
1901 5113 1996 5164 tu,

421 5193 586 5250 57-90
612 5192 632 5264 )
666 5211 678 5246 :
713 5191 966 5263 numquid
994 5191 1214 5246 audistis
1240 5191 1310 5246 ibi
1335 5191 1454 5261 quia
1485 5191 1662 5245 laudat
1687 5191 1850 5245 Deum
1875 5206 2000 5244 ava-

417 5286 537 5343 ritia
557 5328 572 5354 ,
603 5287 725 5356 quia
757 5285 932 5340 laudat
965 5285 1130 5339 Deum
1159 5284 1364 5338 luxuria
1385 5284 1409 5326 ν
1437 5283 1551 5338 Νοιι
1591 5283 1810 5337 laudant
1855 5283 1954 5337 ista
1979 5325 1994 5350 ,

416 5377 540 5449 quia
564 5393 669 5442 non
697 5379 810 5448 ipse
839 5377 929 5431 illa
960 5377 1102 5432 fecit.
1134 5375 1373 5432 Laudant
1407 5375 1475 5431 ibi
1515 5373 1760 5430 homines
1793 5375 1996 5441 Deum;

415 5467 646 5528 hominis
671 5481 880 5526 creator
905 5479 985 5526 est
1014 5469 1171 5524 Deus.
1201 5467 1436 5522 Avaritia
1466 5481 1599 5537 opus
1627 5475 1710 5522 est
1745 5465 1870 5520 mali
1898 5466 1997 5520 ho-

479 5624 494 5656 ί
525 5623 702 5686 Regius
720 5627 823 5672 lls.:
849 5618 1168 5686 sobriiestote
1190 5623 1235 5669 et
1267 5617 1457 5682 vigilate
1475 5621 1624 5679 Juste.
1763 5675 1774 5686 .

477 5676 716 5749 ξδίιῖλω.
735 5691 808 5733 Er.
835 5691 887 5733 et
907 5682 1132 5749 plerique
1157 5689 1264 5749 atas.
1289 5676 1346 5731 A't
1365 5676 1501 5730 levi:
1529 5687 1624 5749 Ego

478 5747 500 5782 ⁸
522 5755 732 5808 Quatuor
753 5755 876 5808 uss;
905 5736 1009 5796 irati
1027 5736 1274 5796 attendere
1290 5756 1376 5808 per
1399 5753 1541 5808 quem
1559 5736 1897 5804 tibi'toquitur,
1911 5736 1998 5790 sed

419 5805 608 5868 Ιυεκαε
621 5807 736 5874 quia
755 5805 856 5872 itte,
881 5815 978 5859 etc.

1623 300 1682 356 S.
1710 289 2076 353 AUGUSTINI
2111 287 2412 346 EPISCOPI

3515 290 3657 348 1692

2083 405 2239 460 minis
2265 421 2278 468 ;
2309 404 2468 458 homo
2499 401 2611 473 ipse
2641 415 2774 472 opus
2801 409 2884 458 est
2912 403 3024 458 Dei.
3054 401 3120 459 Et
3157 403 3280 474 quid
3312 406 3428 461 vult
3473 406 3662 464 Deus?

2081 497 2336 552 occidere
2361 497 2413 551 in
2445 505 2496 552 te
2527 496 2808 567 quod'ipse
2829 483 3002 552 fecisti
3027 537 3040 564 ,
3072 505 3126 551 et
3153 497 3362 554 salvere
3380 498 3522 569 quod
3544 501 3662 570 ipse

2081 589 2226 645 fecit.

2157 683 2210 738 6-.
2243 681 2357 738 Noli
2383 682 2644 737 fenerare.
2669 681 2750 736 Tu
2777 697 2994 737 accusas
3019 682 3344 754 Scripturam
3371 685 3660 757 dicentem,

2089 771 2192 841 Qui
2219 777 2484 845 pecuniam
2509 791 2653 828 suam
2673 789 2774 828 non
2796 773 2932 830 dedit
2960 774 3028 828 ad
3049 791 3252 830 usuram
3271 776 3554 847 (Ρεαιιιιν,
3580 779 3662 850 5).

2083 865 2198 921 Non
2223 882 2323 937 ego
2347 867 2474 921 illud
2503 867 2728 936 scripsi,
2760 881 2868 921 neu
2898 867 2965 922 de
2989 881 3086 923 ore
3125 883 3246 923 meo
3293 871 3464 938 primo
3488 873 3617 927 exiit
3645 885 3663 928 :

2087 961 2252 1015 Demn
2283 961 2423 1015 audi.
2472 961 2537 1015 Et
2567 959 2658 1015 ille
2686 977 2698 1014 :
2731 960 2922 1015 Clerici
2971 975 3078 1016 non
3105 960 3368 1017 fenerent.
3424 964 3490 1018 Et
3528 963 3668 1021 forte

2085 1055 2173 1124 qui
2207 1053 2298 1108 tibi
2329 1055 2594 1124 loquitur,
2642 1069 2750 1110 non
2801 1053 3007 1111 fenerat
3039 1074 3054 1110 :
3083 1056 3177 1110 sed
3221 1057 3264 1110 si
3305 1055 3548 1125 fenerat,
3583 1059 3670 1114 fac

2086 1147 2206 1216 quia
2237 1155 2292 1201 et
2319 1147 2434 1215 ipse
2461 1148 2699 1212 fenerat;
2725 1148 2980 1218 nuntquid
3009 1147 3216 1203 fenerat
3253 1150 3340 1219 qui
3369 1165 3463 1218 per
3491 1151 3668 1220 ipsum

2093 1238 2362 1307 loquitur?
2391 1237 2446 1294 Si
2476 1239 2598 1292 facit
2623 1237 2766 1309 quod
2795 1237 2885 1294 tibi
2915 1239 3044 1294 dicit
3063 1281 3080 1306 ,
3109 1245 3164 1295 et
3193 1255 3298 1294 non
3331 1251 3386 1296 tu
3411 1240 3578 1308 facis;
3613 1253 3670 1297 tu

2088 1331 2140 1384 in
2169 1331 2344 1400 ignem
2376 1332 2394 1363 ί
2417 1373 2430 1396 ,
2467 1331 2554 1385 ille
2588 1332 2637 1385 in
2669 1347 2913 1402 regnum.
2941 1333 2997 1387 Si
3019 1347 3126 1387 non
3153 1331 3278 1387 facit
3303 1334 3561 1401 quod'tibi
3589 1335 3674 1389 di-

2089 1423 2189 1486 cit,
2215 1433 2268 1477 et
2293 1423 2490 1492 pariter
2511 1421 2635 1478 facit
2657 1425 2790 1478 mala
2819 1441 2936 1494 qua:
2957 1425 3088 1479 facis
3106 1466 3120 1490 ,
3151 1433 3206 1479 et
3233 1425 3362 1480 dicit
3391 1427 3526 1481 bona
3543 1441 3673 1497 qum

2095 1523 2198 1569 non
2231 1517 2384 1581 facit;
2435 1519 2632 1586 pariter
2671 1519 2722 1572 iu
2755 1519 2947 1588 ignem.
2979 1519 3181 1574 Feuum
3219 1521 3428 1576 ardebit
3457 1523 3478 1554 ⁸
3499 1563 3513 1586 ,
3547 1537 3674 1577 ver-

2093 1605 2217 1661 bum
2245 1617 2422 1662 autem
2461 1609 2666 1663 Domini
2703 1621 2881 1664 manet
2903 1611 2956 1665 iu
2979 1621 3234 1666 aeternum
3271 1611 3432 1682 (Isai.
3461 1629 3566 1682 XL,
3590 1613 3671 1685 8).

2095 1697 2360 1768 Numquid
2394 1701 2544 1755 ardet
2571 1717 2747 1756 sermo
2775 1703 2862 1772 qui
2891 1705 2980 1758 tibi
3011 1719 3102 1773 per
3133 1703 3277 1759 illum
3321 1705 3526 1762 locutus
3555 1709 3676 1762 est?

2097 1793 2204 1847 Aut
2234 1791 2442 1863 Moyses
2472 1801 2553 1848 est
2595 1795 2680 1864 qui
2716 1796 2808 1850 tibi
2851 1797 3119 1866 loquitur,
3169 1799 3220 1853 id
3265 1809 3376 1866 est,
3409 1799 3580 1856 bonus
3620 1809 3678 1858 et

2093 1885 2270 1955 justus
2319 1887 2542 1942 tantulus
2589 1890 2716 1953 Dei;
2760 1901 2852 1944 aut
2901 1891 3188 1960 pharisaeus
3235 1903 3316 1949 est
3367 1893 3678 1950 cathedram

2098 1977 2264 2048 Moysi
2295 1979 2507 2034 sedens.
2539 1981 2744 2035 Audisti
2771 1981 2910 2038 etde
2933 1985 3090 2054 ipsis:
3119 1985 3247 2052 Qua!
3273 1985 3466 2050 dicunt,
3496 1987 3678 2054 facite;

2097 2085 2210 2138 qua:
2236 2079 2400 2123 autem
2432 2073 2654 2142 faciunt,
2681 2077 2848 2144 facere
2867 2077 3019 2129 nolite
3045 2073 3253 2146 (Matth.
3279 2093 3402 2132 χχιιι
3420 2119 3433 2143 ,
3458 2079 3536 2148 5).
3561 2077 3679 2133 Non

2099 2159 2263 2216 liabcs
2289 2173 2342 2216 tu
2365 2165 2506 2218 unde
2535 2173 2586 2220 te
2615 2181 2840 2220 excuses
2863 2207 2878 2233 ,
2909 2169 3120 2237 qunudo
3147 2185 3326 2223 sermo
3359 2170 3448 2225 Dei
3481 2171 3572 2224 tibi
3601 2171 3682 2225 lo-

2099 2255 2296 2340 quitur.
2344 2256 2474 2322 Quia
2524 2273 2628 2312 non
2659 2269 2812 2329 poles
2859 2259 3172 2316 interficere
3201 2277 3500 2317 sermonem
3541 2263 3680 2332 Dei,

2100 2347 2368 2402 criminari
2419 2351 2612 2419 quaeris
2642 2366 2738 2406 eos
2787 2367 2882 2422 per
2928 2368 3060 2423 quos
3105 2353 3340 2424 loquitur
3368 2355 3458 2410 tibi
3503 2371 3682 2412 sermo

2101 2442 2215 2496 Dei.
2244 2443 2436 2510 Quazre
2467 2454 2719 2515 quantum
2753 2451 2831 2499 vis
2851 2487 2866 2512 ,
2899 2447 2986 2500 dic
3015 2457 3268 2517 quantum
3293 2451 3370 2503 vis
3393 2491 3407 2516 ,
3433 2449 3684 2520 blaSpheé

2101 2551 2185 2590 ma
2215 2547 2469 2606 quantum
2501 2543 2581 2592 vis
2615 2557 2628 2592 :
2661 2537 2817 2610 Swpe
2843 2553 3255 2612 expugnaverunt
3277 2559 3356 2595 me
3381 2543 3686 2609 ajuventutd

2102 2643 2212 2680 mea
2231 2668 2251 2694 ι,
2285 2628 2416 2680 dicat
2437 2644 2550 2682 vero
2581 2627 2745 2683 Israel
2775 2673 2790 2698 ,
2824 2631 2975 2702 Swpc
2999 2643 3410 2703 expugnaverunt
3433 2651 3514 2689 me
3537 2653 3568 2688 a
3589 2627 3686 2706 juJ

2101 2729 2298 2773 venture
2323 2737 2451 2774 mea.
2477 2721 2689 2776 Audent
2735 2723 2892 2776 etiam
2925 2723 3259 2779 feneratores
3303 2725 3484 2780 dicere
3515 2744 3529 2778 :
3565 2725 3680 2781 Non

2101 2812 2273 2868 habeo
2298 2814 2440 2868 aliud
2480 2814 2618 2869 unde
2648 2816 2842 2868 vivam.
2875 2816 2986 2872 Hoc
3031 2815 3159 2871 mihi
3186 2828 3238 2872 et
3266 2819 3400 2872 latro
3425 2817 3660 2886 diceret,

2102 2905 2465 2975 deprehensus
2492 2906 2543 2960 in
2581 2897 2763 2972 fauce;
2799 2909 2899 2962 hoc
2942 2917 2994 2961 et
3023 2907 3270 2963 eil'ractor
3293 2909 3543 2977 diceret,
3596 2909 3683 2964 de.

2102 2998 2398 3068 prehensus
2426 2999 2566 3054 circa
2597 3001 2851 3069 parietem
2884 3002 3154 3066 alienum;
3191 3003 3289 3056 hoc
3317 3001 3445 3056 mihi
3469 3015 3522 3057 et
3566 3003 3686 3058 leno

2103 3092 2342 3166 diceret,
2389 3109 2573 3148 emens
2619 3095 2820 3161 puellas
2866 3095 2932 3148 ad
2975 3095 3439 3164 prostitutiouem;
3485 3095 3588 3149 hoc
3633 3106 3686 3150 et

2103 3186 2375 3266 maleﬁcus
2393 3187 2665 3241 incantans
2688 3187 2846 3251 mala,
2865 3195 2918 3241 et
2941 3185 3176 3240 vendens
3199 3187 3486 3256 nequitiam
3509 3201 3686 3252 suam;

2103 3277 2357 3350 quidquid
2405 3279 2509 3332 tale
2552 3279 2836 3348 prohibere
2881 3295 3235 3347 conaremur,
3291 3279 3686 3350 responderent

2103 3386 2291 3426 omnes
2321 3372 2443 3441 quia
2475 3387 2577 3425 nou
2625 3371 2884 3426 haberent
2925 3373 3065 3426 unde
3087 3373 3360 3438 viverent,
3393 3373 3517 3444 quia
3563 3372 3688 3429 inde

2103 3478 2164 3518 se
2197 3473 2507 3532 pascerent;
2543 3465 2689 3534 quasi
2709 3479 2812 3518 non
2832 3461 3120 3534 hocipsum
3143 3465 3194 3519 in
3219 3465 3319 3519 illis
3343 3465 3570 3519 maxime
3587 3467 3690 3534 pii“-

2105 3555 2355 3608 niendum
2382 3565 2464 3608 est
2491 3595 2505 3622 ,
2535 3555 2656 3626 quia
2687 3565 2854 3609 artem
2887 3555 3140 3624 nequitia:
3165 3555 3510 3625 delegerunt,
3545 3555 3688 3611 unde

2103 3647 2266 3702 vitam
2299 3647 2629 3718 transigant,
2658 3657 2711 3703 et
2731 3635 2853 3702 inde
2883 3663 2941 3703 se
2961 3649 3143 3702 volunt
3171 3631 3408 3714 pascere,
3437 3647 3576 3704 unde
3601 3647 3686 3702 οτι

2105 3738 2324 3812 (endant
2351 3755 2472 3794 eum
2503 3755 2534 3793 a
2564 3755 2669 3809 quo
2696 3755 2884 3794 omnes
2913 3747 3224 3808 pascuntur.
3649 3749 3652 3752 '

2176 3833 2229 3888 7.
2261 3833 2364 3888 Sed
2393 3848 2514 3888 cum
2539 3833 2852 3890 clamaveris
2879 3833 2980 3888 hoc
3005 3843 3058 3887 et
3087 3833 3286 3888 dixeris
3305 3874 3322 3900 ,
3359 3831 3434 3888 illi
3461 3847 3692 3903 respon-

2106 3923 2236 3978 dent
2266 3942 2278 3978 :
2311 3923 2368 3979 Si
2397 3925 2473 3980 sic
2496 3965 2513 3992 ,
2547 3939 2652 3979 non
2684 3925 2788 3979 huc
2815 3923 3116 3994 accedimus
3141 3942 3156 3992 ;
3255 3923 3331 3979 sic
3351 3965 3364 3989 ,
3393 3939 3500 3979 non
3523 3925 3698 3978 intra-‘

2105 4033 2225 4072 mus
2253 4017 2304 4070 iu
2338 4017 2506 4086 ipsam
2539 4015 2852 4072 Ecclesium.
2885 4015 3143 4084 Veniant,
3174 4017 3403 4082 intrent,
3434 4015 3650 4069 audiant
3677 4033 3691 4070 :

2109 4107 2262 4178 Sa'pe
2287 4117 2698 4179 expugnaverunt
2723 4126 2801 4162 me
2830 4125 2862 4162 ιι
2876 4109 3138 4180 juventute
3182 4125 3312 4163 mea.
3348 4105 3544 4162 Etenim
3591 4123 3693 4160 non

2107 4207 2374 4270 potuerunt
2422 4199 2545 4252 mihi
2587 4215 2606 4252 :
2647 4215 2804 4268 supra
2848 4199 3054 4252 dorsum
3105 4215 3271 4252 meum
3323 4198 3698 4268 fabricaverunt

2118 4302 2404 4360 peccatores
2430 4305 2448 4342 :
2473 4289 2575 4344 hoc
2601 4299 2683 4344 est
2704 4330 2720 4356 ,
2753 4305 2858 4343 non
2890 4299 3176 4362 potuerunt
3206 4305 3366 4360 agere
3392 4297 3450 4343 ut
3469 4303 3698 4343 consen-

2110 4384 2238 4438 tiam
2269 4401 2282 4450 ;
2317 4383 2558 4438 fecerunt
2588 4382 2729 4454 quod
2759 4393 2988 4453 portem.
3012 4383 3182 4450 Quam
3215 4383 3468 4452 praeclare
3493 4381 3696 4466 dictum

2109 4484 2192 4530 est
2212 4515 2226 4539 ,
2256 4490 2412 4545 quam
2445 4474 2642 4544 optime
2670 4473 2986 4544 signiﬁcavit
3010 4515 3024 4536 ,
3059 4471 3261 4527 Etenim
3291 4490 3391 4527 non
3427 4481 3702 4548 potuerunt

2111 4565 2233 4620 mihi
2271 4581 2474 4634 δευρί-ιι
2517 4566 2718 4620 dorsum
2765 4581 2950 4644 meum,
2973 4553 3344 4636 fabricaverunt
3391 4551 3700 4633 peccatores.

2111 4655 2288 4726 Agunt
2317 4655 2631 4724 nobiscum,
2681 4657 2852 4725 primo
2879 4664 2937 4734 ut
2958 4657 3352 4710 consentiamus
3379 4653 3482 4710 illis
3513 4656 3592 4709 ad
3620 4653 3699 4709 fa-

2111 4759 2192 4804 cta
2226 4747 2358 4814 mala
2394 4765 2406 4800 :
2437 4748 2614 4820 sinon
2661 4751 3116 4815 ('0useuserimus,
3147 4747 3396 4802 Tolerate
3427 4737 3542 4801 nos
3564 4789 3580 4814 ,
3613 4741 3699 4820 di-

2111 4851 2258 4898 cunt.
2293 4841 2432 4911 Ergo
2458 4843 2580 4912 quia
2607 4858 2711 4896 non
2753 4843 2970 4912 potuisti
3002 4841 3128 4896 mihi
3153 4881 3168 4908 ,
3216 4841 3447 4896 ascende
3475 4839 3526 4893 in
3565 4837 3698 4893 dor-

2111 4949 2230 4991 Sum
2257 4950 2433 5002 meum
2461 4950 2475 4998 ;
2510 4943 2722 5003 portare
2747 4943 2798 4988 te
2827 4933 2996 4988 habeo
3024 4931 3302 5004 quousque
3329 4931 3504 4985 veniat
3532 4929 3653 4983 linis
3682 4947 3698 4984 :

2112 5028 2189 5082 sic
2217 5027 2357 5081 enim
2399 5027 2527 5080 mihi
2561 5036 2880 5096 prmceptum
2927 5033 3038 5090 est,
3088 5031 3148 5077 ut
3194 5024 3422 5078 fructum
3477 5019 3698 5075 afferam

2111 5135 2230 5176 cum
2278 5121 2556 5175 tolerantia
2590 5117 2736 5192 (Luc.
2767 5134 2856 5172 VIII
2885 5160 2899 5182 ,
2949 5118 3060 5188 15).
3091 5115 3204 5188 Non
3236 5125 3288 5171 te
3325 5114 3535 5186 corrigo
3557 5155 3572 5176 ,
3603 5121 3690 5166 to-

2112 5211 2236 5278 lero.
2251 5220 2301 5266 te
2329 5229 2342 5264 :
2370 5221 2458 5264 aut
2481 5209 2646 5275 forte,
2674 5224 2794 5264 cum
2822 5209 2993 5264 tolero
3027 5218 3106 5274 te,
3135 5207 3361 5276 corrigis
3400 5215 3470 5261 te.
3504 5204 3562 5260 Si
3591 5219 3698 5260 non

2113 5312 2165 5358 te
2191 5303 2412 5374 corrigis
2439 5318 2607 5372 usque
2635 5301 2688 5356 in
2712 5301 2898 5368 finem,
2935 5301 3101 5354 tolero
3131 5309 3182 5355 te
3209 5315 3376 5372 usque
3399 5297 3450 5352 in
3485 5293 3646 5372 finem
3679 5285 3698 5362 ξ

2111 5405 2164 5450 et
2193 5410 2362 5466 usque
2393 5395 2446 5450 in
2481 5395 2641 5450 ﬁnem
2673 5409 2834 5464 super
2875 5391 3092 5458 dorsum
3139 5407 3317 5446 meum
3348 5391 3456 5446 eris
3481 5431 3497 5458 ,
3528 5377 3701 5480 usque

2176 5553 2191 5583 ι
2219 5551 2365 5614 Lugd.
2387 5557 2506 5598 \‘en.
2531 5555 2585 5614 et
2603 5555 2713 5599 Lov.
2731 5547 2896 5598 ferunt
2911 5547 2960 5614 in
2981 5551 3122 5614 textu
3143 5546 3366 5614 verbm,
3387 5542 3626 5614 eadem:
3647 5548 3698 5593 Β.

2109 5627 2218 5685 nou_
2248 5605 2458 5685 legitur;
2499 5611 2589 5662 sed
2623 5619 2734 5662 nuta
2767 5610 3050 5674 marginalia
3077 5609 3232 5660 habet
3261 5622 3276 5658 :
3318 5625 3344 5656 ι
3375 5605 3588 5671 Supple,
3619 5617 3702 5658 ttae

2115 5675 2315 5864 ,
2334 5735 2388 5848 ig
2406 5682 2564 5848 ilicem
2581 5736 2743 5846 [gnum
2760 5732 2970 5787 ardebit.
2993 5733 3143 5798 Lugd.
3157 5743 3280 5786 ven.
3299 5737 3354 5784 et
3371 5735 3504 5794 Im»
3517 5727 3570 5781 ίη
3585 5726 3700 5791 Ῐθλθ

2197 5812 2242 5848 ω
2295 5812 2352 5849 ar
2389 5811 2416 5848 ε
2485 5833 2499 5847 .
2635 5833 2650 5848 .

2197 5811 2276 5848 um
2295 5811 2499 5849 araeou.
2593 5811 2650 5848 Ι.
