2037 3234
142 153 214 185 1695

142 212 178 241 ad
191 201 313 244 tempus.
336 203 470 240 Numquid
489 207 596 237 semper
609 205 689 234 super
713 189 821 225 dorsum
845 200 935 222 meum

144 258 219 289 eris?
233 242 331 287 veniet
353 252 429 287 enim,
439 250 489 285 qui.
499 248 561 278 inde
576 251 602 275 te
615 245 730 274 excutiat
744 252 751 270 :
765 242 855 270 veniet
870 245 937 268 tem-

143 313 195 343 pus
209 302 321 335 messis,
333 298 424 327 veniet
438 296 499 324 ﬁnis
509 293 618 325 saeculi;
636 291 760 320 immittet
780 289 849 316 Deus
866 294 937 315 mes-

144 334 232 383 sores.
246 351 379 381 Messores
396 351 486 377 autem
501 343 595 379 Angeli
609 345 672 369 sunt
688 348 696 367 :
709 340 833 372 separant
852 334 937 362 malos

144 382 180 430 de
194 398 284 429 medio
293 396 438 431 iustorum,
452 392 521 420 sicut
540 388 640 418 zizania
660 395 675 414 a
689 385 793 417 tritico;
816 382 937 410 frumen-

126 478 129 480 ,
147 452 203 476 tum
225 443 372 473 recondeut
385 441 411 467 in
424 440 519 466 horreo
532 458 538 468 ,
559 436 659 471 paleam
675 438 762 459 autem
781 428 938 457 comburent

148 493 201 529 igni
214 487 430 523 inesstinguibili.
447 483 551 512 Portmi
568 487 705 516 quousque
716 478 798 511 potui,
809 476 861 508 jam
875 480 939 507 gau-

147 524 214 567 dens
236 543 344 564 transeo
369 535 394 560 in
422 533 546 558 horreum
575 528 640 559 Dei,
668 530 693 552 et
718 530 827 550 securus
842 524 936 551 cauto,

149 585 225 618 Scepe
240 583 444 618 expugnaverunt
457 585 495 604 me
510 584 523 601 (ι
534 576 666 611 juvrnlnlc
678 579 742 598 mea.

184 615 211 659 έ.
227 615 295 664 Quid
307 615 377 654 enim
393 624 456 652 mihi
468 623 555 650 facere
568 622 707 655 potucrqu
720 637 726 648 ,
739 615 799 650 quia
810 619 940 648 expugna-

149 681 237 705 verunt
264 682 302 701 me
325 673 482 707 ajuventute
507 666 582 694 mea?
603 665 785 692 Excrcueruut
811 667 870 690 me,
887 664 940 683 non

149 725 350 758 oppreswrunt.
366 718 516 745 Vultu-runt
531 713 595 740 llitlli
612 712 680 738 sicut
695 710 761 744 ignis
775 707 807 734 ad
828 712 921 732 aurum
932 724 939 736 ,

150 778 203 798 non
215 766 361 801 sicutignis
374 764 406 791 ad
423 763 522 790 fenum.
539 759 608 794 Ignis
622 758 691 784 enim
706 754 836 782 act-edens
852 751 882 777 ad
897 758 942 775 au-

151 823 209 843 rum
220 834 228 847 ,
240 813 345 840 Sordem
359 809 441 840 tollit;
457 806 586 835 accedens
600 804 633 830 ad
661 801 747 828 fenum
762 821 767 832 ,
784 799 809 825 in
824 797 941 824 cinerem

150 860 242 888 vertit.
258 858 357 885 Etenim
373 863 421 881 non
433 857 566 888 potucrant
581 850 657 881 mihi,
672 848 731 882 quia
744 854 795 872 non
807 842 940 874 consensi,

151 908 213 942 quia
240 913 291 932 non
306 912 347 930 me
359 902 478 929 fecerunt
491 898 581 933 quali-5
593 901 652 922 sunt
665 894 724 928 ipsi.
741 893 825 925 Supra
841 890 943 915 dorsum

152 960 235 980 meum
250 950 431 986 fabricaverunt
445 950 586 980 peculiares
600 962 606 973 ,
620 943 692 975 longe
710 941 818 974 fecerunt
842 935 943 969 injusti-

154 1000 214 1025 tium
226 1005 306 1024 suum.
325 994 456 1021 Fecerunt
471 990 540 1025 quod
565 988 673 1015 tolcrcm
685 1007 692 1019 ,
707 991 733 1012 ct
749 993 799 1011 non
827 984 945 1009 fecerunt

154 1044 196 1072 cui
211 1041 399 1070 consentirem.
414 1038 469 1064 Jam
493 1043 556 1069 ergo
580 1033 705 1068 iujustitia
729 1031 844 1065 ipsm-mn
868 1029 945 1061 longe

155 1095 197 1117 est
211 1097 224 1114 ει
242 1095 293 1115 me.
321 1086 379 1113 Mali
396 1084 469 1111 misti
485 1086 543 1108 sunt
559 1080 652 1110 bonis,
670 1086 723 1104 non
744 1076 827 1102 solum
852 1076 876 1100 in
893 1082 943 1100 sa:-

158 1135 237 1166 culo,
254 1133 301 1160 sed
318 1136 343 1158 et
359 1132 384 1157 in
402 1131 456 1164 ip~a
474 1129 545 1154 intus
568 1125 686 1152 Ecclesia
709 1123 771 1149 mali
796 1122 869 1147 mixti
884 1124 946 1146 sunt

157 1181 242 1210 bonis.
258 1179 346 1206 Nostis
359 1198 366 1208 .
391 1181 417 1203 et
433 1173 580 1209 probastis;
602 1177 628 1197 et
643 1169 727 1201 magis
743 1166 889 1203 probabitis
903 1187 910 1197 ,
923 1165 946 1192 si

156 1228 218 1258 boni
230 1226 340 1253 fueritis.
351 1224 412 1250 Cum
423 1222 492 1249 enim
510 1220 622 1246 crci'isset
639 1216 713 1243 Itcrbu
721 1221 742 1242 et
753 1215 861 1249 [murtam
874 1212 947 1246 foris-

156 1280 206 1306 set,
223 1279 281 1300 tunc
307 1272 478 1305 apparuerunt
505 1266 602 1293 zizania
623 1263 728 1298 (.llotllt.
754 1269 799 1288 xui
812 1281 819 1292 ,
839 1258 945 1293 27-45).

156 1321 230 1350 Nulli
246 1322 375 1354 apparent
390 1316 452 1343 mali
480 1314 505 1341 in
522 1312 659 1343 Ecclesia,
688 1309 738 1336 nisi
751 1308 775 1334 ei
800 1307 843 1342 qui
870 1306 948 1332 fuerit

118 1398 121 1399 ν
157 1368 255 1395 bonus.
269 1365 358 1392 Nostis
369 1370 430 1397 ergo
441 1361 500 1395 quia
514 1359 587 1386 mixti
600 1362 661 1385 sunt
673 1378 679 1389 ,
698 1361 723 1383 et
734 1363 840 1388 semper
852 1358 877 1379 ιιι
890 1352 948 1379 ubi-

159 1419 210 1448 q‘uc
222 1412 285 1438 dicit
296 1410 429 1443 Scriptura
443 1407 502 1442 quin
513 1414 563 1432 non
576 1402 778 1438 separabantur,
789 1400 837 1427 nisi
849 1400 873 1426 in
887 1399 947 1425 ﬁne.

160 1460 222 1491 Sic,
239 1457 372 1493 quomodo
394 1455 468 1482 mixti
484 1458 558 1485 sunt,
575 1453 653 1485 longe
680 1455 740 1477 stmt
754 1457 767 1475 ιι
784 1456 822 1475 se.
838 1447 877 1473 Ne
891 1446 950 1480 quis

160 1515 225 1543 ergo
237 1514 268 1533 ex
291 1513 323 1532 eo
338 1502 409 1538 quod
426 1502 499 1529 mixti
514 1504 575 1527 sunt
590 1498 649 1525 mali
665 1498 734 1524 inter
757 1496 859 1523 bonos.
875 1499 952 1527 puta-

161 1558 204 1582 ret
216 1552 383 1587 iniquitatem
400 1556 458 1576 esse
472 1547 547 1582 juxta
560 1545 702 1579 justitiam,
722 1542 779 1568 Non
797 1543 930 1575 potucrtmt
942 1559 949 1570 ,

162 1600 266 1634 inquit,
289 1597 373 1628 mihi;
388 1595 413 1622 id
429 1599 470 1621 est
482 1615 488 1626 ,
516 1593 658 1623 dixerunt,
674 1595 701 1616 et
725 1588 794 1614 male
810 1588 951 1617 dixerunt,

163 1644 347 1673 Manducemus
368 1647 391 1668 ct
413 1641 547 1669 bibamus;
565 1646 620 1664 cras
646 1636 712 1662 enim
737 1634 880 1660 moriemur.
895 1631 951 1657 Non

163 1694 340 1725 corruperunt
355 1694 492 1715 sermones
504 1685 565 1712 mali
582 1691 669 1710 mores
684 1682 784 1708 bonos:
799 1680 824 1705 in
840 1686 872 1705 eo
884 1676 954 1712 quod

164 1736 251 1765 audivi
269 1744 283 1763 a
298 1736 364 1766 Deo,
382 1742 436 1761 non
447 1732 514 1760 cessi
530 1729 697 1758 sermonibus
713 1727 859 1754 hominum.
875 1724 957 1751 Fece-

164 1787 229 1812 runt
243 1781 307 1808 mihi
321 1785 476 1816 peccatores
489 1777 559 1812 quod
575 1781 708 1811 portarent
721 1794 728 1801 .
745 1780 797 1799 non
814 1771 855 1798 cui
879 1777 954 1797 com-

165 1830 295 1857 miscerer
307 1849 314 1861 ,
330 1833 356 1855 et
382 1827 449 1854 facta
464 1830 506 1853 est
520 1824 644 1859 iniquitas
665 1829 756 1848 eorum
773 1820 850 1853 longe
872 1825 885 1843 a
903 1824 955 1843 me.

166 1875 236 1910 Quid
250 1875 320 1901 enim
335 1878 388 1900 tam
400 1880 493 1907 prope.
510 1878 588 1905 quam
604 1870 656 1895 duo
671 1868 792 1893 homines
806 1865 830 1891 in
844 1871 893 1890 una
908 1863 958 1889 Ec-

166 1921 270 1950 clesia?
296 1919 359 1955 quid
388 1924 441 1945 tam
454 1919 542 1951 longe,
558 1923 636 1950 quam
661 1914 785 1947 iniquitas
800 1920 814 1937 a
835 1909 959 1944 justitia?

169 1967 220 1996 Ubi
236 1967 307 1994 enim
322 1964 478 1994 consensio,
497 1963 530 1989 ibi
546 1960 740 1996 propinquitas.
755 1959 881 1991 Ligantur
896 1956 958 1987 duo,

173 2017 201 2040 et
215 2009 519 2043 ntittnnturadiudicem
530 2016 537 2040 ;
547 2008 625 2039 latro,
639 2005 829 2038 eteolligatus:
843 2003 888 2029 ille
900 2009 959 2028 scc-

171 2059 285 2088 leratus,
302 2057 346 2083 ille
359 2056 485 2082 innocens
498 2074 506 2086 ,
528 2060 580 2080 una
602 2056 695 2079 catena
706 2051 830 2084 ligantur,
845 2052 872 2074 et
884 2048 961 2081 longe

170 2110 235 2132 sunt
248 2112 263 2130 a
276 2111 315 2130 se.
330 2102 464 2134 Quantum
479 2100 557 2134 longe
571 2103 631 2125 sunt
646 2105 660 2124 a
676 2104 704 2123 se
715 2097 726 2123 ?
738 2096 869 2129 Quantum
886 2094 962 2125 lonie

171 2157 214 2180 est
227 2151 315 2178 scelus
328 2149 361 2176 ab
375 2147 537 2176 innocentia.
559 2146 627 2172 Ecce
642 2144 684 2171 isti
698 2143 777 2177 longe
800 2145 862 2168 sunt
876 2140 909 2166 ab
924 2139 963 2165 in-

172 2198 272 2225 vicem.
288 2196 363 2223 Alius
385 2196 453 2222 latro
475 2194 501 2221 in
518 2192 643 2225 llispauia
660 2190 721 2217 facit
735 2189 848 2220 scelera,
876 2186 964 2221 proxi-

175 2252 236 2273 mus
248 2244 272 2271 ei
286 2247 326 2271 est
339 2243 383 2278 qui
409 2241 471 2268 facit
484 2241 509 2268 in
530 2239 629 2266 Africa.
653 2237 785 2270 Quantum
810 2232 965 2269 proximus?

174 2292 310 2326 Quantum
326 2289 375 2317 sibi
397 2289 544 2323 junguntur
557 2285 644 2313 scelus
660 2287 686 2310 et
710 2283 796 2309 scelus
809 2302 815 2312 ,
838 2285 967 2314 quantum

175 2338 226 2365 sibi
238 2337 385 2372 junguntur
397 2334 564 2362 latrocinium
580 2336 606 2359 et
621 2330 799 2357 latrocintum.
816 2327 900 2354 Nemo
923 2333 966 2352 er-

176 2391 211 2419 go
223 2383 316 2409 timeat
330 2382 427 2408 mixtos
448 2380 498 2406 sibi
521 2385 633 2412 corpore
654 2376 748 2403 malos.
766 2374 855 2407 Longe
869 2372 902 2398 ab
916 2371 968 2397 illis

175 2418 213 2456 sit
227 2428 308 2456 corde
319 2449 325 2460 ,
340 2432 367 2456 et
384 2434 492 2455 securus
507 2429 594 2460 portat
604 2422 676 2458 quod
699 2429 751 2448 non
771 2421 847 2447 timet.
863 2428 869 2446 ε
883 2418 970 2453 Longe

177 2477 289 2512 fecerunt
302 2475 453 2510 injustitiam
467 2480 548 2499 suam.

213 2521 240 2549 9.
253 2519 327 2557 [υεη.
342 2519 381 2555 4.]
390 2519 457 2553 Quid
468 2516 616 2545 occurrit‘?
628 2515 732 2541 Florent
749 2512 785 2539 illi
802 2511 845 2546 qui
860 2514 973 2544 regnant

177 2567 287 2602 inique;
299 2570 361 2593 etut
372 2571 525 2593 sermonem
537 2564 676 2597 loquamur
687 2559 767 2593 vulgi,
777 2562 867 2584 tonant
879 2555 971 2591 iniqui,

179 2612 342 2641 extolluntur
355 2612 381 2638 in
395 2610 500 2646 typhos,
517 2610 543 2636 in
558 2607 713 2635 calumnias.
725 2604 793 2637 Quid
806 2602 887 2637 ergo?
901 2609 973 2629 sem-

179 2667 230 2695 per
244 2658 314 2685 hoc?
329 2658 397 2684 Non.
423 2657 489 2683 Audi
511 2655 580 2690 quod
599 2654 734 2688 sequitur:
752 2650 875 2676 Dominus
888 2649 974 2682 justus

181 2706 297 2734 concidet
310 2704 417 2731 cervices
431 2707 598 2738 peccatorum.
612 2698 733 2726 lutcndat
744 2696 864 2724 Charitas
876 2699 974 2721 vestra.

181 2751 309 2780 Dominus
321 2771 328 2785 ,
345 2749 445 2784 inquit,
458 2748 541 2783 justus
562 2745 674 2773 concidet
687 2743 791 2770 cervices
806 2745 974 2776 peccatorum.

182 2799 249 2833 Quis
275 2805 330 2825 non
350 2794 558 2824 contremiscat?
579 2793 643 2825 Quis
667 2791 738 2817 enim
760 2796 812 2816 non
839 2785 977 2822 peccavit?

218 2866 227 2882 ¹
242 2868 309 2890 Lov.:
321 2862 383 2894 οωά
395 2862 439 2888 hoc
527 2858 612 2894 melius
629 2862 685 2892 ΜΠ.-
693 2859 719 2881 et
728 2859 775 2894 ιζις.Ῐ
781 2853 899 2894 ligurrit,
909 2854 979 2888 juxta

190 2884 496 2929 “mammarum
505 2884 566 2917 infra
576 2889 639 2920 ιοοο,
651 2888 740 2920 utique.
750 2886 850 2916 habent,

678 136 877 168 ENARRATIO
896 134 930 164 IN
948 133 1108 164 PSALMUM
1125 132 1265 163 CXXVIII.

1710 127 1783 159 ιθιιι

993 192 1116 219 Dominus
1125 193 1211 228 justus
1224 189 1337 218 concidet
1350 187 1457 216 cervices
1469 189 1639 223 peccatorum.
1653 184 1782 215 Omnibus

991 239 1037 274 qui
1057 239 1185 271 audiunt,
1208 238 1288 265 intrat
1302 241 1402 263 tremor
1416 235 1443 262 in
1457 242 1522 268 cor,
1540 233 1569 261 si.
1581 232 1693 260 caedunt
1704 232 1780 260 Scri-

990 290 1075 321 ptura:
1087 286 1143 313 Dei.
1161 285 1191 313 Si
1206 285 1278 312 enim
1291 283 1342 312 sibi
1356 283 1416 310 sine
1427 289 1508 309 causa
1530 280 1645 308 tundunt
1662 280 1783 308 homines

990 336 1119 368 pectora,
1136 331 1300 359 mentiuntur
1323 330 1385 364 quia
1410 327 1525 356 tundunt
1548 330 1673 362 pectora,
1688 325 1783 360 sijusti

991 384 1052 406 sunt
1060 387 1068 411 ;
1077 383 1104 406 et
1116 378 1143 405 in
1157 385 1190 405 eo
1202 376 1271 413 quod
1286 375 1509 403 mentiuntuer
1520 394 1527 406 ,
1538 373 1606 400 fiunt
1618 378 1783 408 peceatores.

991 424 1019 452 Si
1030 432 1093 458 ergo
1101 424 1230 451 veraciter
1237 422 1286 450 sibi
1296 422 1409 450 tundunt
1419 424 1536 455 pectora,
1546 425 1700 454 peccatores
1709 424 1782 447 sunt.

991 469 1028 497 Et.
1038 470 1098 504 quis
1112 473 1230 495 nostrum
1252 475 1305 494 non
1326 467 1376 494 sibi
1393 465 1480 493 tundit
1494 465 1605 500 pectus?
1624 465 1722 499 etquis
1735 471 1785 491 no-

992 519 1075 543 strum
1089 522 1140 542 non
1153 514 1230 541 elidit
1238 514 1331 541 oculos
1345 513 1383 540 ad.
1394 517 1502 545 terram,
1517 512 1591 539 sicut:
1599 511 1644 538 ille
1660 510 1785 538 Publicu-

993 568 1066 593 Inus,
1081 565 1108 588 et
1122 560 1187 587 dicit
1198 580 1204 591 .
1219 560 1328 587 Domine
1339 580 1346 593 ,
1369 559 1494 595 propitius
1514 563 1568 586 esto
1585 558 1647 585 mild
1661 557 1785 593 poccatori

995 608 1071 643 (Luc.
1084 615 1161 639 xvm.
1179 606 1242 642 t5)?
1264 606 1291 634 Si
1305 613 1368 641 ergo
1381 613 1474 633 omnes
1485 609 1651 640 peccatores,
1667 608 1696 632 et
1707 611 1786 631 nemo

993 654 1125 682 invenitur
1143 654 1200 681 sine
1215 657 1343 687 peccato;
1358 650 1620 680 omnibustimendus
1632 655 1677 678 est.
1684 649 1787 685 gladius

994 702 1023 731 in
1032 701 1163 733 cervices,
1175 700 1236 735 quia
1251 699 1371 726 Dominus
1382 700 1467 734 justus
1477 698 1591 725 concidet
1603 698 1710 725 ceruices
1730 704 1788 732 peo-

994 753 1116 775 catorum.
1140 746 1198 774 Non
1214 751 1294 781 puto,
1310 745 1406 772 fratres
1424 745 1477 772 mei
1490 765 1497 777 ,
1512 744 1573 779 quia
1595 743 1713 771 omnium
1726 749 1788 777 pec-

994 800 1113 823 catorum
1127 802 1134 826 ;
1151 793 1198 820 scd
1216 793 1246 819 in
1256 791 1377 819 membro
1390 790 1461 825 quod
1475 790 1605 824 percutit,
1617 788 1652 816 ibi
1666 788 1788 823 designat

995 849 1062 877 quos
1080 845 1236 877 peccalores
1251 839 1390 874 percutiat.
1403 837 1461 864 Non
1475 837 1546 864 enim
1561 836 1646 868 dixit,
1661 836 1789 863 Dominus

993 887 1080 923 justus
1090 886 1211 914 concidet
1225 892 1319 912 manus
1332 888 1517 919 peccatorum;
1534 886 1580 909 aut
1589 902 1596 913 ,
1608 880 1738 909 Dominus
1744 880 1789 915 jn-

996 938 1053 961 stus
1066 932 1190 961 concidet
1200 932 1283 967 pedes
1294 935 1461 966 peccatorum
1470 950 1478 963 ,
1498 926 1552 956 non
1566 928 1650 955 dixit:
1667 927 1714 955 sed
1729 927 1789 962 quia

997 984 1150 1015 peccatores
1162 977 1293 1012 superbos
1307 977 1413 1003 volebat
1432 974 1561 1009 intelligi,
1578 973 1688 1008 superbi
1701 976 1790 999 autem

997 1033 1094 1053 omnes
1105 1025 1229 1052 cervicati
1245 1028 1323 1055 sunt,
1340 1023 1384 1057 qui
1407 1029 1460 1049 non
1484 1021 1572 1049 solum
1594 1019 1695 1047 faciunt
1710 1018 1790 1052 mala,

998 1071 1046 1099 sed
1072 1078 1121 1098 nec
1141 1077 1286 1105 agnoscere
1306 1069 1416 1100 volunt,
1433 1071 1461 1094 et
1474 1066 1581 1102 quando
1601 1062 1789 1100 objurgantur,

995 1117 1143 1152 justiticaut
1155 1123 1186 1143 se
1199 1115 1279 1151 (Ecce
1293 1114 1377 1142 fecisti
1390 1122 1396 1146 ;
1411 1114 1504 1141 saltem
1520 1118 1635 1147 agnosce
1648 1110 1711 1145 quid
1726 1109 1792 1136 fece-

998 1163 1052 1192 ris:
1069 1162 1125 1189 odit
1142 1162 1214 1189 Deus
1226 1165 1393 1196 precatorem
1405 1180 1412 1192 ,
1425 1159 1515 1186 oderis
1530 1162 1615 1190 et-tu;
1631 1156 1792 1191 conjungere

999 1209 1065 1241 Deo,
1082 1209 1160 1236 simul
1173 1207 1360 1243 persequimini
1372 1210 1509 1241 peccatum
1520 1204 1681 1237 tuum.Non,
1697 1202 1792 1237 inquit:

999 1262 1050 1289 ego
1062 1255 1129 1282 bene
1150 1254 1215 1287 feci,
1235 1253 1305 1280 Deus
1324 1252 1392 1279 male
1410 1252 1481 1279 fecit.
1503 1250 1571 1284 Quid
1593 1250 1644 1276 hoc
1664 1248 1724 1276 est?
1737 1248 1794 1283 Ego

999 1301 1066 1329 nihil
1081 1301 1144 1328 mali
1159 1299 1221 1332 feci,
1237 1299 1321 1334 inquit
1332 1307 1338 1325 :
1349 1298 1409 1333 quia
1422 1298 1553 1326 Saturnus
1569 1296 1639 1328 fecit,
1653 1296 1713 1330 quia
1725 1294 1795 1321 Mars

1001 1347 1073 1379 fecit,
1088 1347 1148 1381 quia
1158 1346 1248 1373 Venus
1255 1345 1335 1377 fecit;
1351 1351 1401 1378 ego
1413 1342 1554 1374 niltil‘feci,
1568 1341 1652 1369 stella:
1665 1341 1794 1369 fecerunt.

1000 1393 1134 1421 Justiiicas
1146 1398 1180 1422 te.
1192 1398 1302 1419 accusas
1312 1390 1396 1417 Deum
1411 1389 1454 1424 qui
1469 1389 1531 1418 fecit
1543 1388 1642 1421 stellas,
1656 1387 1698 1422 qui
1715 1393 1796 1413 orna-

1002 1437 1213 1473 vit‘emlum):
1239 1437 1328 1471 itaque
1355 1436 1479 1470 quoniam
1506 1431 1635 1469 justilicas
1660 1436 1798 1467 peccatum

1003 1489 1088 1518 tuum,
1104 1489 1131 1512 et
1144 1483 1268 1518 superbis
1282 1482 1410 1509 adversus
1426 1481 1521 1512 Deum,
1534 1480 1596 1515 quia
1611 1483 1637 1506 te
1649 1478 1715 1505 facis
1724 1481 1799 1505 extra

1003 1531 1119 1567 culpant,
1131 1535 1159 1558 et
1169 1531 1251 1556 Deum
1262 1529 1290 1556 in
1301 1528 1387 1563 culpa,
1399 1531 1426 1554 et
1436 1531 1537 1554 tantum
1548 1525 1657 1554 erexisti
1669 1524 1800 1552 cervicem

1005 1582 1077 1605 tuam
1090 1597 1096 1608 ,
1117 1580 1145 1603 et
1156 1575 1296 1603 cucurristi
1311 1578 1403 1601 contra
1419 1574 1501 1600 Deum
1512 1594 1519 1606 ,
1538 1573 1607 1599 sicut
1620 1571 1748 1606 scriptum
1761 1573 1802 1597 est

1005 1623 1032 1651 iu
1043 1623 1094 1650 Job
1107 1622 1221 1657 (dicebat
1234 1621 1270 1648 de
1281 1621 1365 1655 impio
1379 1620 1546 1655 peccatore),
1560 1618 1669 1646 Currens
1680 1617 1802 1643 adversus

1006 1668 1090 1695 Deum
1099 1668 1125 1694 in
1135 1675 1221 1694 crassa
1233 1666 1327 1693 cervice
1340 1666 1404 1693 scuti
1418 1665 1459 1692 sui
1473 1665 1483 1700 (
1496 1664 1547 1691 Job
1558 1672 1596 1691 xv
1605 1684 1613 1697 ,
1627 1663 1663 1690 26
1678 1663 1701 1698 );
1726 1666 1753 1689 et
1767 1661 1802 1688 ibi

1007 1715 1138 1743 cervicem
1160 1713 1307 1740 nominavit
1320 1720 1327 1745 ;
1342 1712 1402 1746 quia
1417 1711 1457 1739 sic
1470 1715 1495 1738 te
1507 1710 1587 1745 erigis
1599 1730 1605 1741 ,
1622 1713 1650 1736 et
1663 1715 1714 1735 non
1726 1706 1804 1734 elidis

1007 1760 1101 1788 oculos
1115 1759 1147 1786 ad
1159 1763 1268 1791 terram,
1279 1763 1307 1785 et.
1321 1757 1409 1784 tundis
1424 1761 1516 1792 pectus
1528 1776 1536 1789 ,
1549 1760 1576 1782 et
1585 1754 1670 1786 dicis,
1685 1753 1803 1785 Domine,

1009 1807 1133 1844 propitius
1151 1810 1203 1833 esto
1222 1805 1284 1832 mihi
1303 1804 1443 1840 peccaturi;
1461 1802 1508 1830 sed
1522 1800 1689 1837 jactastede
1703 1798 1806 1828 meritis

1010 1854 1063 1880 tuis
1073 1872 1080 1886 ,
1091 1856 1118 1880 et
1132 1853 1173 1879 vis
1188 1858 1292 1879 mecum
1303 1871 1310 1882 ,
1327 1850 1412 1884 inquit
1423 1849 1494 1876 Deus
1504 1869 1511 1881 ,
1533 1847 1633 1882 judicio
1645 1843 1807 1873 contendere

1012 1900 1021 1935 (
1034 1898 1128 1926 larem.
1143 1906 1179 1931 ιι,
1193 1897 1250 1932 29)
1261 1918 1267 1930 ,
1284 1897 1384 1923 intrare
1397 1902 1512 1922 mccum'
1525 1894 1560 1921 ad
1576 1893 1720 1928 judicium;
1745 1898 1807 1918 cum

1011 1946 1110 1973 debeas
1118 1945 1144 1971 in
1153 1948 1227 1971 reatu
1237 1948 1282 1970 tuo
1289 1942 1443 1970 satisfacere
1452 1940 1516 1972 Deo,
1526 1937 1675 1967 etclamare
1682 1938 1807 1971 adillum,

1013 1991 1083 2027 quod
1101 1989 1266 2017 clamaturin
1276 1989 1328 2015 alio
1341 1987 1443 2023 psalmo
1455 2007 1462 2019 ,
1479 1986 1509 2013 Si
1522 1986 1666 2021 iniquitates
1685 1984 1805 2011 obseram

1013 2037 1087 2068 ueris,
1100 2036 1218 2068 Domine;
1229 2034 1347 2066 Domine,
1356 2033 1412 2069 quis
1420 2031 1549 2060 sustinebit
1557 2030 1641 2066 (Psaf.
1651 2037 1741 2062 cxxtx,
1759 2028 1810 2064 δη

1014 2085 1132 2111 clamare
1145 2082 1177 2109 ad
1191 2082 1265 2108 illum
1276 2102 1282 2114 ,
1292 2080 1362 2115 quod
1372 2080 1504 2106 clamatur
1514 2078 1540 2104 in
1553 2076 1607 2105 alio
1618 2076 1722 2111 psalmo
1731 2095 1739 2108 ,
1754 2074 1811 2111 Ego

1016 2130 1088 2157 dixi:
1102 2128 1218 2159 Domine,
1234 2128 1353 2154 miserere
1367 2125 1426 2158 mei,
1440 2133 1504 2152 sano
1517 2124 1629 2150 animum
1642 2128 1735 2153 unum,
1750 2120 1812 2155 quin

1019 2176 1119 2213 peccavi
1132 2176 1176 2202 tibi
1187 2173 1273 2211 (Paul.
1290 2181 1333 2205 XL,
1347 2172 1391 2205 5):
1405 2171 1531 2207 quoniam
1546 2170 1603 2197 haec
1619 2176 1672 2196 non
1684 2167 1724 2195 vis
1733 2167 1810 2194 dicet-

1018 2212 1065 2257 re,
1089 2223 1135 2250 sed
1149 2221 1279 2257 justificas
1295 2219 1363 2247 facta
1382 2222 1427 2246 tua
1439 2218 1568 2245 adversus
1581 2221 1733 2243 sermonem
1746 2212 1813 2246 Dei;

1018 2270 1093 2298 venit
1107 2270 1133 2296 in
1147 2273 1172 2296 te
1185 2267 1257 2304 quod
1267 2267 1389 2301 sequitur
1401 2260 1547 2299 Scriptura,
1564 2267 1591 2290 et
1600 2262 1675 2296 dicit,
1691 2260 1815 2288 Dominus

1017 2318 1102 2353 justus
1114 2315 1227 2342 concidet
1242 2313 1347 2340 reuoces
1361 2314 1531 2347 peccatorum.

1057 2362 1101 2389 10.
1123 2361 1197 2397 [vom
1209 2357 1248 2395 5.]
1263 2357 1467 2394 Confunduumr,
1481 2359 1504 2383 et
1514 2357 1815 2385 avertunturrotrorsum,

1023 2417 1108 2437 omnes
1117 2408 1159 2443 qui
1173 2407 1279 2434 oderunt
1290 2405 1364 2432 Sion.
1373 2404 1422 2438 Qui
1435 2403 1549 2430 oderunt
1556 2402 1631 2434 Sion,
1642 2400 1757 2428 oderunt
1764 2398 1816 2425 Ec-

1023 2454 1131 2483 clesiam
1140 2461 1147 2480 :
1156 2452 1219 2480 Sion
1228 2450 1347 2478 Ecclesia
1354 2455 1404 2477 est.
1413 2449 1448 2476 Et
1455 2449 1500 2484 qui
1515 2449 1616 2475 intrant
1628 2446 1655 2473 in
1666 2444 1816 2472 Ecclesiam

1024 2501 1094 2532 ﬂctc,
1105 2499 1217 2526 oderunt
1229 2497 1384 2524 Ecelesiam.
1395 2495 1445 2528 Qui
1454 2494 1547 2521 nolunt
1556 2490 1818 2520 observareverbum

1024 2546 1082 2580 Dei,
1094 2546 1208 2573 oderunt
1218 2543 1366 2571 Ecclesiam
1379 2551 1385 2569 :
1397 2542 1482 2575 Super
1489 2540 1593 2566 dorsum
1599 2545 1680 2565 meum
1688 2536 1819 2571 fabricatio

1024 2599 1093 2622 runt.
1116 2592 1184 2627 Quid
1198 2591 1297 2618 factura
1312 2594 1352 2617 est
1365 2587 1484 2616 Ecclesia
1494 2606 1502 2620 ,
1514 2585 1566 2613 nisi
1580 2587 1715 2620 portatura
1737 2588 1821 2617 usquo

1027 2641 1053 2669 in
1067 2641 1147 2668 tinent
1159 2639 1171 2666 ?
1749 2630 1751 2632 ’

1065 2687 1108 2713 Η.
1129 2684 1204 2721 [σει-ε.
1216 2683 1243 2716 6,
1261 2681 1300 2719 7.]
1314 2679 1366 2707 Sed
1379 2678 1442 2715 quid
1458 2678 1492 2706 de
1507 2677 1559 2704 illis
1580 2675 1665 2704 dicit?
1684 2673 1821 2709 Sequitur,

1029 2733 1055 2761 Γ
1055 2734 1108 2760 iant
1127 2719 1191 2759 sicut
1204 2732 1289 2766 fenum
1300 2731 1421 2754 tectorum
1433 2746 1440 2756 ,
1456 2723 1527 2759 quod'
1534 2723 1604 2759 prius
1614 2729 1690 2757 quam
1701 2719 1823 2747 multum

1030 2780 1106 2808 aruit.
1130 2778 1231 2806 Fenttm
1255 2779 1383 2803 tectorum
1409 2772 1492 2799 herba
1514 2775 1556 2798 est
1580 2777 1640 2806 quae
1662 2767 1781 2796 nascitur
1795 2765 1824 2796 iu

1032 2826 1118 2857 lectis.
1132 2825 1160 2852 in
1174 2820 1438 2855 Solariointegulato.
1455 2818 1483 2845 In
1497 2819 1551 2845 alto
1571 2817 1688 2851 videtur,
1706 2818 1733 2844 et
1745 2812 1820 2843 radi-

1067 2883 1076 2899 ί
1089 2885 1140 2913 Λαι-
1152 2883 1179 2906 et
1189 2879 1302 2911 plerique
1313 2879 1378 2909 Mss,
1390 2874 1518 2902 wdinavit.
