4074 6478
574 344 715 405 1698

570 480 687 522 cem
735 481 841 524 non
868 466 1046 525 habet.
1078 468 1287 536 Quanto
1316 472 1503 527 melius
1533 472 1786 532 humilius
1811 490 2139 548 nasceretur,

538 598 541 599 ν
573 568 629 615 et
656 561 827 617 lanius
852 562 1179 617 viresceret?
1204 562 1359 622 Modo
1386 567 1618 623 nascitur
1642 568 1798 625 altius
1827 572 1891 625 ad
1920 573 2146 630 celerio-

567 669 680 709 rem
701 654 1017 710 ariditatem,
1049 654 1291 711 Nondum
1317 659 1556 715 evulsum
1581 670 1697 728 est,
1729 672 1783 718 et
1808 664 1977 719 aruit:
2010 680 2145 721 non-

564 744 690 799 dum
722 742 853 797 ﬁniti
878 745 896 776 ⁸
924 755 1049 800 sunt
1075 744 1127 801 in
1162 747 1362 816 judicio
1401 750 1493 806 Dei
1517 792 1530 812 .
1572 760 1625 807 et
1661 751 1771 822 jam
1811 769 1916 809 non
1948 755 2144 814 habent

563 849 778 889 succum
798 835 1098 891 viriditatis.
1123 839 1391 897 Attendite
1418 858 1579 913 Opera
1606 844 1862 915 ipsorum,
1889 858 1943 904 et
1966 849 2145 912 videte

559 926 681 996 quia
705 928 1096 985 aruerunt.Sed
1120 931 1376 999 vivunt,et
1396 933 1481 989 hic
1502 948 1657 991 sunt:
1688 938 1921 994 nondum
1942 956 2069 1012 ergo
2083 958 2141 997 a-

562 1019 1146 1091 vulsisunt:Aruerunt,
1163 1026 1255 1081 sed
1272 1027 1503 1083 nondum
1526 1031 1691 1087 avulsi
1708 1042 1857 1087 sunt:
1875 1033 1993 1091 l‘acti
2014 1046 2140 1093 sunt

555 1111 682 1165 sicut
708 1113 882 1180 fenum
910 1124 1171 1179 tectorum,
1202 1120 1338 1187 quod
1364 1122 1504 1190 prius
1528 1139 1678 1192 quam
1702 1126 1943 1180 evellatur
1964 1130 2119 1186 aruit.

626 1203 714 1258 12.
747 1204 814 1260 Et
842 1208 1058 1263 venient
1085 1224 1386 1279 messores,
1415 1212 1509 1269 sed
1552 1230 1658 1269 non
1685 1216 1751 1271 de
1778 1217 1885 1273 illis
1915 1220 2135 1290 implent

554 1297 872 1366 manipulos.
907 1299 1123 1356 Venturi
1164 1312 1289 1359 sunt
1337 1308 1478 1361 enim
1535 1324 1799 1365 messores
1822 1353 1835 1376 ,
1869 1320 1922 1367 et
1961 1315 2130 1370 colle—

549 1388 684 1442 cturi
710 1399 832 1443 sunt
850 1392 1079 1447 triticum
1098 1394 1149 1448 in
1174 1394 1444 1464 horreum,
1459 1409 1509 1453 et
1532 1400 1729 1454 zizania
1751 1402 2060 1473 alligabunt,
2077 1416 2131 1462 et

548 1482 757 1537 mittent
782 1484 835 1538 in
867 1485 1061 1555 ignem.
1094 1487 1182 1544 Sic
1205 1497 1257 1543 et
1283 1489 1458 1545 fenum
1488 1502 1747 1549 tectorum
1778 1509 2124 1569 expurgatur,

547 1582 601 1627 et
628 1575 877 1645 quidquid
905 1577 1026 1631 inde
1054 1580 1327 1645 evellitur,
1360 1583 1411 1637 in
1441 1584 1611 1653 ignem
1638 1588 1895 1653 mittitur;
1928 1591 2049 1661 quia
2070 1602 2125 1649 et

545 1666 849 1735 priusquam
887 1669 1205 1726 evelleretur
1236 1673 1389 1727 aruit.
1420 1674 1531 1729 Non
1561 1676 1683 1733 inde
1712 1679 1894 1750 implet
1922 1698 2128 1738 messor

542 1770 753 1811 manus.
792 1758 1041 1829 Sequitur
1069 1762 1208 1817 enim
1249 1774 1303 1820 et
1331 1766 1493 1821 dicit:
1528 1768 1648 1824 Non
1684 1772 1891 1841 repleuit
1918 1793 2125 1831 manum

541 1864 687 1901 suam
707 1866 914 1916 messor,
935 1862 981 1905 et
992 1853 1155 1908 sinum
1174 1872 1321 1910 suum
1336 1858 1422 1927 qui
1438 1861 1724 1930 manipulos
1744 1864 1953 1936 colligit.
1980 1867 2120 1924 Mes-

538 1951 849 1994 soresautem
868 1942 1046 2013 Angeli
1064 1956 1178 2000 sunt
1196 1946 1406 2018 (Matth.
1421 1952 1679 2022 xm,59.),
1703 1955 1955 2012 Dominus
1971 1960 2118 2017 dicit.

610 2031 694 2084 15.
730 2029 875 2103 [uers.
917 2033 995 2106 8.]
1048 2035 1113 2089 Et
1165 2055 1266 2093 non
1318 2040 1555 2097 dixerunt
1597 2054 1905 2102 transeuntes
1943 2051 2114 2119 viam,

534 2119 824 2177 Benedictio
838 2123 1046 2180 Domini
1069 2145 1221 2198 super
1239 2145 1325 2184 vos
1346 2146 1367 2195 ;
1396 2133 1737 2191 benediximus
1759 2152 1845 2193 vos
1870 2140 1921 2193 in
1950 2144 2116 2196 nomi-

534 2230 596 2267 ne
639 2214 861 2269 Domini.
891 2216 1069 2273 Nostis
1099 2221 1262 2287 enim,
1292 2221 1496 2287 fratres,
1522 2226 1736 2294 quando
1758 2231 2010 2285 transitur
2024 2249 2116 2301 per

531 2315 832 2373 operantes,
868 2318 951 2363 est
973 2313 1300 2368 consuetudo
1330 2324 1386 2369 ut
1412 2316 1618 2373 dicatur
1648 2320 1787 2388 illis,
1826 2322 2114 2381 Benedictio

528 2395 739 2452 Domini
765 2416 916 2470 super
940 2419 1045 2458 vos.
1087 2404 1154 2458 Et
1193 2407 1359 2477 magis
1400 2408 1496 2463 ista
1534 2415 1864 2470 consuetudo
1905 2428 2017 2472 erat
2057 2419 2110 2474 in

528 2497 685 2557 gente
723 2489 1050 2548 Judseorum.
1096 2496 1264 2551 Nemo
1295 2502 1554 2555 transibat
1589 2513 1641 2558 et
1670 2504 1881 2561 videbat
1902 2510 2109 2579 aliquos

526 2580 703 2637 facere
728 2584 940 2654 aliquod
962 2602 1095 2658 opus
1118 2589 1169 2643 in
1185 2605 1333 2660 agro,
1352 2593 1435 2647 vel
1460 2594 1514 2648 in
1536 2595 1709 2662 vinea,
1729 2599 1811 2653 vel
1829 2599 1882 2653 in
1910 2616 2104 2672 messe,

524 2672 607 2727 vel
637 2674 832 2745 aliquid
857 2676 1189 2747 huiusmodi;
1214 2698 1317 2737 non
1342 2684 1534 2741 licebat
1560 2689 1786 2745 transire
1809 2692 1925 2747 sine
1947 2694 2105 2751 bene-

522 2761 778 2821 dictione.
810 2768 912 2823 Alii
960 2780 1083 2824 snnt
1111 2774 1199 2841 qui
1222 2775 1518 2844 manipulos
1543 2779 1829 2850 colligunt,
1863 2785 1952 2839 alii
1983 2797 2106 2844 sunt

524 2864 859 2915 transeuntes
887 2862 1046 2918 viam.
1092 2863 1190 2932 Qui
1232 2869 1528 2938 manipulos
1561 2873 1860 2946 colligunt,
1907 2895 2010 2935 non
2036 2882 2104 2938 de

521 2947 624 3003 illis
653 2952 861 3020 replent
887 2969 1076 3010 manus
1106 2972 1120 3021 ;
1162 2959 1286 3027 quia
1320 2975 1424 3015 non
1461 2962 1727 3035 colligitur
1755 2968 1820 3023 ad
1848 2968 2100 3028 horreum

519 3039 697 3097 fenum
731 3054 1007 3102 tectorum.
1051 3049 1149 3118 Qui
1189 3061 1312 3107 sunt
1349 3055 1437 3123 qui
1477 3058 1776 3129 manipulos
1802 3064 2101 3136 colligunt?

517 3130 801 3192 Messores.
843 3139 943 3205 Qui
981 3149 1104 3195 sunt
1128 3145 1441 3201 messores?
1488 3147 1743 3205 Dominus
1767 3130 2101 3213 dixitJMes-

514 3239 655 3279 sares
679 3237 843 3281 autem
871 3229 1052 3301 Angeli
1076 3242 1210 3287 sunt.
1228 3235 1328 3301 Qui
1355 3246 1479 3292 sunt
1506 3246 1877 3299 transeuntes?
1899 3246 1975 3302 Illi
2005 3249 2096 3318 qui

513 3314 619 3385 iam
651 3332 748 3386 per
772 3319 910 3373 viam
939 3319 1116 3390 istam,
1151 3324 1204 3378 id
1234 3334 1351 3392 est,
1382 3342 1477 3397 per
1498 3330 1660 3386 vitam
1683 3332 1837 3389 istam
1866 3314 2096 3394 transie-

514 3416 642 3462 runt
669 3408 792 3465 hinc
830 3411 895 3465 ad
933 3414 1191 3481 patriam:
1220 3418 1460 3486 Apostoli
1492 3430 1827 3480 transeuntes
1857 3441 2009 3484 erant
2038 3430 2092 3486 in

513 3500 615 3555 ista
650 3502 758 3557 vita
787 3544 803 3569 ,
829 3504 1109 3575 Propheta:
1162 3519 1494 3569 transeuntes
1541 3525 1713 3570 erant.
1743 3518 1886 3584 Quos
1934 3520 2096 3577 bene-

511 3588 759 3646 dixerunt
775 3593 1051 3665 Propheta:
1067 3600 1405 3668 etApostoli?
1422 3603 1541 3660 Illos
1568 3606 1620 3659 in
1646 3607 1837 3676 quibus
1860 3610 2093 3669 radicem

511 3681 787 3741 charitatis
830 3686 1093 3745 viderunt.
1140 3690 1285 3757 Quos
1310 3703 1486 3750 autem
1518 3697 1833 3755 invenerunt
1859 3703 1911 3757 in
1941 3706 2091 3761 tectis

511 3776 748 3833 eminere
786 3788 841 3834 et
876 3783 1152 3851 superbire
1195 3785 1249 3839 in
1297 3787 1484 3841 cervice
1520 3792 1649 3844 scuti
1695 3794 1773 3846 sui
1799 3833 1814 3859 ,
1844 3794 2091 3854 dixerunt

498 3876 698 3927 contra
728 3868 848 3924 illos
867 3873 1008 3940 quod
1040 3872 1198 3927 futuri
1220 3883 1372 3931 erant
1392 3917 1408 3943 ,
1438 3877 1858 3938 benedictionem
1910 3897 2087 3943 autem

507 3969 667 4025 super
689 3973 782 4013 eos
805 3974 910 4015 non
926 3960 1205 4017 dederunt.
1232 3965 1372 4037 Ergo
1395 3982 1582 4024 omnes
1609 3971 1737 4026 istos
1762 3975 1927 4030 malos
1955 3992 2087 4047 quos

507 4056 684 4116 portat
708 4049 944 4106 Ecclesia
974 4094 989 4117 ,
1026 4054 1116 4123 qui
1152 4055 1327 4127 legitis
1363 4058 1414 4113 in
1457 4059 1745 4130 Scripturis
1767 4104 1783 4131 ,
1838 4066 2085 4126 invenitis

505 4142 814 4198 maledictos
842 4144 1145 4217 designatos
1183 4150 1251 4205 ad
1286 4152 1655 4210 antichristum
1692 4158 1987 4226 pertinere,
2016 4163 2084 4218 ad

503 4231 771 4289 diabolum
796 4238 1060 4306 pertinere
1084 4282 1100 4306 ,
1126 4241 1192 4295 ad
1224 4243 1428 4312 paleam
1457 4247 1721 4315 pertinere
1743 4289 1759 4316 ,
1787 4250 1854 4305 ad
1882 4252 2082 4308 zizania

502 4325 792 4394 pertinere.
823 4328 891 4384 Et
910 4331 1075 4386 multa
1107 4333 1509 4391 innumerabilia
1550 4354 1647 4408 per
1682 4340 2081 4400 similitudinem

502 4415 751 4473 dicuntur
775 4419 842 4476 de
866 4420 1005 4476 illis:
1040 4422 1171 4491 Quia
1193 4441 1293 4480 non
1315 4428 1476 4482 omnis
1504 4430 1589 4500 qui
1616 4431 1738 4485 dicit
1765 4433 1891 4487 mihi
1908 4476 1923 4502 ,
1973 4433 2081 4489 Do-

502 4509 655 4573 mine,
678 4509 908 4578 Domine,
932 4514 1139 4568 intrabit
1152 4517 1204 4569 in
1230 4534 1438 4588 regnum
1459 4522 1695 4576 caelorum
1718 4523 1827 4593 (Id.
1849 4542 1939 4591 vn,
1960 4526 2076 4598 21).

500 4599 707 4656 Nullam
735 4604 942 4659 invenis
964 4604 1290 4676 Scripturam
1305 4625 1423 4680 quae
1443 4611 1509 4666 de
1536 4612 1639 4667 illis
1662 4614 1798 4671 bene
1814 4616 2073 4687 loquatur,

499 4695 623 4765 quia
648 4703 984 4754 transeuntes
1010 4700 1148 4756 viam
1172 4716 1277 4756 non
1309 4702 1425 4759 illos
1450 4704 1854 4761 henedixerunt.
1878 4708 2077 4765 Trans-

498 4796 685 4842 euntes
714 4788 994 4859 Propheta:
1018 4792 1194 4847 omnia
1234 4794 1301 4850 de
1343 4795 1448 4849 illis
1474 4798 1610 4852 mala
1637 4796 1905 4854 dixerunt.
1940 4801 2076 4857 Ecce

495 4886 551 4932 et
576 4878 675 4933 iste
699 4894 857 4948 quem
889 4891 1160 4949 portamus
1182 4924 1198 4949 ,
1232 4884 1393 4939 David
1427 4888 1633 4941 transiit
1654 4889 1827 4955 viam;
1855 4891 2076 4948 audistis

496 4968 624 5037 quid
653 4968 720 5024 de
747 4970 853 5025 illis
893 4971 1026 5026 dixit
1065 4991 1079 5025 :
1120 4973 1369 5030 Dominus
1403 4978 1577 5047 justus
1613 4982 1837 5036 concidet
1866 4984 2075 5040 cervices

494 5069 831 5130 peccatorum.
890 5061 1276 5133 Confundantur
1298 5107 1313 5133 ,
1358 5077 1404 5121 et
1454 5080 1739 5127 avertantur
1778 5083 2071 5141 retrorsum,

492 5168 665 5206 omnes
709 5154 793 5221 qui
830 5154 1042 5209 oderunt
1074 5156 1221 5210 Sion.
1251 5156 1409 5211 Fiant
1450 5161 1575 5214 sicut
1605 5167 1775 5233 fenum
1796 5174 2034 5220 tectorum
2054 5209 2070 5235 ,

490 5243 628 5312 quod
658 5246 951 5315 priusquam
994 5248 1232 5302 evellatur
1259 5251 1412 5305 aruit.
1461 5252 1580 5307 Non
1619 5259 1824 5325 replevit
1870 5276 2074 5313 manum

491 5351 636 5389 suam
656 5353 864 5404 messor,
876 5348 931 5393 et
954 5340 1122 5393 sinum
1142 5356 1288 5394 suum
1306 5343 1392 5413 qui
1412 5346 1693 5416 manipulos
1720 5349 1927 5420 colligit.
1952 5351 2073 5406 llzec

492 5426 558 5482 de
610 5428 717 5483 illis
758 5429 912 5485 dixit.
964 5431 1080 5486 Non
1128 5448 1257 5503 ergo
1310 5449 1467 5505 supra
1512 5438 1630 5492 illos
1671 5439 1770 5494 iste
1810 5443 2072 5498 transiens

396 5582 397 5585 η
493 5519 786 5589 benedixit,
815 5533 870 5579 et
892 5525 1165 5594 impletum
1188 5537 1271 5581 est
1290 5528 1447 5582 etiam
1476 5545 1571 5598 per
1598 5530 1767 5595 illum,
1793 5533 1931 5601 quod
1960 5535 2072 5603 ipse

489 5611 656 5668 dixit:
686 5612 755 5668 Et
780 5631 879 5669 non
908 5616 1141 5670 dixerunt
1170 5626 1483 5674 transeuntes
1525 5622 1652 5674 uiam
1672 5664 1686 5688 ,
1718 5621 2071 5680 Benediximus

490 5720 576 5760 vos
596 5705 650 5759 in
670 5708 871 5762 nomine
894 5707 1119 5764 Domini.
1144 5708 1213 5764 Et
1238 5709 1326 5765 isti
1348 5720 1683 5769 transeuntes
1703 5716 1814 5772 sive
1835 5716 2072 5788 Prophe-

554 5818 716 5872 ιεοςι)
758 5816 1060 5887 ιιι..

1082 5959 1579 6008 ,κελεπξεῶίιῖτ
1635 5970 1646 5981 ·

1741 354 1799 414 S.
1837 352 2201 420 AUGUSTINI
2235 363 2542 431 EPISCOPI

2259 492 2343 587 tae,
2375 488 2490 545 sive
2518 491 2860 597 Patriamhae,
2888 502 3001 560 sive
3026 506 3289 586 Apostoli,
3318 519 3634 597 quicumque
3664 540 3841 593 trans.

2251 574 2465 647 ierunt,
2506 584 2549 637 si
2578 585 2713 643 bene
2739 591 3003 666 vivimus,
3037 598 3227 660 fratres
3254 647 3270 673 ,
3312 574 3705 678 benedix‘erunt
3733 642 3837 686 nos

2248 667 2300 775 in
2329 673 2529 775 nomine
2546 675 2772 775 Domini.
2795 684 3017 754 Quando
3046 708 3150 760 me,
3185 667 3377 772 inquis,
3401 667 3839 775 benedixit-Pan:

2248 757 2331 815 lus
2346 762 2602 867 {quando
2620 788 2706 867 me
2727 775 3000 836 benedixit
3031 757 3220 844 Petrus
3235 757 3272 845 ἳ-

2244 854 2417 962 pturis
2442 861 2612 962 ,Avide
2639 865 2684 920 si
2715 867 2848 926 bene
2873 873 3004 930 vivis
3025 916 3042 943 ,
3066 889 3120 935 et
3147 882 3267 939 vide
3308 887 3379 943 ibi
3418 854 3839 962 benedictum-te

2243 942 2426 1003 fuisse.
2455 949 2650 1011 Omnes
2680 958 2815 1017 bene
2844 942 3078 1026 viventes
3120 972 3523 1038 benedixerunt.
3580 987 3645 1045 Et
3695 942 3830 1062 qui:

2243 1039 2499 1062 ...μμιρ
2539 1047 2607 1062 γ’·
2804 1055 2875 1062 *-

2241 1039 2400 1096 modo
2421 1043 2825 1108 benedixcrunt?
2844 1055 2911 1112 In
2928 1062 3127 1118 nomine
3157 1067 3385 1135 Domini;
3402 1091 3505 1131 non
3533 1079 3585 1134 in
3612 1039 3831 1142 nomine

2239 1141 2355 1246 tuo,
2374 1132 2508 1188 sicut
2529 1135 2781 1197 haeretici.
2803 1145 2901 1212 Qui
2925 1151 3065 1206 enim
3091 1154 3292 1224 dicunt,
3320 1132 3472 1230 Quod
3496 1132 3594 1223 nos

3280 1216 3291 1224 ,
3330 1216 3365 1230 η
3416 1216 3472 1220 κ-
3496 1216 3592 1223 --η
3615 1216 3805 1237 “an...

2238 1216 2342 1276 hoc
2367 1233 2448 1279 est
2468 1239 2707 1287 sanctum
2736 1252 2751 1302 ;
2792 1235 2845 1292 in
2889 1244 3102 1301 nomine
3130 1264 3227 1304 suo
3255 1254 3440 1311 volunt
3464 1217 3825 1337 benedicere:

2235 1326 2342 1369 non
2367 1317 2419 1372 in
2450 1325 2665 1381 nomine
2687 1328 2915 1387 Domini.
2946 1337 3044 1404 Qui
3075 1351 3251 1400 autem
3298 1347 3501 1416 dicunt,
3525 1354 3639 1412 Non
3697 1317 3825 1416 san:

2233 1407 2430 1464 ctilicat
2466 1414 2563 1469 nisi
2593 1416 2752 1485 Deus,
2786 1438 2885 1479 nec
2931 1429 3208 1500 quisquam
3249 1447 3332 1492 est
3362 1439 3530 1498 bonus
3556 1447 3655 1502 nisi
3676 1449 3822 1508 dono

2234 1497 2357 1565 Dei;
2400 1503 2496 1573 ipsi
2530 1506 2580 1561 in
2610 1513 2825 1570 nomine
2852 1520 3057 1576 Domini
3091 1524 3409 1587 benedicunt
3434 1575 3449 1599 ,
3498 1553 3604 1593 non
3636 1540 3687 1596 in
3717 1559 3817 1598 no-

2230 1589 2375 1646 mine
2421 1608 2555 1650 suo:
2584 1602 2707 1670 quia
2742 1604 2761 1637 ί
2783 1608 2939 1663 amici
2968 1624 3091 1669 sunt
3128 1621 3309 1687 sponsi
3359 1623 3536 1696 (Joan.
3567 1646 3660 1701 lli,
3690 1634 3816 1706 l9),

2230 1682 2408 1706 mal"...
2441 1701 2546 1706 ---μ
2631 1692 2642 1706 ¹
2686 1695 2717 1706 Ἀ
2791 1697 2801 1706 ⁸

2227 1682 2413 1738 nolunt
2435 1701 2554 1743 esse
2578 1692 2803 1751 adulteri
2847 1716 3079 1769 sponsae.

2239 1811 3784 1989 Μ

2802 2030 2888 2083 ΕΝ
2894 2034 2932 2084 Α
2944 2032 3217 2095 RRATIO.

2737 2153 2909 2200 SERIO
2935 2161 3004 2202 AD
3032 2164 3253 2209 Ριειιεκ.

2291 2242 2342 2296 l.
2374 2241 2395 2316 [
2406 2260 2531 2300 vers.
2563 2248 2715 2323 1-3.]
2754 2252 3013 2319 Quoniam
3045 2277 3139 2318 vos
3167 2280 3271 2321 non
3293 2270 3461 2326 solum
3485 2277 3656 2333 oculis
3679 2295 3805 2337 cor-

2217 2335 2361 2402 poris
2386 2378 2398 2399 ,
2423 2339 2515 2393 sed
2541 2342 2698 2398 etiam
2725 2348 2887 2405 corde
2916 2352 3130 2424 vigilare
3166 2365 3538 2429 praesumimus
3558 2411 3573 2436 ,
3610 2370 3803 2431 intelli-

2215 2438 2399 2496 genter
2422 2447 2520 2486 nos
2545 2446 2761 2493 cantare
2788 2450 2998 2511 oportet
3031 2463 3044 2500 :
3084 2447 3160 2503 De
3200 2458 3468 2525 profundis
3492 2463 3707 2520 clamaui
3733 2466 3801 2522 ad

2213 2528 2277 2583 te,
2308 2519 2559 2591 Domine;
2587 2527 2821 2597 Domine,
2849 2537 3035 2591 exaudi
3058 2555 3221 2596 vocem
3250 2561 3431 2602 meam.
3462 2551 3667 2610 Etenim
3696 2572 3798 2614 vox

2212 2608 2325 2666 inec
2352 2616 2686 2675 ascendentis
2713 2634 2813 2690 est,
2847 2629 3117 2695 pertinens
3135 2634 3201 2715 ad
3227 2640 3489 2696 canticum
3511 2646 3793 2715 graduum.

2212 2702 2377 2761 Debet
2398 2708 2574 2780 itaque
2601 2718 2959 2790 unusquisque
2986 2710 3223 2783 nostrum
3256 2732 3437 2789 videre
3463 2702 3649 2808 invquo
3669 2757 3793 2810 pro-

2211 2794 2372 2852 fundo
2396 2798 2493 2865 sit,
2520 2801 2588 2857 de
2613 2820 2719 2875 quo
2746 2808 2941 2866 clamet
2980 2815 3045 2868 ad
3089 2818 3391 2878 Dominum.
3423 2794 3692 2885 Clamavitr

2208 2888 2470 2955 profundo
2493 2892 2675 2960 Jonas,
2695 2897 2761 2953 de
2780 2912 2963 2958 ventre
2988 2907 3089 2961 ceti
3117 2906 3300 2981 (Iona:
3319 2929 3377 2982 ιι,
3405 2916 3497 2990 2).
3526 2920 3657 2979 Erat
3684 2888 3793 2982 non

2206 2980 2377 3035 solum
2399 2985 2499 3039 sub
2514 2984 2780 3057 ﬂuctibus,
2797 3008 2979 3050 verum
3001 2999 3159 3055 etiam
3182 3002 3233 3057 in
3252 2980 3545 3065 visceribus
3560 3012 3788 3084 bellum;

2204 3086 2304 3126 nec
2336 3082 2509 3131 tamen
2550 3077 2677 3134 illud
2706 3096 2900 3153 corpus
2927 3094 2982 3143 et
3028 3090 3102 3145 illi
3145 3093 3339 3153 ﬂuctus
3382 3077 3791 3167 intercluserunt

2203 3168 2495 3224 orationem
2527 3186 2592 3227 ne
2620 3177 2921 3244 perveniret
2961 3181 3028 3237 ad
3072 3184 3240 3242 Deum
3266 3231 3281 3256 ,
3310 3200 3364 3245 et
3387 3204 3575 3249 venter
3603 3198 3788 3257 bestia

2202 3274 2310 3314 non
2366 3264 2537 3331 potuit
2590 3277 2773 3327 tenere
2825 3289 3012 3333 vocem
3065 3279 3423 3351 deprecantis.
3481 3289 3789 3352 Penetravit

2199 3355 2399 3422 omnia,
2430 3357 2655 3431 disrupit
2686 3367 2883 3434 omnia,
2912 3374 3154 3441 pervenit
3182 3377 3248 3432 ad
3276 3392 3434 3436 aures
3464 3382 3556 3438 Dei
3589 3403 3603 3439 :
3631 3388 3677 3441 si
3705 3398 3789 3443 ta-

2200 3460 2322 3500 men
2344 3447 2626 3507 dicendum
2653 3465 2736 3509 est
2761 3459 2882 3527 quia
2911 3461 3163 3534 disruptis
3188 3470 3435 3527 omnibus
3456 3478 3700 3543 pervenit
3719 3479 3786 3535 ad

2198 3554 2353 3595 aures
2376 3542 2489 3610 Dei,
2512 3548 2727 3615 quando
2746 3565 2903 3608 aures
2930 3554 3025 3611 Dei
3054 3558 3109 3612 in
3139 3562 3299 3618 corde
3325 3542 3588 3634 precantis
3610 3581 3785 3628 erant.

2197 3631 2297 3688 Ubi
2333 3636 2473 3691 enim
2507 3638 2669 3727 Deum
2715 3656 3031 3712 praesentem
3061 3666 3166 3706 non
3199 3631 3390 3724 habet,
3429 3660 3581 3729 cujus
3612 3662 3787 3720 ﬁdelis

2195 3733 2278 3778 est
2303 3728 2446 3782 vox?
2472 3724 2846 3790 Verumtamen
2872 3748 2926 3792 et
2953 3754 3052 3795 nos
3080 3740 3339 3801 debemus
3378 3724 3680 3818 intelligere
3715 3752 3786 3809 de

2192 3829 2299 3886 quo
2346 3820 2607 3887 profundo
2651 3825 2943 3884 clamemus
2990 3832 3058 3887 ad
3105 3834 3406 3893 Dominum.
3453 3840 3782 3901 Profundum

2191 3910 2333 3963 enim
2367 3912 2519 3967 nobis
2549 3926 2628 3971 est
2656 3918 2762 3972 vita
2794 3920 2891 3975 ista
2922 3927 3182 3983 mortalis.
3211 3928 3463 4003 Quisquis
3485 3948 3545 3989 se
3573 3936 3625 3991 in
3656 3952 3785 4007 pro-

2190 3998 2354 4057 fundo
2384 4004 2721 4075 intellexerit,
2753 4012 2968 4079 clamat,
2995 4018 3197 4086 gemit,
3224 3998 3471 4092 suspirat,
3512 3998 3684 4082 donec
3708 4028 3781 4085 de

2188 4093 2448 4162 profundo
2476 4108 2693 4156 eruatur
2712 4143 2727 4167 ,
2758 4111 2815 4158 et
2843 4108 3021 4162 veniat
3049 4110 3116 4164 ad
3141 4126 3261 4167 eum
3287 4115 3377 4183 qui
3406 4132 3565 4186 super
3590 4134 3783 4176 omnes

2186 4183 2408 4256 abyssos
2438 4189 2588 4245 sedet
2625 4200 2678 4247 ct
2718 4207 2881 4264 super
2905 4197 3191 4256 Cherubitn
3214 4244 3230 4271 ,
3266 4218 3427 4274 super
3453 4183 3629 4263 omnia
3657 4225 3779 4279 qua

2185 4277 2385 4332 creavit
2406 4318 2421 4343 ,
2451 4296 2556 4335 non
2587 4282 2760 4339 solum
2786 4291 3101 4359 corporalia,
3136 4295 3230 4349 sed
3258 4297 3415 4350 etiam
3442 4299 3775 4369 spiritualia;

2184 4366 2353 4423 donec
2376 4369 2444 4425 ad
2481 4387 2602 4428 eum
2629 4376 2805 4432 veniat
2833 4384 3008 4436 anima
3032 4423 3048 4449 ,
3092 4383 3264 4441 donec
3298 4386 3367 4440 ab
3395 4366 3489 4443 illo
3517 4366 3779 4449 liberetur

2183 4458 2356 4529 imago
2396 4462 2565 4532 ipsius
2589 4508 2603 4531 ,
2634 4469 2776 4537 quod
2806 4480 2889 4526 est
2919 4474 3115 4542 homo,
3147 4491 3265 4546 quas
3294 4478 3346 4533 in
3378 4479 3481 4536 hoc
3505 4481 3777 4551 profundo

2184 4559 2429 4621 tanquam
2459 4558 2687 4615 assiduis
2731 4561 2977 4620 ﬂuctibus
3000 4569 3259 4637 exagitata
3284 4610 3299 4636 ,
3330 4570 3525 4627 detrita
3556 4584 3640 4630 est
3670 4593 3685 4631 :
3716 4587 3776 4633 et

2181 4643 2281 4698 nisi
2306 4656 2589 4703 renovetur
2608 4660 2664 4706 et
2688 4664 2968 4723 reparetur
2992 4671 3022 4711 a
3049 4658 3177 4726 Deo,
3205 4660 3294 4731 qui
3323 4661 3467 4718 illam
3499 4666 3774 4735 impressit

2178 4734 2392 4803 quando
2442 4736 2690 4796 formavit
2736 4742 3007 4801 hominem
3045 4749 3066 4779 ³
3116 4748 3378 4821 (ldoneus
3427 4734 3599 4823 potuit
3648 4772 3774 4816 esse

2180 4822 2340 4881 homo
2367 4826 2433 4882 ad
2461 4843 2643 4887 casum
2673 4848 2859 4901 suum;
2889 4852 2996 4892 non
3037 4847 3118 4894 est
3158 4840 3383 4899 idoneus
3423 4822 3489 4899 ad
3519 4861 3772 4904 resurre-

2179 4917 2408 4972 ctionem
2436 4934 2585 4975 suam
2608 4923 2647 4992 ),
2679 4939 2891 4996 semper
2920 4929 2973 4983 in
3003 4930 3266 4998 profundo
3293 4944 3409 5000 est;
3439 4936 3538 4991 nisi
3570 4937 3772 4995 libera

2179 5017 2284 5076 tur,
2309 5020 2367 5067 ut
2392 5013 2519 5082 dixi,
2547 5030 2760 5087 semper
2779 5021 2831 5076 in
2860 5022 3124 5091 profundo
3150 5033 3251 5081 est.
3277 5026 3382 5082 Sed
3407 5044 3526 5084 cum
3551 5031 3619 5085 de
3641 5046 3770 5102 pro-

2177 5098 2341 5158 fundo
2367 5104 2579 5171 clamat,
2610 5111 2781 5180 surgit
2804 5111 2873 5167 de
2897 5112 3177 5183 profundo,
3209 5126 3263 5172 et
3289 5118 3402 5189 ipse
3431 5098 3767 5178 clamor-non

2177 5210 2297 5250 eum
2337 5201 2594 5267 permittit
2636 5205 2859 5260 multum
2908 5206 2961 5261 in
3002 5208 3110 5264 imo
3150 5224 3290 5266 esse.
3322 5211 3490 5269 Valde
3531 5214 3678 5270 enim
3710 5216 3766 5274 in

2177 5288 2437 5356 proluudo
2466 5302 2590 5347 sunt
2613 5334 2628 5360 ,
2660 5296 2749 5364 qui
2791 5311 2892 5352 nec
2918 5298 3150 5355 clamant
3192 5302 3260 5357 de
3305 5302 3587 5373 profundo.
3621 5306 3766 5362 Dicit

2176 5379 2449 5450 Scriptura
2478 5399 2493 5437 :
2524 5381 2770 5440 Peccator
2788 5428 2804 5453 ,
2831 5405 2945 5443 cum
2970 5391 3155 5445 uenerit
3180 5392 3232 5446 in
3258 5394 3568 5465 profundum
3594 5397 3763 5449 malo-

2176 5489 2307 5539 rum,
2340 5477 2609 5531 contemnit
2637 5477 2658 5551 (
2675 5479 2825 5535 Prov.
2856 5498 3007 5548 xvnt,
3030 5484 3121 5555 5).
3151 5485 3268 5541 Jam
3298 5488 3493 5553 videte,
3524 5488 3723 5544 fratres
3743 5531 3761 5555 ,

2175 5563 2331 5631 quale
2374 5565 2694 5634 profundum
2747 5573 2855 5637 sit,
2895 5574 2984 5629 ubi
3032 5578 3388 5632 contemnitur
3432 5578 3593 5634 Deus.
3626 5580 3761 5641 Cum

2175 5657 2396 5727 quisque
2418 5659 2607 5714 viderit
2626 5676 2684 5716 se
2710 5664 3030 5733 quotidiauis
3056 5669 3289 5737 peccatis
3310 5670 3580 5739 obrutum,
3604 5686 3759 5727 acer-

2240 5770 2256 5836 ξ
2283 5769 2450 5836 Plures
2472 5780 2597 5833 Mss,
2616 5773 2715 5836 qui.

2240 5833 2260 5865 ³
2279 5832 2361 5883 Hic
2382 5831 2688 5898 aliquot
2714 5836 2912 5904 addunt,
2936 5852 3124 5905 semper
3146 5840 3197 5895 in
3226 5842 3468 5909 proftme
3488 5844 3603 5901 erit.
