4078 6472
253 345 403 409 169⁸1

252 467 335 522 vis
385 461 704 537 quibusdam
755 466 812 518 st
860 457 1089 516 molibus
1136 455 1452 529 quibusdam
1502 452 1838 524 iniquitatum

250 560 463 633 premi,
495 558 541 613 si
581 555 781 612 dictum
811 554 889 610 illi
932 552 1091 609 fuerit
1118 560 1177 606 ut
1219 552 1385 606 Deum
1415 556 1606 619 roget,
1638 544 1842 601 irridet.

250 652 459 721 Quibus
485 649 696 706 modis?
721 648 901 703 Primo
926 645 1051 701 dicit
1080 663 1093 701 :
1124 644 1179 701 Si
1211 644 1320 699 Deo
1349 641 1694 712 displicerent
1717 636 1848 693 faci-

252 756 410 807 nora,
442 756 543 812 ego
569 739 843 796 viverem?
869 737 926 794 Si
951 744 1165 793 curaret
1192 735 1332 791 Deus
1357 748 1444 789 res
1474 732 1752 794 humanas,
1780 728 1847 785 ad

252 843 405 890 tanta
431 832 636 888 scelera
679 845 799 901 qua:
841 829 939 886 feci
964 870 981 898 ,
1012 843 1118 883 non
1161 827 1334 883 solum
1362 826 1595 880 viverem
1620 864 1636 889 ,
1665 820 1760 878 sed
1799 828 1853 876 et

252 925 395 983 bene
428 923 562 979 mihi
590 921 778 978 esset?
816 920 963 977 Solet
991 921 1132 977 enim
1177 918 1281 975 hoc
1324 916 1426 973 illis
1468 916 1685 972 evenire
1708 955 1724 982 ,
1762 912 1852 984 qui

255 1014 484 1071 multum
524 1014 578 1068 in
607 1010 870 1083 profundo
898 1019 1042 1077 sunt,
1074 1019 1129 1065 et
1154 1015 1536 1081 prosperantur
1571 1006 1625 1061 in
1656 1003 1852 1076 iniqui-

257 1106 459 1162 tatibus
485 1104 597 1160 suis
630 1121 644 1160 :
675 1112 730 1159 et
753 1110 905 1158 tanto
933 1103 1101 1173 magis
1126 1102 1181 1157 in
1205 1099 1468 1173 profundo
1506 1107 1818 1169 merguntur
1835 1137 1852 1164 ,

258 1207 463 1269 quanto
490 1195 658 1266 magis
679 1195 927 1251 videntur
950 1209 1070 1250 esse
1096 1193 1308 1258 felices;
1338 1191 1498 1247 fallax
1522 1190 1665 1246 enim
1691 1189 1857 1244 felici-

261 1296 344 1344 tas
366 1329 383 1357 ,
415 1288 529 1359 ipsa
555 1286 727 1357 major
757 1294 842 1342 est
886 1285 1186 1342 infelicitas.
1231 1283 1434 1339 Deinde
1461 1290 1516 1338 et
1543 1280 1646 1336 hoc
1682 1279 1859 1335 solent

261 1379 509 1437 homines
528 1379 711 1436 dicere
746 1395 761 1433 :
791 1378 907 1435 Jam
930 1378 1179 1450 quoniam
1203 1377 1368 1432 multa
1392 1375 1495 1431 feci
1515 1384 1570 1430 et
1589 1373 1858 1429 damnatio

262 1472 528 1538 imminet,
550 1472 652 1529 hoc
673 1471 861 1542 perdo,
878 1470 1022 1543 quod
1043 1484 1147 1525 non
1168 1468 1308 1525 facio
1328 1465 1580 1539 quidquid
1604 1480 1817 1536 possum
1840 1480 1857 1530 ;

264 1573 358 1633 et,
388 1564 469 1620 Ex
497 1564 600 1621 hoc
629 1563 825 1636 perdor
846 1603 863 1630 ,
894 1578 991 1618 cur
1017 1577 1124 1618 non
1154 1562 1290 1618 facio
1315 1558 1573 1631 quidquid
1598 1573 1814 1629 possum
1833 1558 1860 1613 7

264 1654 542 1722 Quomodo
585 1656 761 1710 solent
800 1652 1066 1724 desperati
1114 1653 1348 1707 latrones
1391 1651 1571 1706 dicere
1606 1668 1622 1703 :
1654 1648 1744 1705 Sic
1772 1664 1860 1703 me

265 1746 540 1802 occisurus
565 1754 649 1802 est
672 1744 838 1815 judex
866 1759 963 1815 pro
1005 1743 1193 1799 decem
1221 1740 1524 1797 homicidiis
1546 1780 1563 1807 ,
1592 1738 1861 1809 quomodo

264 1850 364 1908 pro
387 1838 644 1909 quinque,
672 1836 943 1907 quomodo
972 1850 1068 1906 pro
1094 1849 1232 1901 uno;
1261 1848 1429 1905 quare
1454 1847 1560 1888 non
1582 1833 1690 1903 jam
1716 1831 1862 1902 quid-

263 1929 393 1999 quid
422 1931 553 1985 mihi
578 1929 874 1987 occurrerit
902 1926 1080 1983 facio?
1106 1927 1219 1983 Hoc
1244 1925 1627 1991 est,Peccator,
1650 1941 1764 1979 cum
1788 1939 1864 1980 ve-

262 2022 395 2074 nerit
426 2020 480 2074 in
509 2021 823 2093 profundum
851 2018 1124 2085 malorum,
1153 2018 1441 2074 contemnit.
1473 2016 1581 2072 Sed
1606 2016 1862 2071 Dominus

260 2110 427 2167 Jesus
470 2111 715 2168 Christus
742 2112 831 2183 qui
863 2127 963 2168 nec
992 2112 1251 2182 profunda
1294 2121 1475 2166 nostra
1503 2110 1860 2180 contempsit,

260 2202 354 2273 qui
382 2218 550 2273 usque
575 2203 641 2259 ad
670 2204 826 2260 istam
843 2203 1006 2258 vitam
1027 2204 1211 2258 venire
1235 2202 1480 2273 dignatus
1505 2208 1607 2266 est,
1631 2200 1860 2269 promit-

264 2301 384 2348 tens
410 2292 781 2349 remissionem
806 2295 1046 2349 omnium
1074 2303 1411 2364 peccatorum
1431 2308 1447 2357 ;
1470 2293 1629 2347 etiam
1651 2291 1719 2347 de
1738 2306 1865 2361 pro-

267 2384 437 2441 fundo
465 2386 721 2441 excitavit
765 2386 1035 2442 hominem
1060 2428 1077 2455 ,
1109 2397 1167 2443 ut
1205 2388 1459 2442 clamaret
1486 2387 1554 2441 de
1602 2385 1863 2457 profundo

262 2475 366 2532 sub
392 2475 621 2533 molibus
660 2484 1002 2548 peccatorum
1028 2519 1042 2543 ,
1072 2486 1128 2533 et
1170 2479 1473 2549 perveniret
1514 2493 1619 2533 vox
1665 2491 1862 2548 pecca-

265 2567 398 2623 toris
417 2567 484 2622 ad
514 2567 682 2623 Deum
706 2585 721 2623 :
743 2568 883 2624 unde
910 2569 1210 2637 clamantis,
1240 2569 1343 2624 nisi
1365 2568 1433 2624 de
1459 2568 1724 2640 profundo
1744 2583 1862 2623 ma-

264 2657 439 2717 lorum
461 2659 485 2711 ?

333 2749 391 2805 2.
443 2750 511 2805 Et
534 2750 708 2808 videte
735 2751 858 2823 quia
896 2766 1000 2808 vox
1044 2751 1340 2822 peccatoris
1387 2752 1585 2808 clamat
1625 2752 1692 2808 de
1735 2766 1861 2822 pro-

264 2840 434 2898 fundo
468 2860 483 2898 :
513 2842 590 2898 De
618 2844 887 2915 profundis
916 2844 1129 2899 clamavi
1157 2844 1225 2897 ad
1248 2852 1317 2909 te,
1348 2843 1596 2910 Domine;
1623 2843 1860 2911 Domine,

264 2936 452 2990 arandi
493 2952 662 2991 vocem
705 2954 888 2992 meam.
921 2936 1080 2993 Fiant
1118 2954 1263 2993 aures
1308 2949 1410 2992 tute
1455 2937 1766 2991 intendentes
1810 2937 1864 2991 in

264 3041 431 3082 vocem
454 3028 824 3099 deprecationis
852 3045 994 3083 mete.
1032 3028 1185 3085 Unde
1212 3028 1443 3084 clamat?
1472 3029 1547 3083 De
1577 3028 1859 3097 profundo.

264 3120 490 3189 Quisest
505 3136 633 3193 ergo
651 3122 739 3192 qui
754 3123 950 3177 clamat
965 3121 988 3175 ἲ
1005 3122 1279 3177 Peccator.
1299 3121 1365 3176 Et
1394 3136 1495 3190 qua
1518 3136 1612 3190 spe
1627 3120 1862 3175 clamat?

264 3213 397 3283 Quia
438 3214 529 3285 qui
556 3215 702 3271 venit
730 3215 939 3271 solvere
978 3223 1190 3285 peccata
1212 3256 1227 3282 ,
1256 3214 1403 3268 dedit
1446 3228 1595 3283 spem
1621 3214 1779 3268 etiam
1809 3214 1862 3267 in

263 3306 528 3376 profundo
554 3308 725 3377 posito
741 3307 1028 3378 peccatori.
1056 3307 1180 3362 Ideo
1196 3306 1323 3377 quid
1338 3306 1579 3376 sequitur
1597 3315 1715 3375 post
1734 3306 1862 3362 istas

263 3399 460 3454 voces?
503 3398 565 3455 Si
593 3400 878 3469 iniquitates
906 3399 1238 3453 observaveris
1257 3439 1274 3464 ,
1320 3397 1575 3461 Domine;
1608 3396 1823 3450 Domine
1843 3437 1859 3463 ,

263 3494 374 3559 quis
408 3493 720 3547 sustinebit?
748 3492 889 3547 Ecce
924 3493 1135 3563 aperuit
1166 3493 1184 3524 ί
1215 3491 1283 3547 de
1324 3507 1431 3562 quo
1462 3490 1724 3561 profundo
1749 3491 1861 3545 cla-

264 3594 457 3640 rueret.
485 3582 693 3639 Clamat
716 3585 859 3640 enim
898 3586 1002 3641 sub
1031 3584 1261 3640 molibus
1300 3593 1355 3639 et
1390 3582 1639 3639 ﬂuctibus
1665 3584 1861 3654 iniqui-

270 3685 438 3733 tatum
466 3691 705 3732 suarum.
733 3677 1123 3749 Circumspexit
1164 3690 1224 3732 se
1246 3718 1262 3744 ,
1293 3676 1671 3747 circumspexit
1700 3678 1861 3733 vitam

267 3780 418 3821 suam
446 3783 463 3829 ;
497 3766 630 3821 vidit
654 3767 799 3822 illam
830 3766 1062 3837 undique
1090 3766 1303 3837 ﬂagitiis
1332 3776 1383 3822 et
1414 3766 1739 3822 facinoribus
1767 3782 1862 3822 co-

266 3862 509 3928 opertam
545 3874 561 3911 :
592 3872 924 3929 quacumque
970 3858 1241 3928 respexit,
1287 3856 1418 3912 nihil
1464 3858 1516 3913 in
1563 3873 1634 3913 se-
1663 3859 1860 3913 bonum

267 3951 511 4016 invenit,
542 3951 674 4006 nihil
705 3951 779 4006 illi
802 3950 1021 4020 justiti-.13
1063 3966 1312 4007 serenum
1358 3950 1528 4021 potuit
1556 3965 1859 4006 occurrere.

268 4041 483 4098 Etcum
513 4051 655 4097 tanta
681 4052 737 4099 et
766 4050 870 4098 tam
899 4043 1062 4097 multa
1098 4051 1314 4113 peccata
1348 4042 1584 4113 undique
1611 4051 1665 4097 et
1693 4050 1864 4096 cater-

268 4148 362 4188 vas
388 4133 656 4188 scelerum
696 4147 915 4188 suorum
942 4132 1185 4199 videret,
1219 4140 1467 4201 tanquam
1505 4146 1865 4201 expavescens

268 4225 620 4291 exclamavit,
653 4224 714 4281 Si
742 4224 1032 4295 iniquitates
1060 4224 1395 4278 observaveris
1417 4265 1432 4289 ,
1468 4222 1721 4287 Domine;
1752 4221 1863 4277 Do-

267 4318 401 4372 mine
425 4360 439 4383 ,
469 4317 583 4387 quis
606 4316 910 4389 sustinebit?
938 4315 1052 4371 Non
1077 4316 1247 4380 dixit,
1278 4316 1390 4386 Ego
1416 4332 1522 4370 non
1550 4316 1824 4371 sustinebo
1847 4333 1862 4381 ;

267 4411 363 4467 sed
386 4453 401 4477 ,
446 4412 560 4482 quis
597 4410 904 4465 sustinebit?
943 4408 1086 4464 Vidit
1122 4409 1266 4464 enim
1295 4423 1469 4479 prope
1509 4417 1672 4463 totam
1704 4409 1863 4463 vitam

269 4504 560 4561 humanam
585 4502 972 4559 circumlatrari
1000 4501 1233 4572 peccatis
1259 4501 1386 4565 suis,
1418 4499 1656 4555 accusari
1679 4515 1866 4555 omnes

268 4595 628 4654 conscientias
656 4593 1066 4666 cogitationibus
1096 4593 1229 4658 suis,
1261 4606 1366 4646 non
1400 4591 1626 4648 inveniri
1654 4606 1749 4647 cor
1774 4606 1867 4646 ca-

268 4698 410 4746 stum
441 4701 771 4758 praesumens
798 4684 866 4741 de
901 4700 995 4739 sua
1022 4684 1251 4754 iustitia.
1281 4682 1339 4740 Si
1383 4698 1510 4754 ergo
1539 4699 1634 4739 cor
1662 4692 1865 4739 castum

268 4797 375 4839 non
412 4789 589 4851 potest
613 4779 881 4844 inveniri,
911 4777 1053 4849 quod
1081 4788 1369 4847 praesumat
1405 4776 1474 4832 de
1502 4793 1598 4833 sua
1622 4777 1865 4853 justitia;

269 4880 563 4946 prtesumat
586 4873 825 4929 omnium
863 4886 959 4928 cor
984 4871 1052 4927 de
1081 4870 1445 4926 misericordia
1478 4871 1592 4938 Dei,
1622 4880 1675 4926 et
1703 4871 1864 4938 dicat,

269 4966 335 5024 Si
357 4950 646 5039 iniquitates
671 4964 1005 5020 observaveris
1027 5002 1044 5030 ,
1070 4960 1326 5045 Domine;
1352 4959 1591 5027 Domine,
1620 4961 1732 5031 quis
1753 4976 1869 5015 sus-

266 5059 473 5115 stinebt't
497 5059 523 5113 .’

339 5151 394 5207 3.
431 5148 599 5222 [vers.
630 5145 791 5221 #6.]
829 5145 1006 5216 Quare
1054 5150 1233 5200 autem
1282 5158 1407 5216 spes
1447 5143 1569 5198 est?
1612 5142 1867 5209 Quoniam

266 5242 409 5313 apud
432 5250 482 5295 te
499 5238 791 5310 propitiatio
817 5246 912 5292 est.
943 5237 1010 5292 Et
1036 5251 1155 5307 qua:
1178 5243 1262 5292 est
1287 5235 1386 5290 ista
1413 5234 1739 5306 propitiatio,
1764 5234 1867 5290 nisi

264 5327 723 5389 saeriliciumlEt
748 5326 892 5399 quod
935 5335 1020 5382 est
1059 5324 1415 5393 sacriﬁcium,
1443 5323 1543 5380 nisi
1589 5324 1730 5395 quod
1769 5339 1866 5394 pro

264 5424 428 5483 nobis
456 5422 699 5478 oblatum
746 5417 869 5475 est?
905 5416 1130 5488 Sanguis
1176 5416 1435 5471 innocens
1483 5416 1628 5471 fusus
1672 5413 1869 5471 delevit

266 5516 450 5575 omnia
479 5520 697 5586 peccata
719 5508 1063 5566 nocentium:
1095 5508 1324 5579 pretium
1352 5516 1556 5562 tantum
1581 5507 1761 5562 datum
1790 5521 1868 5563 re-

267 5606 439 5663 demit
477 5618 669 5661 omnes
709 5602 949 5672 captivos
989 5598 1060 5655 de
1098 5613 1259 5653 manu
1300 5598 1613 5668 csptivantis
1647 5598 1865 5653 inimici.

270 5701 417 5772 Ergo
442 5708 517 5754 est
545 5696 687 5768 apud
714 5704 761 5750 te
789 5692 1100 5765 propitiatio.
1126 5689 1260 5746 Nam
1286 5691 1333 5748 si
1356 5708 1463 5749 non
1487 5699 1631 5749 esset
1652 5691 1793 5765 apud
1818 5700 1870 5749 te

342 5817 362 5853 ι
384 5824 485 5866 Am.
511 5819 590 5863 nr.
618 5816 673 5862 et
693 5808 863 5876 plures
876 5813 1008 5869 uss,
1030 5801 1273 5872 apparuit.

1289 335 1690 397 ENARRATIO
1725 330 1793 391 IN
1816 327 2148 390 PSALMUM
2182 333 2426 393 CXXIX.

3399 358 3541 418 I698

1959 449 2266 519 propitiatio
2288 494 2303 519 ,
2332 453 2375 509 si
2408 452 2574 526 iudex
2602 457 2776 517 solum
2803 475 2926 521 esse
2954 465 3122 524 velles
3146 477 3202 526 et
3237 473 3546 543 misericors

1958 556 2077 597 esse
2099 545 2269 601 nolles
2291 588 2306 614 ,
2338 548 2653 608 observares
2680 570 2867 612 omnes
2894 559 3195 631 iniquitates
3218 578 3428 626 nostras
3446 614 3461 639 ,
3488 582 3545 632 et

1960 646 2233 729 quaereres
2256 653 2384 706 eas;
2412 644 2532 712 quis
2557 646 2883 704 sustineret?
2906 654 3026 723 quis
3049 665 3172 711 ante
3202 668 3253 714 te
3282 670 3467 729 staret,
3488 674 3546 723 et

1959 722 2195 820 diceret,
2230 729 2488 789 lnnocens
2524 737 2678 791 sum?
2720 740 2840 809 quis
2876 752 3044 801 staret
3084 747 3139 803 in
3181 749 3383 820 judicio
3409 722 3547 814 tuot

1963 814 2097 918 Spes
2122 834 2249 918 ergo
2288 838 2392 879 una
2433 835 2548 893 est,
2582 830 2835 897 Quoniam
2870 846 2945 891 est
2979 842 3119 909 apud
3147 814 3200 897 te
3231 848 3543 918 propitiatio.
3604 836 3607 839 ἰ

1962 906 2182 1012 fremet;
2200 912 2357 985 legem
2376 925 2514 973 tuam
2537 924 2754 979 sustinui
2781 936 2846 995 te,
2876 906 3111 988 Domine.
3142 906 3546 1012 Quam'legem‘l

1962 1000 2091 1100 Quae
2116 1007 2422 1100 reos—fecit?
2452 1012 2579 1068 Data
2607 1026 2690 1072 est
2713 1021 2854 1075 enim
2884 1024 2970 1079 lex
2995 1000 3198 1097 sancta,
3217 1000 3544 1100 justa,-bona

1961 1090 2160 1193 tudinis
2184 1094 2376 1193 (Rom.
2406 1117 2474 1157 vn
2498 1145 2513 1169 ,
2550 1108 2692 1181 £2);
2723 1113 2817 1168 sed
2862 1130 2985 1172 reos
3021 1135 3115 1178 eos
3154 1090 3323 1193 potuit
3350 1090 3543 1188 facere.

1962 1180 2077 1295 lion
2241 1196 2325 1295 est
2348 1190 2432 1295 lex
2457 1209 2575 1263 qua:
2603 1214 2783 1268 posset
2807 1206 3077 1266 vivificare
3099 1180 3293 1282 (dolat.

1963 1274 2068 1372 sed
2087 1291 2205 1347 quae
2233 1283 2538 1342 ostenderet
2563 1304 2777 1358 peccata
2807 1274 3545 1372 peecatori.‘Peceator'enirln

1963 1367 2160 1474 oblitus
2197 1384 2313 1428 erat
2332 1388 2439 1474 se,
2471 1394 2571 1435 nec
2598 1383 2810 1443 videbat
2844 1406 2938 1458 se;
2969 1394 3093 1451 data
3122 1410 3203 1455 est
3231 1402 3303 1457 illi
3336 1367 3547 1474 lex-,ﬂut

1965 1459 2170 1569 videret
2211 1478 2289 1568 se.
2331 1467 2480 1525 Fecit
2522 1488 2671 1529 reum
2717 1477 2837 1545 lex;
2886 1484 3127 1545 liberavit
3170 1492 3331 1549 Lator
3364 1459 3543 1569 legis:

1963 1550 2127 1609 Lator
2147 1556 2289 1611 enim
2320 1558 2451 1631 legis
2478 1563 2771 1636 Imperator
2789 1582 2891 1627 est.
2921 1575 3031 1632 Lex
3056 1580 3177 1637 data
3202 1595 3282 1639 est
3308 1550 3548 1658 quaaoter;

1965 1654 2082 1700 reat
2109 1654 2164 1701 et
2201 1652 2529 1726 constringat
2573 1658 2625 1712 in
2664 1671 2903 1730 reatum;
2942 1677 3005 1722 et
3043 1686 3150 1726 non
3188 1652 3345 1731 solvit
3393 1680 3476 1735 lex
3517 1697 3547 1737 a

1966 1740 2199 1843 peccatis
2220 1782 2237 1807 ,
2267 1743 2361 1843 sed
2387 1749 2619 1843 ostendit
2650 1765 2884 1821 peccata.
2913 1758 2982 1814 Et
3011 1760 3147 1819 forte
3173 1767 3273 1823 sub
3298 1770 3409 1839 ipsa
3435 1772 3549 1843 lege

1965 1831 2171 1898 positus
2189 1862 2213 1899 ,-
2235 1835 2609 1897 animadvertit
2648 1844 2747 1901 iste
2773 1846 2826 1902 in
2856 1850 3120 1918 profundo
3144 1831 3337 1926 quanta
3368 1831 3550 1920 fecerit

1967 1933 2151 2023 contra
2177 1927 2346 2023 legem
2367 1972 2383 1997 ,
2409 1941 2464 1987 et
2484 1934 2563 1988 sic
2588 1938 2905 1997 exclamavit
2929 1946 3113 2002 dicens
3132 1990 3146 2014 ,
3183 1949 3244 2005 Si
3269 1953 3551 2023 iniquitates

1967 2015 2298 2075 observaveris
2321 2061 2336 2085 ,
2379 2023 2623 2091 Domine;
2667 2029 2883 2087 Domine
2902 2075 2921 2102 ,
2965 2040 3076 2107 quis
3118 2015 3417 2101 sustinebit?
3456 2046 3551 2103 Est

1967 2119 2098 2176 ergo
2119 2108 2202 2163 lex
2232 2111 2612 2172 misericordia:
2641 2120 2753 2184 Dei,
2786 2123 2869 2177 lex
2898 2128 3288 2197 propitiationis
3314 2135 3430 2191 Dei.
3458 2137 3551 2193 Illa

1968 2199 2175 2257 timoris
2201 2202 2316 2269 fuit,
2347 2215 2429 2261 est
2455 2208 2555 2263 alia
2584 2210 2667 2267 lex
2699 2213 2992 2274 charitatis.
3024 2220 3132 2277 Lex
3161 2225 3439 2283 charilatis
3462 2229 3550 2288 dat

1967 2291 2177 2387 veniam
2207 2298 2456 2363 peccatis,
2483 2300 2625 2357 delet
2654 2309 2943 2376 prieterita,
2966 2311 3217 2370 admonet
3234 2315 3302 2371 de
3321 2317 3551 2387 futuris;

1967 2380 2022 2478 in
2044 2383 2128 2437 via
2160 2400 2264 2439 non
2292 2387 2492 2444 deserit
2519 2395 2768 2451 comitem
2790 2438 2807 2465 ,
2834 2414 3016 2457 comes
3039 2404 3099 2459 fit
3135 2405 3183 2460 ei
3219 2422 3378 2478 quem
3406 2380 3551 2470 ducit

1967 2476 2022 2532 in
2052 2478 2156 2532 via.
2186 2478 2291 2535 Sed
2327 2485 2758 2543 concordandum
2785 2499 2869 2546 est
2905 2507 3027 2549 cum
3053 2476 3361 2554 adversario
3380 2541 3396 2567 ,
3427 2501 3551 2559 dum

1967 2582 2027 2622 es
2051 2583 2172 2624 enm
2199 2585 2264 2625 eo
2290 2571 2343 2627 in
2372 2573 2454 2628 via
2484 2576 2503 2644 (
2520 2574 2707 2633 Matth.
2736 2595 2791 2646 v,
2815 2580 2941 2655 25).
2972 2584 3068 2641 Est
3090 2588 3231 2643 enim
3261 2604 3439 2646 sermo
3460 2593 3551 2651 Dei

1967 2658 2305 2716 adversarius
2334 2671 2453 2720 tuus
2476 2708 2492 2730 ,
2521 2669 2771 2736 quamdiu
2816 2688 2939 2729 cum
2970 2676 3064 2731 illo
3101 2694 3208 2733 non
3234 2683 3551 2739 concordas.

1967 2749 2274 2809 Concordes
2302 2765 2479 2813 autem
2504 2800 2520 2826 ,
2553 2775 2674 2816 cum
2719 2767 2944 2834 coeperit
2986 2776 3039 2823 te
3074 2770 3343 2829 delectare
3378 2774 3552 2833 facere

1968 2846 2109 2914 quod
2139 2847 2266 2905 dicit
2303 2864 2484 2906 sermo
2523 2853 2635 2909 Dei.
2674 2855 2793 2910 Jam
2829 2859 2919 2927 qui
2958 2871 3072 2917 erat
3108 2862 3466 2933 adversarius,
3496 2867 3553 2931 ﬁt

1967 2940 2170 2994 amicus
2199 2958 2213 2993 :
2246 2942 2322 2996 sic
2344 2983 2358 3005 ,
2385 2942 2531 2998 ﬁnita
2561 2946 2642 2999 via
2668 2988 2684 3013 ,
2718 2963 2823 3004 non
2850 2951 2953 3005 erit
2978 2954 3067 3022 qni
3095 2954 3266 3011 tradat
3294 2964 3345 3012 te
3365 2958 3553 3028 judici.

1970 3029 2110 3100 Ergo
2131 3041 2336 3102 propter
2355 3033 2514 3105 legem
2542 3046 2683 3091 tuam
2710 3041 2923 3095 sustinui
2953 3052 3019 3109 te,
3052 3043 3303 3111 Domine;
3328 3050 3451 3118 quia
3475 3050 3555 3107 di-

1965 3130 2157 3191 gnatus
2179 3138 2239 3178 es
2260 3124 2430 3194 legem
2460 3127 2838 3185 misericordiae
2863 3132 3055 3189 all'erre
3075 3174 3093 3201 ,
3130 3138 3260 3192 mihi
3288 3138 3557 3199 dimittere

1966 3213 2143 3266 omnia
2184 3224 2397 3282 peccata
2427 3232 2543 3271 mea
2566 3259 2579 3281 ,
2609 3218 2738 3274 dare
2769 3221 2899 3275 mihi
2940 3224 3008 3279 de
3034 3235 3231 3281 caetero
3258 3232 3458 3284 monita
3488 3246 3556 3287 ns

1969 3312 2019 3357 te
2039 3304 2305 3360 oﬂ‘endam
2332 3325 2344 3360 :
2375 3308 2429 3361 in
2458 3308 2588 3378 ipsis
2613 3313 2826 3368 monitis
2853 3315 2899 3369 si
2924 3316 3050 3385 quid
3072 3317 3211 3374 forte
3233 3321 3554 3391 titubavero,

1966 3393 2158 3449 dedisti
2188 3394 2317 3449 mihi
2347 3399 2666 3465 remedium,
2696 3417 2802 3472 quo
2828 3411 2880 3459 te
2909 3420 3082 3472 orem,
3112 3408 3318 3477 dicens,
3349 3409 3556 3469 Dimitte

1966 3484 2107 3537 nobis
2132 3484 2299 3539 debita
2341 3498 2513 3543 nostra
2535 3530 2550 3555 ,
2582 3492 2712 3546 sicut
2739 3502 2787 3547 et
2811 3510 2903 3549 nos
2931 3496 3230 3552 dimittimus
3253 3499 3556 3559 debitoribus

1966 3580 2149 3632 nostris
2183 3576 2303 3650 (Id.
2332 3595 2387 3635 γι
2409 3621 2425 3649 ,
2457 3582 2579 3653 12).
2624 3584 2774 3641 lianc
2818 3586 2991 3658 legem
3035 3592 3267 3647 statuisti
3305 3594 3472 3661 mihi,
3501 3604 3557 3653 ut

1965 3670 2234 3739 quomodo
2262 3671 2472 3729 dimitto
2493 3715 2509 3740 ,
2542 3675 2839 3733 dimittatur
2879 3680 3031 3735 mihi.
3067 3680 3286 3753 Propter
3314 3683 3453 3741 hanc
3479 3686 3557 3741 le-

1966 3778 2078 3833 gem
2114 3764 2331 3817 sustinui
2361 3775 2409 3819 te
2429 3806 2445 3832 ,
2479 3764 2713 3823 Domine.
2764 3769 3085 3839 Exspectavi
3133 3775 3346 3843 quando
3376 3776 3558 3835 venias

1967 3864 2021 3908 et
2046 3854 2240 3910 liberes
2265 3856 2334 3911 ab
2372 3860 2517 3913 omni
2544 3860 2864 3915 necessitate
2889 3901 2905 3926 ,
2932 3863 3056 3931 quia
3088 3864 3143 3918 in
3169 3865 3283 3934 ipsa
3320 3867 3557 3924 necessi-

1969 3952 2078 3999 tate
2106 3960 2213 4000 non
2241 3946 2522 4003 deseruisti
2550 3949 2720 4019 legem
2750 3951 3151 4008 misericordiae.

2048 4038 2102 4092 4.
2143 4038 2278 4094 Audi
2309 4054 2468 4110 quam
2496 4041 2665 4111 legem
2695 4042 2873 4110 dicat,
2906 4044 2949 4099 si
2982 4045 3217 4102 nondum
3254 4048 3558 4107 intellexisti

1971 4130 2093 4199 quia
2122 4130 2296 4201 legem
2327 4131 2488 4186 modo
2531 4132 2660 4187 dicit
2687 4134 2997 4201 eharitatis;
3039 4137 3163 4191 audi
3194 4140 3507 4207 Apostolum
3542 4158 3557 4196 :

1971 4222 2191 4277 Invicem
2230 4239 2384 4277 onera
2428 4233 2590 4278 vestra
2634 4235 2830 4293 portate
2850 4267 2866 4291 ,
2911 4237 2959 4281 et
3001 4228 3074 4282 sic
3101 4230 3372 4298 implebitis
3399 4231 3557 4301 legent

1971 4312 2175 4367 Christi.
2196 4313 2295 4381 Qui
2319 4322 2531 4383 portant
2551 4315 2774 4371 invicem
2804 4331 2965 4374 onera
2988 4334 3105 4384 sua,
3125 4321 3224 4377 nisi
3250 4323 3338 4391 qui
3362 4321 3559 4378 habent

1971 4406 2327 4459 chauitatcm?
2357 4406 2457 4475 Qui
2486 4423 2594 4463 non
2623 4408 2821 4465 habent
2846 4409 3184 4479 charitatem,
3214 4428 3406 4483 graves
3434 4422 3560 4471 sunt

1969 4497 2105 4562 sibi;
2132 4498 2221 4566 qui
2251 4507 2429 4553 autem
2459 4498 2655 4554 habent
2682 4498 3016 4567 charitatem,
3048 4510 3264 4571 portant
3287 4517 3367 4559 se.
3399 4501 3561 4561 Laesit

1972 4596 2023 4642 te
2048 4588 2242 4658 aliquis
2265 4630 2280 4654 ,
2310 4591 2439 4659 petit
2466 4590 2675 4645 veniam
2706 4611 2719 4645 :
2752 4591 2797 4646 si
2825 4605 2929 4645 non
2955 4592 3182 4649 dimittis
3202 4635 3216 4660 ,
3246 4609 3356 4650 non
3382 4603 3562 4664 portas

1969 4694 2109 4735 Onus
2136 4680 2314 4736 fratris
2343 4682 2456 4747 tui;
2499 4683 2543 4738 si
2589 4682 2846 4747 dimittis,
2876 4694 3059 4753 portas
3098 4686 3388 4743 infirmum.
3420 4689 3485 4744 Et
3507 4697 3562 4748 tu

1972 4770 2017 4825 si
2035 4770 2169 4827 forte
2187 4772 2237 4825 in
2260 4772 2492 4843 aliquam
2518 4772 2883 4829 infirmitatem
2903 4776 3185 4843 cecideris,
3205 4778 3353 4847 quasi
3377 4777 3559 4846 homo,

1973 4875 2179 4934 oportet
2204 4875 2262 4920 ut
2298 4865 2375 4920 sic
2406 4873 2456 4919 te
2492 4874 2667 4934 portet
2694 4874 2748 4920 et
2778 4866 2866 4921 ille
2885 4907 2901 4934 ,
2929 4869 3373 4937 quemadmodum
3398 4878 3451 4924 et
3482 4878 3559 4926 tu.

1972 4957 2111 5012 Audi
2151 4957 2277 5026 quid
2325 4958 2661 5026 praecesserit
2700 4973 2714 5011 :
2761 4957 2973 5015 Fratres
2996 5001 3011 5024 ,
3045 4963 3251 5032 inquit,
3283 4963 3326 5016 si
3365 4978 3560 5031 prlece-

1973 5058 2184 5119 cupatus
2228 5049 2377 5119 fuerit
2415 5050 2565 5104 homo
2608 5050 2662 5104 in
2712 5052 2882 5122 aliqua
2934 5052 3145 5118 delicto,
3200 5070 3286 5108 vos
3329 5054 3415 5125 qui
3455 5057 3561 5125 spi-

1972 5140 2183 5193 rituales
2204 5140 2341 5206 estis,
2370 5140 2603 5196 instruite
2627 5142 2916 5213 hujusmodi
2944 5144 2999 5196 in
3024 5144 3202 5213 spiritu
3230 5145 3463 5201 lenitatis.
3494 5146 3563 5204 Et

1975 5248 2043 5288 ne
2070 5231 2203 5287 forte
2222 5234 2345 5304 quia
2373 5233 2678 5304 spirituales
2722 5243 3038 5299 monuerat,
3069 5234 3231 5290 veluti
3256 5238 3430 5292 securi
3461 5238 3562 5293 sibi

1974 5323 2314 5393 viderentur,
2364 5326 2616 5381 continuo
2662 5325 2885 5393 subjecit
2929 5341 2946 5379 :
2994 5324 3268 5382 lntendens
3311 5329 3560 5399 teipsum,

1976 5434 2039 5472 ne
2063 5426 2109 5471 et
2138 5428 2191 5471 tu
2220 5418 2441 5472 tenteris.
2475 5416 2677 5471 Deinde
2705 5416 2847 5485 quod
2876 5419 3313 5488 commemoravi,
3341 5419 3562 5488 subjun-

1974 5510 2088 5576 xit,
2119 5510 2259 5565 Alter
2283 5510 2487 5564 alterius
2509 5508 2663 5563 oner'a
2690 5518 2886 5578 portate
2911 5550 2925 5571 ,
2955 5518 3001 5563 et
3026 5510 3098 5564 sic
3126 5510 3463 5580 adimplebitis
3485 5511 3560 5565 le-

1974 5619 2088 5675 gem
2114 5601 2299 5657 Christi
2330 5599 2532 5672 (Galat.
2559 5615 2631 5667 vt,
2666 5601 2719 5666 l,
2746 5599 2813 5671 Ξ)
2848 5618 2860 5654 :
2893 5600 3036 5655 unde
3062 5600 3209 5666 dicit,
3239 5600 3459 5673 Propter
3487 5603 3563 5658 le-

1976 5711 2090 5768 gem
2116 5704 2253 5748 tuam
2277 5693 2494 5747 sustinui
2520 5701 2585 5759 te,
2617 5692 2854 5746 Domine.
2880 5692 3135 5747 Dicuntur
3155 5693 3325 5760 cervi,
3352 5696 3562 5763 quando

1986 5795 2269 5850 ttanseunt
2311 5785 2446 5841 freta
2490 5788 2543 5845 in
2591 5785 2861 5868 proximas
2899 5785 3101 5859 insulas
3139 5800 3349 5873 pascua:
3372 5787 3558 5872 gratia,
