4074 6480
548 400 687 505 rosa

532 557 721 628 mapita
739 568 901 626 super
922 567 982 608 se
1007 549 1231 607 invicem
1244 561 1480 620 ponere;
1508 555 1564 603 et
1582 561 1742 614 unus,
1762 548 1851 618 qui
1875 558 1996 603 ante
2022 558 2123 613 est,

532 650 694 711 solus
712 654 892 716 portat
926 651 1087 711 caput
1128 652 1183 696 et
1223 657 1330 697 non
1362 641 1517 710 iponit
1545 655 1706 711 super
1733 641 1957 696 alterum
1992 659 2005 694 :
2035 642 2129 695 sed

530 754 668 797 reum
694 745 747 792 et
775 736 889 804 ipse
929 732 1185 793 defecerit
1208 773 1223 796 ,
1255 732 1476 787 tollit‘se
1504 731 1580 785 ab
1598 732 1872 786 anteriore
1904 740 2051 801 parte
2076 740 2132 787 et

548 833 687 895 redit
711 830 996 901 posterius,
1025 836 1083 882 ut
1111 836 1165 882 et
1184 828 1383 897 ipsein
1411 827 1577 881 altero
1604 828 1901 895 requiescat
1931 844 1942 879 :
1972 834 2026 881 et
2052 827 2129 882 sic

532 902 759 993 portant
782 936 973 977 omnes
999 934 1162 975 onera
1191 934 1283 973 sua
1308 960 1322 983 ,
1347 927 1400 973 et
1428 919 1742 989 perveniunt
1769 918 1834 973 ad
1871 920 2009 989 quod
2037 918 2131 974 de-

526 1016 811 1079 ,siderant;
841 1022 903 1068 et
921 1028 1026 1071 non
1055 1011 1327 1081 patiuntur
1347 1011 1698 1080 naufragium,
1722 1012 1842 1081 quia
1864 1014 2014 1082 quasi
2036 1028 2127 1068 na-

536 1106 617 1161 vis
641 1114 723 1161 est
747 1106 852 1161 illis
873 1104 1125 1161 cbaritas.
1152 1104 1331 1173 Itaque
1356 1103 1588 1157 Charitas
1614 1111 1791 1173 portat
1815 1106 2006 1169 Onera;
2032 1105 2127 1160 sed

538 1214 643 1257 non
678 1199 862 1254 timeat
891 1213 959 1253 ne
986 1206 1260 1267 prematur
1287 1196 1481 1250 talibus
1510 1197 1763 1251 oneribus
1797 1214 1811 1250 :
1845 1206 1909 1251 ne
1935 1210 2126 1265 pecca-

526 1272 605 1363 tis;
630 1294 743 1348 suis
766 1293 1129 1362 unusquisque
1150 1299 1445 1361 prematur,
1474 1290 1729 1345 attendat.
1757 1289 1888 1344 Nam
1914 1290 2125 1359 quando

528 1396 718 1455 .portas
746 1385 1106 1440 infirmitatem
1135 1383 1314 1438 fratris
1336 1384 1432 1449 tu‘i,
1459 1396 1565 1437 non
1586 1392 1644 1437 te
1666 1391 1889 1437 onerant
1912 1391 2125 1450 peccata

538 1480 724 1549 ipsius.
756 1478 921 1533 Plane
949 1478 994 1531 si
1028 1476 1355 1539 consentias,
1382 1476 1490 1545 jam
1520 1486 1605 1528 tua
1642 1486 1692 1530 te
1716 1474 1989 1543 premunt.
2019 1476 2122 1529 non

531 1573 776 1627 alterius.
794 1571 1047 1641 Quisquis
1060 1570 1202 1624 enim
1224 1570 1557 1624 consenserit
1572 1568 1856 1637 peccaturi,
1878 1583 1981 1621 non
1998 1568 2125 1621 alie-

532 1675 617 1721 uls
637 1706 652 1728 ,
683 1665 775 1719 sed
804 1665 915 1718 suis
940 1672 1209 1733 gravatur.
1238 1660 1532 1715 Cousensio
1572 1662 1712 1714 enim
1743 1661 1807 1715 ad
1848 1662 2123 1730 peccatum

526 1759 771 1821 alterius,
807 1765 953 1813 tuum
976 1755 1035 1809 tit
1064 1763 1373 1825 peccatum;
1407 1764 1459 1807 et
1487 1768 1591 1807 non
1622 1764 1705 1807 est
1732 1768 1898 1823 quare
1923 1769 2119 1823 quera-

522 1852 606 1913 ris
625 1849 766 1920 quod
794 1860 1010 1920 peccata
1038 1849 1207 1903 aliena
1234 1857 1285 1902 te
1315 1856 1578 1916 premant.
1606 1848 1809 1901 Dicitur
1828 1849 1968 1902 cnim
1990 1848 2118 1904 tibi:

524 1942 781 2001 Premunt
809 1950 890 2007 te,
920 1940 1012 1996 sed
1043 1949 1151 1993 tua.
1176 1939 1367 1992 Vidisti
1397 1941 1585 2001 furem,
1606 1940 1887 1993 cucurristi
1906 1955 2025 1993 cum
2054 1948 2119 1995 eo

526 2032 713 2100 (Psal.
744 2048 886 2095 xux,
908 2030 1031 2102 i8).
1060 2030 1197 2098 Quid
1226 2040 1307 2084 est
1333 2030 1473 2085 hoc?
1502 2031 1732 2086 Pedibus
1753 2032 2029 2085 ambulasti
2052 2033 2119 2087 ad

529 2124 764 2188 furtum;
794 2123 901 2178 imo
943 2133 1122 2177 mente
1159 2122 1482 2191 conjunxisti
1516 2133 1564 2177 te
1602 2122 1702 2176 l‘uri
1737 2141 1750 2175 :
1784 2124 1922 2193 quod
1954 2126 2118 2194 ipsius

460 2284 476 2289 ε
524 2217 699 2277 solum
724 2224 857 2277 erat.
887 2214 1084 2270 factum
1104 2224 1190 2269 est
1213 2223 1397 2279 tuum;
1427 2215 1548 2284 quia
1576 2215 1775 2283 placuit
1802 2216 1914 2269 tibi.
1944 2216 1997 2269 Si
2027 2232 2114 2269 au-

522 2316 631 2363 tem
655 2308 991 2377 displicuerit
1015 2308 1130 2373 tibi,
1155 2315 1210 2361 et
1233 2307 1472 2360 oraveris
1500 2321 1597 2374 pro
1618 2323 1701 2369 eo,
1727 2317 1781 2361 et
1802 2307 2116 2375 deprecatus

525 2402 737 2461 Vettium
765 2401 1001 2465 dederis,
1030 2410 1089 2454 ut
1119 2402 1291 2469 possis
1317 2400 1494 2454 libera
1513 2398 1686 2455 fro‘nte
1711 2400 1888 2455 dicere
1916 2401 1968 2454 in
1997 2412 2118 2470 pre-

521 2494 674 2550 cibus
698 2494 821 2560 tuis,
844 2506 978 2563 quas
1004 2493 1097 2547 tibi
1124 2492 1476 2561 Jurisperitus
1499 2492 1734 2547 calestis
1760 2491 1996 2558 dictavit,
2024 2491 2117 2545 Di-

520 2588 663 2643 mitte
687 2585 1023 2640 nobis‘dobita
1047 2594 1220 2639 nostra
1243 2625 1258 2648 ,
1284 2585 1412 2637 sicut
1440 2594 1487 2636 et
1504 2588 1604 2637 nos
1634 2584 1933 2636 dimittimus
1958 2584 2113 2637 debi-

524 2676 713 2731 toribus
751 2678 969 2741 nostris;
1008 2676 1239 2730 didicisti
1284 2684 1497 2740 portare
1523 2689 1687 2729 onera
1704 2674 1891 2730 fratris
1920 2677 2026 2739 tui;
2059 2684 2115 2730 ut

519 2779 578 2825 et
600 2770 739 2824 alius
769 2774 945 2838 portet
964 2770 1017 2822 ‘si
1048 2782 1149 2838 qua
1170 2776 1307 2823 sunt
1346 2776 1464 2833 tua,
1492 2775 1547 2821 et
1588 2768 1678 2821 tiat
1706 2769 1756 2821 in
1786 2767 1935 2821 vobis
1973 2767 2113 2837 quod

520 2864 595 2918 ait
623 2864 929 2931 Apostolus,
952 2857 1183 2914 Invicem
1217 2876 1370 2915 onera
1400 2869 1559 2913 vestra
1585 2868 1779 2929 portate
1800 2902 1814 2926 ,
1848 2869 1893 2913 et
1922 2860 1993 2913 sic
2017 2860 2114 2912 im-

522 2954 721 3024 plebitis
760 2956 919 3025 legem
944 2952 1153 3009 Christi.
1184 2955 1258 3009 lta
1302 2967 1524 3009 securus
1561 2963 1744 3007 cantas
1773 2952 1913 3022 quod
1954 2952 2111 3007 modo

520 3046 845 3113 dictumcst,
878 3046 1095 3116 Propter
1118 3046 1273 3115 legem
1302 3055 1438 3097 tuam
1468 3044 1681 3098 sustinui
1708 3054 1774 3109 te,
1805 3044 2034 3097 Domine.

518 3186 525 3189 .
588 3139 641 3191 ὃ.
690 3139 838 3192 Hanc
862 3147 1040 3192 autem
1071 3137 1241 3206 legent
1271 3136 1360 3203 qui
1394 3149 1495 3188 non
1525 3143 1724 3197 servat,
1755 3149 1854 3188 nec
1880 3136 2111 3191 sustinet

516 3228 849 3293 Dominum;
890 3242 1021 3295 nec,
1061 3228 1107 3281 si
1129 3227 1256 3280 velit
1302 3226 1587 3291 sustinere,
1619 3239 1777 3278 causa
1817 3234 1897 3279 est
1942 3241 2107 3296 quare

516 3321 805 3385 sustineat;
832 3318 1061 3372 inaniter
1086 3318 1334 3372 sustinet.
1357 3316 1624 3371 Venturus
1652 3327 1734 3369 est
1757 3316 1897 3371 enim
1924 3318 2105 3391 Domi-

514 3424 636 3480 nus,
668 3422 722 3467 et
752 3414 1063 3468 inventurus
1084 3420 1303 3480 peccata
1334 3420 1421 3463 tua
1447 3427 1461 3472 ;
1494 3409 1634 3478 quod
1665 3410 1898 3478 perfecta
1928 3420 2104 3466 autem

514 3506 717 3576 juStitia
734 3505 931 3570 vixisti,
961 3518 1066 3557 non
1095 3503 1429 3557 inventurus.
1464 3502 1759 3556 Homicidia
1783 3502 1938 3565 forte,
1982 3519 2104 3573 gra-

514 3599 598 3652 via
621 3600 745 3651 Sunt
761 3598 905 3651 enim
934 3605 987 3649 et
1025 3595 1180 3649 valde
1204 3596 1429 3664 majora,
1476 3610 1580 3648 non
1632 3603 1714 3648 est
1758 3596 2100 3661 inventurus;

513 3688 836 3743 adulterium
867 3702 973 3741 non
1002 3695 1085 3742 est
1116 3686 1461 3749 inventurus,
1497 3683 1634 3739 furta
1665 3700 1770 3739 non
1803 3696 1883 3739 est
1912 3686 2101 3742 inven-

513 3790 683 3845 turus,
716 3782 953 3850 rapinam
983 3795 1087 3834 non
1115 3790 1198 3834 est
1228 3781 1559 3843 inventurus,
1609 3779 1864 3833 maleficia
1890 3795 1994 3833 non
2022 3790 2103 3836 est

516 3870 850 3938 inventurus,
866 3872 1366 3926 ‘idololatriam’non
1388 3880 1469 3924 e‘st
1494 3872 1803 3924 inventurus
1833 3875 1871 3938 ¹;
1893 3888 1994 3926 non
2020 3881 2102 3927 est

508 3966 609 4021 ista
640 3967 969 4020 inventurus.
999 3962 1143 4019 Nihil
1170 3980 1301 4035 ergo
1333 3972 1415 4018 est
1442 3965 1791 4019 inventurus?
1822 3966 1957 4019 Audi
1980 3982 2099 4020 scr-

507 4070 721 4113 monem
752 4058 1020 4127 Evangelii
1053 4075 1066 4109 :
1098 4056 1195 4121 Qui
1235 4055 1421 4109 dixerit
1461 4054 1607 4124 fratri
1634 4071 1745 4121 suo,
1791 4054 1976 4109 Fatue.
2019 4057 2100 4111 Ab

508 4151 626 4205 istis
648 4149 809 4205 etiam
840 4148 1085 4218 peccatis
1116 4149 1308 4215 linguae
1357 4146 1729 4199 minutissimis
1774 4147 1892 4215 Quis
1935 4146 2099 4200 absti-

508 4245 643 4299 net?
672 4243 779 4298 Sed
800 4242 947 4297 "forte
980 4241 1131 4305 dicis,
1168 4241 1334 4294 Parva
1376 4246 1523 4293 sunt.
1568 4236 1702 4291 Reus
1753 4239 1867 4305 erit,
1905 4239 2094 4308 inquit,

508 4338 748 4407 gehenno:
766 4334 1129 4407 ignis(Matth.
1156 4332 1345 4401 v,‘2‘2).
1375 4330 1430 4385 Si
1462 4345 1678 4400 parvum
1703 4330 1795 4384 tibi
1822 4330 2099 4385 videbatur

507 4439 597 4485 aut
627 4429 913 4493 modicum,
946 4427 1092 4481 fratri
1122 4427 1321 4487 dicere,
1355 4422 1539 4485 Fatue,
1571 4424 1656 4477 vel
1682 4423 1927 4492 gelienna
1956 4423 2093 4493 ignis

507 4506 750 4579 videaitur
766 4520 871 4576 tibi
903 4528 1092 4590 magna
1122 4520 1211 4573 :‘si
1259 4517 1639 4573 contemnehas
1682 4518 1858 4572 minus
1902 4534 2090 4587 pecca-

508 4618 642 4679 tum,
684 4616 771 4670 vel
810 4614 986 4684 'preua:
1035 4612 1396 4683 magnitudine
1426 4610 1721 4664 deterrere.
1765 4609 1871 4664 Sed
1915 4610 2045 4666 dicis
2079 4628 2094 4665 :

506 4707 708 4765 Minora
744 4707 901 4773 ‘s'nnt,
940 4706 1150 4761 'minuta
1196 4712 1339 4771 sunt,
1391 4704 1507 4757 sine
1557 4703 1749 4772 quibus
1785 4718 1889 4757 non
1920 4713 2097 4773 potest

508 4817 628 4859 esse
657 4801 755 4857 ista
784 4798 914 4855 vita.
940 4798 1182 4869 Congere
1222 4798 1447 4863 minuta,
1483 4806 1537 4851 et
1584 4795 1785 4850 faciunt
1826 4796 2095 4866 ingentem

507 4909 779 4952 acervum.
808 4890 942 4948 Nam
974 4899 1027 4947 et
1055 4900 1216 4961 grana
1244 4891 1441 4943 minuta
1469 4897 1611 4953 sunt,
1657 4899 1711 4942 et
1738 4898 1911 4944 tamen
1951 4905 2095 4945 mas-

506 5002 621 5049 sam
652 4987 888 5044 faciant:
917 4986 971 5040 ct
998 4993 1161 5055 gutta:
1206 4985 1423 5036 minuta:
1451 4990 1591 5045 sunt,
1642 4990 1696 5036 et
1738 4982 1955 5035 ﬂumina
1989 4984 2093 5036 im-

510 5080 681 5154 plent,
726 5084 794 5135 ‘et
846 5079 1015 5134 moles
1044 5076 1281 5131 trahunt.
1346 5074 1472 5130 Ideo
1516 5084 1568 5129 et
1617 5075 1705 5127 ille
1749 5074 2093 5130 considerans

506 5176 664 5247 quam
704 5170 877 5229 inulta
925 5171 1126 5227 minuta
1171 5174 1391 5241 peccata
1436 5167 1741 5240 quotidiana
1797 5170 2095 5224 committat

569 5396 585 5425 ι
614 5399 661 5443 tn
700 5399 747 5441 Β.
785 5392 856 5442 sic
890 5390 1105 5454 legitur:
1149 5406 1172 5435 (ι
1203 5395 1445 5454 Venturos
1483 5393 1560 5436 est
1592 5387 1719 5454 enim
1756 5387 2015 5454 nominas,
2044 5395 2095 5454 et

510 5472 535 5504 ι
556 5457 843 5505 inventurus
866 5447 1056 5515 peccata
1075 5458 1173 5501 tua.
1191 5452 1318 5515 Quod
1348 5458 1511 5515 autem
1532 5447 1745 5509 perfecta
1765 5447 1947 5515 justitia
1970 5450 2095 5515 vial-

510 5535 536 5564 «
557 5520 639 5577 sti,
665 5530 760 5567 non
786 5511 1170 5566 est'inveuturus
1191 5512 1439 5561 homicidia
1464 5513 1610 5577 l'orte.
1645 5511 1809 5577 gravia
1827 5516 1941 5559 sunt
1965 5512 2093 5561 enim

512 5597 535 5638 ς
563 5588 613 5628 et
627 5572 776 5632 'valde
800 5578 994 5638 majora.
1028 5585 1123 5623 non
1149 5581 1223 5623 est
1246 5580 1533 5638 inventurus
1556 5572 1862 5638 adulterium,
1888 5586 1982 5620 non
2018 5583 2095 5625 est

512 5635 1021 5691 sinventurust’urta,
1066 5649 1159 5684 non
1184 5643 1259 5683 est
1281 5635 1565 5684 inventurus
1610 5636 1837 5695 ratinam,
1884 5647 1977 5683 non
2020 5645 2095 5686 est

511 5721 537 5750 α
560 5706 849 5754 inventurus
884 5698 1143 5755 maleﬁcia,
1187 5710 1282 5745 non
1325 5705 1401 5746 est
1436 5699 1729 5746 inventums
1765 5696 2093 5754 idololatriam.

514 5783 539 5814 ι
558 5780 654 5816 non
681 5772 756 5816 est
779 5766 867 5813 ista
891 5764 1177 5813 inventurus
1202 5775 1214 5809 :
1242 5760 1357 5808 nihil
1386 5774 1503 5821 ergo
1528 5768 1601 5809 est
1628 5758 1939 5808 inventurus?
1980 5760 2096 5809 Audi

511 5846 536 5875 ι
559 5839 835 5877 sermonem
862 5821 1130 5883 Evangelii,
1151 5837 1173 5865 ν
1208 5828 1302 5870 etc.
1347 5829 1475 5871 nunc
1501 5822 1652 5870 locum
1697 5822 1993 5871 restituiuius
2031 5835 2093 5871 ex

507 5897 588 5950 us.
623 5889 753 5943 Colb.
776 5895 892 5951 Reg.
914 5887 1011 5937 Bib.
1038 5884 1337 5947 Parisiensis,
1366 5885 1478 5935 1981
1507 5892 1775 5943 numerato.
1871 5890 1927 5935 Μ.

1781 434 1841 491 S.
1884 434 2241 493 AUGUSTINI
2282 435 2577 493 EPISCOPI

3683 449 3828 509 1700

2236 550 2416 614 homo,
2448 551 2490 603 si
2520 551 2646 605 nihil
2675 552 2835 617 aliud,
2864 555 2948 610 vel
2977 566 3073 626 per
3090 554 3443 628 cogitationes
3473 568 3526 617 et
3552 560 3819 635 linguam,

2226 644 2457 697 attendit
2499 656 2657 714 quam
2714 645 2879 700 multa
2908 648 3055 713 sint;
3098 659 3154 704 et
3180 650 3223 704 si
3262 652 3487 707 attendit
3507 669 3670 724 quam
3710 660 3823 715 mi-

2226 738 2361 789 nuta
2390 736 2515 801 sint,
2546 736 2689 792 videt
2729 740 3010 807 permulta
3032 740 3229 796 minuta
3264 744 3380 799 lleri
3419 759 3667 802 acervum
3702 764 3825 806 ma-

2226 826 2431 896 gnum;
2475 838 2528 882 et
2569 844 2673 883 non
2704 831 2850 899 quasi
2882 842 3095 901 peccata
3138 848 3233 887 sua
3274 834 3507 903 pristina
3555 840 3821 910 cogitans,

2224 920 2327 975 sed
2375 921 2539 988 ipsam
2588 921 2934 991 fragilitatem
2991 922 3298 991 humanam,
3342 926 3452 997 jam
3516 933 3820 989 ascendens

2232 1012 2469 1066 clamat:
2501 1011 2579 1065 De
2622 1014 2887 1082 profundis
2924 1014 3138 1069 clamavi
3164 1017 3232 1069 ad
3283 1026 3347 1083 te,
3395 1018 3654 1087 Domine;
3702 1023 3817 1079 Do-

2231 1104 2381 1166 mine,
2406 1105 2590 1157 etmudi
2619 1120 2786 1159 vocem
2814 1102 2995 1160 meum.
3028 1106 3187 1161 Fiant
3208 1112 3358 1164 mtres
3383 1120 3484 1164 tute
3507 1113 3821 1171 intendente:

2216 1192 2283 1249 in
2308 1212 2472 1250 vorem
2497 1197 2859 1267 deprecationis
2887 1194 3028 1254 meae.
3080 1200 3142 1255 Si
3160 1201 3453 1271 iniquitates
3480 1204 3823 1264 observaveris

2219 1287 2485 1352 Domine;
2512 1282 2748 1357 Domine,
2778 1306 2889 1359 quis
2919 1292 3181 1346 sustinebit
3200 1293 3228 1346 ?
3262 1294 3441 1349 Vitare
3470 1310 3688 1364 possum
3721 1298 3824 1355 ho-

2218 1386 2463 1451 ‘micldia,
2487 1386 2764 1451 adulteria,
2797 1388 3029 1456 rapinas,
3070 1387 3323 1457 periuria,
3348 1390 3647 1453 maleﬁcia,
3701 1393 3823 1448 ido-

2216 1477 2489 1531 'lola’triam
2516 1495 2529 1542 ;
2582 1479 2835 1549 numquid
2862 1474 2915 1533 et
2943 1490 3159 1549 peccata
3178 1481 3426 1551 linguae?
3470 1484 3731 1553 numquid
3763 1493 3822 1540 et

2214 1568 2444 1639 "pece‘ata
2470 1572 2688 1625 cordis?
2713 1570 2981 1642 Scripttnn
3003 1582 3083 1626 est
3115 1590 3129 1627 :
3160 1571 3434 1627 Peccatum
3471 1576 3717 1645 iniquitas
3746 1587 3819 1633 est

2214 1661 2271 1729 ‘(l
2298 1661 2452 1715 Ican.
2486 1674 2562 1725 m,
2589 1663 2666 1731 Α).
2712 1663 2836 1729 Quis
2873 1679 3002 1732 ergo
3028 1654 3307 1731 sustinebit,
3354 1667 3398 1719 si
3426 1675 3487 1719 tu
3530 1669 3819 1737 iniquitates

2227 1754 2558 1806 observaveris
2583 1754 2609 1806 Ρ
2657 1754 2703 1807 si
2736 1754 3010 1808 nobiscum
3059 1762 3275 1809 severus
3306 1744 3475 1825 'judex
3512 1774 3671 1828 agere
3716 1775 3817 1815 vo-

2226 1842 2408 1909 lueris,
2453 1859 2556 1898 non
2586 1845 2887 1900 misericors
2906 1851 3087 1915 'pater,
3119 1850 3236 1917 quis
3264 1849 3428 1903 stabit
3451 1857 3573 1905 ante
3622 1852 3813 1907 oculos

2226 1937 2379 1990 tuos?
2405 1937 2509 1991 Sed
2539 1939 2774 2007 θείην)υά
2800 1948 2846 1992 te
2873 1940 3163 2008 propitiatio
3191 1956 3212 2004 ;
3253 1951 3459 2011 γνωριεῖ
3486 1944 3638 2013 legem
3671 1955 3817 1999 luant

2222 2031 2436 2083 sustinui
2465 2041 2527 2096 te,
2557 2030 2792 2085 Domine.
2820 2032 3000 2099 Qualis
3024 2042 3105 2087 est
3134 2033 3217 2086 le'x
3244 2034 3388 2087 ista?
3414 2034 3639 2090 ‘Inricem
3663 2054 3816 2091 onera

2216 2130 2383 2177 vestra
2413 2126 2626 2193 perlate,
2661 2134 2706 2177 et
2732 2125 2804 2177 sic
2830 2123 3101 2194 implebitis
3128 2126 3285 2197 legem
3315 2126 3519 2180 Christi.
3550 2127 3651 2194 Qui
3687 2144 3815 2198 por-

2221 2222 2336 2268 tant
2363 2216 2589 2269 invicem
2620 2230 2783 2269 oncra
2813 2216 3075 2283 sua?'Qui
3103 2215 3331 2270 lideliter
3356 2217 3555 2281 dicunt,
3590 2218 3807 2273 Dimitte

2212 2308 2363 2360 nobis
2384 2307 2547 2361 debita
2568 2312 2759 2375 uestra,
2808 2307 2935 2361 sicut
2977 2318 3023 2361 et
3053 2323 3142 2361 nos
3174 2308 3470 2362 ltiinittinius
3505 2311 3812 2366 debitoribus

2220 2400 2426 2458 nostris.

2291 2494 2344 2549 6.
2378 2494 2631 2551 Sustinuit
2656 2495 2962 2549 anima‘mea
2987 2496 3039 2549 in
3069 2495 3454 2549 uerbum‘tuum.
3498 2495 3667 2550 Nemo
3689 2512 3811 2551 sus-

2212 2588 2378 2653 tinet,
2425 2588 2524 2641 nisi
2547 2589 2634 2657 qui
2670 2588 2901 2641 nondUm
2928 2588 3300 2658 accep‘it‘quod
3336 2589 3654 2658 promissum
3687 2599 3809 2645 est:

2220 2694 2341 2732 nam
2382 2679 2598 2748 quijam
2630 2680 2854 2748 accepit,
2897 2679 3023 2749 quid
3065 2679 3328 2733 sustinet?
3375 2680 3694 2749 Accepimus
3726 2697 3811 2733 re-

2218 2772 2527 2826 missionem
2574 2779 2955 2841 peccatorum;
3006 2772 3101 2825 sed
3148 2772 3468 2840 promissum
3522 2782 3604 2827 est
3656 2773 3811 2828 nobis

2218 2880 2439 2933 regnum
2483 2866 2739 2920 ctelorum
2775 2882 2789 2917 :
2819 2864 2993 2920 debita
3042 2872 3224 2920 nostra
3276 2865 3450 2921 deleta
3487 2875 3651 2929 sunt;
3714 2866 3807 2921 sed

2216 2970 2423 3009 merces
2445 2966 2624 3010 nostra
2655 2956 2828 3009 adhuc
2866 2955 3039 3009 futura
3068 2950 3149 3010 est
3183 2974 3196 3009 :
3226 2959 3527 3026 accepimus
3556 2959 3804 3024 veniam;

2217 3048 2308 3102 sed
2336 3058 2591 3102 aeternam
2621 3049 2779 3101 vitam
2806 3042 3038 3102 nondllm
3089 3056 3349 3102 tenemus.
3402 3049 3510 3110 Sed
3539 3052 3627 3120 qui
3658 3050 3806 3105 dedit

2214 3140 2446 3206 veniam,
2481 3140 2864 3209 ipse'promisit
2901 3148 2954 3193 et
2975 3140 3134 3193 vitam
3164 3144 3439 3194 :eter'nam.
3494 3140 3551 3195 Si
3580 3142 3802 3196 verbum

2215 3238 2452 3284 nostrum
2483 3239 2644 3297 esset,
2677 3232 2991 3285 deberemus
3025 3230 3210 3284 timere
3236 3248 3249 3285 :
3276 3231 3397 3299 quia
3445 3232 3664 3285 verbum
3712 3231 3803 3287 Dei

2213 3334 2315 3389 est,
2348 3339 2451 3377 non
2483 3324 2637 3379 fallit.
2663 3324 2846 3378 Securi
2876 3338 3002 3393 ergo
3026 3336 3303 3392 speramus
3345 3325 3395 3377 in
3421 3326 3642 3377 verbum
3686 3325 3804 3393 ejus

2211 3416 2299 3484 qui
2330 3415 2511 3469 fallere
2540 3431 2643 3469 non
2676 3425 2869 3484 potest.
2917 3416 3149 3484 Speravit
3170 3415 3342 3468 anima
3369 3431 3479 3469 mea
3520 3416 3571 3469 in
3615 3415 3803 3469 Domi-

2211 3522 2350 3568 num,
2382 3523 2411 3558 a
2439 3507 2610 3575 vigilia
2650 3507 2894 3559 matutina
2940 3523 3099 3575 usque
3148 3508 3214 3558 ad
3262 3518 3474 3559 nectent.
3524 3507 3663 3575 Quid
3718 3516 3802 3563 est

2209 3596 2348 3665 quod
2380 3598 2493 3649 ait?
2520 3612 2625 3651 uno
2655 3586 2743 3651 die
2777 3599 3012 3666 speravit
3037 3599 3086 3651 in
3112 3598 3425 3664 Dominum,
3460 3609 3512 3653 et
3545 3601 3690 3653 tinila
3718 3604 3801 3655 est

2209 3697 2313 3742 tota
2346 3704 2467 3757 spes
2494 3691 2657 3757 ipsius
2682 3690 2705 3742 ἲ
2750 3691 2788 3742 Α
2821 3690 2995 3759 vigilia
3023 3692 3267 3743 matutina
3296 3707 3453 3758 usque
3475 3692 3544 3743 ad
3560 3698 3793 3757 ‘noctem,

2207 3782 2421 3849 speravit
2447 3784 2495 3833 in
2530 3783 2814 3834 Dominum.
2858 3782 2969 3836 ‘lsta
3010 3783 3182 3851 vigilia
3224 3786 3501 3849 matutina,
3548 3786 3671 3840 ﬁnis
3703 3802 3800 3841 no-

2207 3873 2305 3924 ctis
2338 3882 2450 3933 est:
2479 3873 2599 3925 hinc
2624 3868 2779 3941 usque
2823 3873 2891 3925 ad
2945 3882 3137 3926 noctem
3167 3875 3383 3943 speravit
3411 3878 3581 3928 anima
3606 3894 3719 3931 mea
3744 3876 3797 3931 in

2206 3962 2498 4015 Dominum.
2545 3965 2683 4034 Ergo
2710 3964 3111 4033 intelligendum
3152 3970 3252 4029 est,
3288 3981 3356 4019 ne
3398 3974 3644 4035 putemus
3687 3985 3797 4024 uno

2205 4056 2290 4109 die
2321 4058 2472 4111 nobis
2500 4058 2817 4127 sperandum
2849 4072 2967 4112 esse
2996 4058 3045 4110 in
3076 4057 3377 4125 Dominum,
3408 4061 3452 4113 Α
3487 4061 3659 4131 vigilia
3680 4077 3801 4114 nta-

2204 4152 2365 4203 tutina
2393 4167 2547 4221 usque
2587 4152 2654 4204 art
2692 4160 2905 4206 noctem.
2932 4151 3070 4218 Quid
3118 4166 3249 4222 ergo
3280 4152 3498 4221 putatis,
3551 4154 3796 4211 fratres?

2203 4242 2316 4320 Hoc
2342 4252 2442 4308 est,
2478 4245 2517 4297 Α
2544 4246 2713 4314 vigilia
2746 4246 2992 4299 matutina
3024 4262 3177 4315 usque
3215 4246 3284 4298 ad
3319 4258 3531 4312 noctem,
3576 4251 3796 4320 speravit

2202 4318 2371 4388 anima
2403 4353 2511 4388 mea
2539 4336 2590 4389 in
2632 4336 2905 4390 Dominum
2933 4338 2949 4368 ¹
2982 4354 2995 4391 :
3023 4337 3144 4406 quia
3176 4336 3448 4393 Dominus
3496 4355 3587 4408 per
3631 4357 3791 4411 quem

2201 4427 2354 4481 nobis
2383 4427 2596 4481 dimissa
2627 4439 2750 4481 sunt
2780 4438 3016 4497 peccata,
3047 4428 3098 4481 in
3127 4428 3300 4499 vigilia
3331 4430 3588 4483 matutina
3611 4448 3793 4487 resur-

2201 4521 2337 4576 rexit
2368 4537 2394 4573 a
2429 4522 2673 4586 mortuis,
2707 4531 2764 4574 ut
2800 4521 2906 4575 hoc
2952 4526 3229 4589 Speremus
3265 4521 3317 4576 in
3363 4522 3513 4577 nobis
3554 4523 3791 4579 futurum

2200 4612 2339 4682 quod
2369 4612 2998 4691 pi'mces‘sit'iii‘Domino.
3031 4612 3147 4667 iam
3176 4612 3317 4666 enim
3338 4622 3564 4682 peccata
3604 4624 3790 4670 nostra

2200 4706 2414 4760 dimissa
2446 4714 2589 4771 sunt,
2616 4708 2709 4761 sc‘d
2736 4702 2985 4761 nondum
3008 4707 3407 4761 ‘resurreximus
3437 4726 3449 4763 :
3481 4708 3523 4763 si
3551 4710 3791 4765 nondum

2200 4802 2607 4863 resurrevimus,
2632 4800 2865 4855 nondum
2897 4801 2945 4855 lu
2977 4802 3127 4856 nobis
3153 4801 3346 4855 factum
3370 4812 3452 4857 est
3477 4804 3617 4873 quod
3650 4821 3792 4874 pra:—

2199 4893 2359 4946 ceSsit
2388 4893 2441 4945 in
2465 4893 2636 4961 capite
2663 4904 2866 4947 nostro.
2904 4892 3048 4959 Quid
3081 4894 3351 4962 praeessit
3390 4896 3441 4949 in
3471 4897 3641 4971 capite
3690 4913 3793 4952 no-

2200 4984 2354 5038 stro?
2384 4980 2514 5050 Quia
2549 4993 2601 5039 ct
2630 4986 2755 5039 ca'ro
2784 4985 2947 5054 ipsius
2970 4987 3157 5054 capitis
3200 4988 3525 5054 resurrexit;
3567 4989 3790 5059 spiritus

2200 5076 2339 5131 illius
2365 5077 2553 5147 capitis
2578 5079 2830 5147 numquid
2864 5089 3101 5137 mortuus
3128 5084 3251 5139 est?
3285 5084 3389 5140 Sed
3428 5078 3567 5153 quod
3620 5084 3673 5138 in
3719 5098 3791 5139 eo

2199 5170 2466 5223 mortuum
2508 5177 2604 5232 est,
2657 5168 2968 5227 resurrexit.
3041 5162 3353 5230 R‘esurrexit
3399 5187 3575 5231 autem
3626 5178 3786 5233 tertia

2198 5262 2321 5326 die;
2369 5271 2422 5317 et
2468 5261 2692 5332 quodam
2740 5264 2899 5319 mede
2934 5262 3047 5321 'lmc
3094 5256 3251 5323 nobis
3300 5269 3431 5323 dixit
3482 5262 3783 5323 Dominus:

2198 5354 2347 5424 Quod
2371 5355 2421 5409 in
2452 5370 2538 5409 me
2575 5346 2803 5423 vidistis,
2855 5346 3064 5427 sperate
3114 5360 3163 5415 in
3184 5346 3373 5429 vobis;
3400 5344 3463 5417 id
3498 5354 3607 5430 est,
3662 5354 3799 5433 quia.

2198 5434 2296 5520 ego
2324 5449 2610 5516 resurrexi,
2642 5446 2933 5521 resurgetis
2955 5462 3007 5507 et
3036 5470 3155 5510 vos.

2264 5528 2321 5594 τ’.
2352 5541 2455 5594 Sed
2477 5550 2597 5595 sunt
2626 5542 2713 5610 qui
2741 5541 2918 5598 dicant
2946 5532 3120 5600 {Ercc
3147 5526 3441 5602 resurrexit
3477 5532 3784 5615 3I'iominus;

2198 5633 2451 5701 numquid
2493 5643 2770 5702 propterea
2816 5626 3137 5705 sperandum
3182 5648 3265 5695 est
3304 5652 3355 5695 et
3394 5657 3482 5696 me
3513 5657 3669 5711 posse
3701 5656 3789 5697 re-

2199 5726 2456 5795 surgere?
2486 5725 2677 5795 Utique
2732 5737 3009 5798 propterea
3039 5749 3050 5785 :
3081 5731 3131 5785 in
3161 5732 3259 5786 hoc
3310 5733 3448 5786 enim
3494 5734 3787 5789 resurrexit

2264 5864 2277 5892 ι
2306 5869 2377 5909 Er.
2407 5862 2549 5932 nugtl.
2567 5870 2694 5932 χρη.
2718 5872 2764 5912 ct
2785 5871 2915 5927 l.ov.,
2940 5844 3062 5928 Quid
3096 5880 3210 5931 ergo
3232 5866 3427 5932 putatis,
3462 5867 3658 5929 fratres,
3696 5864 3791 5921 hoc

2197 5935 2318 5988 esse,
2341 5936 2371 5973 a
2392 5924 2588 5989 vigilia?
2612 5932 2705 5977 etc.
2804 5934 2858 5983 at.
