4074 6464
265 518 536 581 Dominus,
577 511 720 584 quod
757 524 788 565 a
835 517 891 567 te
921 509 1145 590 accepit.
1195 508 1314 568 Non
1353 513 1496 580 enim
1537 521 1840 583 resurgeret

264 612 360 669 nisi
405 616 644 663 mortuus
696 603 857 668 esSet,
909 619 1015 658 non
1054 613 1230 658 autem
1271 603 1512 658 mertuus
1543 613 1704 667 esset,
1739 603 1839 658 nisi

263 717 470 760 carnem
491 704 743 768 portaret.
763 695 897 762 Quid
919 697 1124 764 accepit
1148 711 1178 750 a
1208 704 1257 750 te
1284 696 1570 751 Dominus?
1590 696 1833 752 Carnem.

262 793 391 864 Quid
417 792 562 847 venit
598 789 751 860 ipse?
779 787 1012 844 Verbum
1033 789 1148 856 Dei,
1166 789 1317 859 quod
1339 799 1453 845 erat
1478 799 1601 845 ante
1636 791 1834 858 omnia,

259 895 536 963 pet-quem
562 885 698 941 facta
724 895 846 939 sunt
869 885 1068 938 omnia.
1124 883 1228 940 Sed
1268 893 1326 939 ut
1351 887 1619 953 acciperet
1651 885 1750 942 alis
1786 893 1837 939 te

257 979 477 1051 aliquid.
503 975 1103 1033 Verbum'caro‘factum
1133 985 1235 1041 est,
1278 985 1332 1030 et
1359 976 1612 1033 habitavit
1654 978 1708 1031 in
1745 991 1840 1031 no-

259 1070 539 1148 bis(‘loatt.
560 1088 604 1138 ι,
619 1073 681 1138 1-,
709 1072 764 1138 5,
790 1073 899 1141 14).
925 1071 1142 1139 Accepit
1156 1071 1250 1125 abs
1266 1080 1336 1136 te,
1354 1071 1493 1139 quod
1515 1070 1728 1126 offerret
1745 1087 1838 1141 pro

257 1171 345 1233 te;
387 1165 658 1237 quomddo
684 1166 877 1235 accipit
904 1165 1157 1219 sacerdos
1184 1180 1214 1218 a
1247 1177 1317 1228 te,
1342 1166 1482 1235 quod
1513 1182 1607 1235 pro
1632 1177 1681 1220 te
1707 1167 1837 1220 olle-

257 1257 356 1325 't'at,
371 1257 584 1330 quando
605 1259 685 1314 vis
723 1259 933 1328 placare
969 1259 1134 1314 Deum
1165 1274 1257 1328 pro
1292 1261 1522 1328 peccatis
1560 1260 1681 1313 tuis.
1720 1260 1835 1314 Jam

255 1351 446 1408 factum
470 1361 573 1414 est,
622 1351 693 1405 ita
732 1350 925 1405 factum
966 1361 1066 1404 est.
1111 1350 1372 1406 Sacerdos
1405 1360 1586 1406 noster
1613 1368 1652 1405 -a
1685 1352 1838 1405 nobis

256 1445 455 1516 lecep‘it
495 1445 638 1516 quod
667 1462 762 1515 pro
786 1441 938 1498 nobis
964 1442 1178 1499 ollerret
1200 1463 1210 1497 :
1233 1447 1440 1514 accepit
1468 1446 1606 1500 enim
1636 1462 1661 1496 a
1684 1446 1835 1500 nobis

254 1535 464 1594 carnem
485 1540 578 1605 ;’in
603 1541 716 1611 ipsa
733 1555 891 1595 carne
913 1539 1123 1594 victima
1152 1539 1320 1595 factus
1339 1549 1440 1605 est,
1457 1537 1835 1596 holocaustum

258 1632 420 1688 laetus
448 1643 552 1701 est,
597 1635 915 1689 sacriﬁcium
942 1632 1110 1688 factus
1135 1640 1244 1688 est.
1282 1635 1338 1688 In
1363 1635 1609 1702 passione
1637 1637 1838 1689 sacriﬁ-

257 1724 392 1780 cium
421 1727 589 1782 factus
608 1735 709 1792 est;
745 1729 798 1781 in
827 1729 1220 1782 resurrectione
1248 1726 1516 1784 innovavit
1543 1729 1668 1783 illud
1698 1731 1838 1799 quod

257 1816 492 1875 oéc'isum
524 1816 624 1887 est,
668 1831 720 1875 et
743 1830 990 1890 tanquam
1012 1822 1269 1891 primitias
1298 1821 1415 1877 tuas
1445 1821 1590 1877 dedit
1617 1822 1745 1889 Deo,
1786 1832 1840 1878 ct

253 1899 327 1966 bit
357 1911 449 1968 tibi
477 1932 493 1968 :
519 1913 842 1988 Consecrat'a
880 1912 1003 1969 sunt
1027 1915 1137 1984 jam
1169 1918 1345 1969 omnia
1375 1917 1481 1981 tua,
1516 1918 1728 1988 quando
1761 1929 1839 1974 ta--

253 1999 335 2058 les
360 2000 606 2073 primitia:
633 1985 711 2060 de
741 2009 792 2059 te
820 2004 956 2059 data:
993 2015 1117 2060 sunt
1150 2007 1288 2069 Deo;
1344 2023 1496 2078 spera
1545 2025 1670 2080 ergo
1696 2022 1749 2064 et
1785 2010 1838 2065 in

249 2091 564 2150 ’te‘l'utdrum
599 2096 1042 2167 qu‘od'praecessit
1072 2097 1123 2151 in
1157 2099 1399 2167 primitiis
1427 2101 1552 2155 tuis.

318 2183 378 2241 ’8.
401 2181 671 2258 Ergo‘ille
695 2189 820 2258 quia
846 2204 874 2242 a
904 2189 1077 2259 vigilia
1101 2191 1356 2245 matutina
1388 2195 1698 2259 resurrexit,
1731 2209 1840 2251 coe-

249 2273 332 2348 ίβίι
383 2273 564 2334 anima
614 2273 795 2334 nostra
851 2297 914 2335 ex
979 2282 1079 2336 hoc
1127 2297 1346 2350 sperare
1379 2301 1391 2336 :
1422 2293 1476 2339 et
1523 2285 1839 2355 quousque?

251 2365 426 2438 Usque
454 2369 508 2423 in
539 2371 777 2435 noctein;
811 2387 1089 2442 quousque
1117 2371 1426 2428 moriamur.
1471 2375 1660 2432 Omnis
1697 2379 1840 2432 enim

245 2455 604 2514 ’ittorsr‘nostra
623 2453 870 2526 carnalis,
902 2464 1050 2531 qnasi
1075 2463 1300 2518 somniis
1328 2475 1427 2520 est.
1449 2467 1682 2536 ‘Cmpisti
1714 2467 1838 2536 spe-

241 2545 374 2608 ”rare
399 2545 468 2608 ex
482 2568 588 2623 quo
605 2553 908 2609 resurrexit
936 2555 1208 2623 Dominus,
1237 2558 1343 2612 noli
1368 2558 1602 2615 deﬁcere
1619 2575 1840 2629 sperare

241 2641 538 2714 ‘q‘uousque
563 2644 947 2700 e‘xca‘s'abhac
986 2646 1113 2701 vita.
1158 2645 1291 2702 Nam
1333 2650 1379 2704 si
1407 2651 1526 2704 'non
1561 2667 1726 2722 usque
1775 2652 1842 2706 ad

251 2729 474 2792 noctem
501 2738 822 2808 Speraveris,
864 2737 1071 2796 deletur
1109 2741 1276 2797 totum
1314 2739 1455 2813 quod
1505 2743 1839 2815 s'peraveras.

241 2825 392 2885 Sunt
415 2829 559 2885 enim
599 2831 841 2888 homines
869 2835 971 2903 qui
999 2834 1275 2905 incipiunt
1319 2853 1556 2906 sperare,
1605 2840 1698 2893 sed
1736 2853 1842 2894 non

243 2916 602 3001 {perseverant
630 2920 798 2995 iisque
825 2927 890 2980 ad
913 2925 1144 2984 nectent.
1164 2921 1444 2999 ‘lncipiun‘t
1484 2933 1589 3001 pati
1623 2933 1843 2987 tribula-

241 2990 431 3078 itiones
451 3018 962 3093 aliquas,'incipiunt
985 3007 1095 3096 pati
1127 3019 1483 3094 tet-irationeg
1532 3025 1713 3084 vident
1743 3027 1842 3085 lto-

243 3101 432 3193 }Dities
463 3111 633 3193 malos
662 3127 714 3171 et
744 3111 954 3187 iniqims
982 3118 1236 3173 felicitate
1280 3120 1480 3188 pollere
1511 3123 1789 3191 temporali
1826 3140 1840 3175 :

245 3191 731 3283 lquer'iiat‘ntalia
766 3207 1052 3283 sperabant
1079 3210 1146 3266 tle
1176 3213 1420 3280 Domino,
1454 3223 1510 3268 ut
1555 3215 1639 3270 hic
1667 3227 1846 3270 essent

243 3277 462 3374 fielices,
519 3301 798 3357 attendunt
843 3320 934 3358 eos
969 3305 1056 3374 qui
1103 3293 1591 3371 seeleraiieceru'ut,
1647 3299 1846 3364 habere

240 3361 396 3464 1quod
419 3361 521 3463 ipsi
550 3393 744 3449 habere
770 3361 1180 3461 desiderabant;
1210 3405 1262 3452 et
1290 3389 1543 3452 deﬁciunt
1568 3399 1728 3469 pedes
1755 3415 1847 3455 eo-

243 3469 479 3566 'ium,‘et
499 3485 748 3542 desinunt
772 3477 1011 3558 sperare.
1056 3488 1231 3557 Quare
1257 3491 1279 3544 ?
1309 3491 1438 3560 Quia
1468 3508 1575 3546 non
1611 3508 1641 3546 a
1674 3493 1846 3566 vigilia

243 3561 519 3656 'iiizatutina
546 3590 823 3650 coeperunt
857 3579 1093 3651 Sperare.
1116 3583 1251 3649 Quid
1288 3593 1370 3638 est
1413 3584 1556 3638 hoc?
1604 3561 1849 3640 Non'hoc

253 3649 540 3744 inteperunt
567 3687 786 3741 Sperare
811 3674 878 3728 de
909 3673 1153 3741 Domino,
1184 3675 1324 3744 quod
1352 3677 1626 3746 praecessit
1651 3678 1699 3730 in
1745 3678 1848 3732 Do—

245 3745 398 3816 't'ttin0
424 3745 499 3816 ab
531 3763 618 3816 illa
649 3763 822 3833 vigilia
865 3766 1120 3818 matutina
1156 3781 1166 3816 :
1199 3766 1292 3819 sed
1333 3745 1620 3834 sperabant
1655 3767 1721 3821 de
1754 3767 1850 3823 Do-

243 3835 421 3927 .‘jtitiino,
446 3862 512 3906 ut
530 3855 574 3908 si
591 3855 1081 3920 essentcltristiani,
1113 3856 1373 3912 baberent
1398 3857 1607 3927 plenam
1629 3859 1848 3914 domum

239 3923 550 4010 'vl‘rumento,
585 3947 730 4012 vino,
779 3947 920 4013 oleo,
964 3956 1205 4015 argento,
1246 3964 1414 4014 auro;
1447 3950 1622 4005 nullus
1661 3967 1848 4007 eorum

239 4019 564 4090 "moreretur
606 4036 962 4103 immaturus;
1011 4038 1053 4092 si
1100 4040 1220 4110 quis
1267 4054 1376 4094 non
1420 4039 1643 4096 haberet
1681 4042 1847 4110 ﬁlios,

249 4115 565 4194 ’aCCiperet;
608 4127 654 4182 s‘i
703 4142 927 4183 uxorem
973 4144 1079 4184 non
1126 4130 1385 4198 duxisset,
1429 4133 1685 4201 duceret;
1744 4152 1850 4191 non

259 4218 657 4297 abortiret'non
681 4220 852 4275 solum
880 4221 1054 4294 aliqua
1087 4223 1276 4279 mulier
1305 4223 1358 4278 in
1384 4225 1543 4280 domo
1572 4227 1706 4297 ejus,
1756 4229 1852 4284 sed

377 4301 558 4380 pecus
587 4307 736 4380 ejus;
773 4327 877 4367 non
905 4324 1214 4372 acescerent
1238 4330 1389 4386 cupae
1415 4318 1551 4388 ejus,
1577 4335 1680 4373 non
1703 4335 1854 4391 gran-

247 4379 544 4484 ‘jiina‘retnr
565 4403 715 4484 vinea
738 4403 873 4480 ejus.
916 4405 1015 4484 Qui
1047 4391 1133 4464 isic
1161 4397 1411 4478 sperabat
1447 4411 1498 4466 in
1547 4413 1851 4480 Dominum,

253 4485 647 4586 animadvertit
680 4494 764 4582 bis
789 4496 949 4554 rebus
973 4498 1247 4586 abundare
1272 4517 1367 4556 eos
1397 4503 1486 4571 qui
1515 4519 1620 4558 non
1671 4504 1857 4586 colunt

300 4545 504 4560 sane,
682 4545 760 4552 ν--
790 4545 948 4554 η---
973 4545 1247 4557 ,μην-,ν
1273 4545 1367 4556 νυν
1398 4545 1486 4571 .,...
1515 4545 1620 4558 ην..
1671 4545 1852 4560 νων...

247 4545 576 4750 ξὸιήὶηυιη,
606 4597 660 4644 et
683 4565 994 4664 deiecerunt
1023 4593 1186 4664 pedes
1215 4581 1331 4663 ejus
1373 4593 1544 4668 (Psal.
1576 4612 1748 4662 Lxxn,
1791 4576 1852 4665 "2,

249 4673 272 4750 ἰ
299 4667 304 4672 ’
329 4718 345 4746 ,
372 4687 426 4750 et
449 4694 558 4733 non
585 4683 820 4750 speravit
847 4679 1015 4750 usque
1031 4685 1098 4740 ad
1124 4675 1374 4750 noctem;
1413 4687 1536 4750 auia
1556 4704 1664 4744 non
1692 4684 1852 4750 etrapit

249 4667 345 4774 ξε),
372 4687 426 4756 et
449 4694 558 4733 non
585 4683 820 4770 speravit
847 4679 1015 4756 usque
1031 4685 1098 4740 ad
1124 4675 1337 4742 noctem
1358 4667 1391 4754 ;7
1413 4687 1664 4758 quianon
1692 4684 1856 4760 etrapit

268 4785 300 4827 ι
317 4771 502 4850 vigilia
516 4775 784 4850 matutina
813 4792 1048 4847 sperare.

338 4851 390 4920 9.
418 4865 554 4936 Quis
572 4883 700 4940 ergo
726 4871 804 4926 sic
835 4871 1018 4944 incipit
1045 4888 1079 4928 a
1111 4872 1287 4944 vigilia
1318 4875 1578 4930 matutina
1606 4879 1858 4946 sperare?

261 4929 502 5042 huihoc
523 4929 704 5032 speriat
733 4962 801 5019 de
845 4929 1092 5034 Domino,
1124 4929 1266 5036 quod
1311 4968 1474 5036 coepit
1514 4929 1800 5026 ostendere
1827 4985 1857 5023 a

261 5051 444 5136 vigilia
479 5055 735 5110 matutina
766 5055 819 5112 in
847 5073 949 5128 qua
977 5059 1293 5116 resurrexit.
1322 5055 1494 5114 Antea
1525 5061 1669 5116 enim
1700 5077 1860 5117 nemo

263 5133 642 5228 adsurrexerat
669 5166 884 5223 semper
918 5155 1178 5214 victurus.
1216 5154 1460 5210 intendat
1491 5155 1737 5214 Charitas
1764 5173 1859 5212 ve-

263 5245 401 5326 :str‘a.
427 5240 750 5318 Besuscitali
771 5254 894 5313 sunt
922 5248 1118 5302 mortui
1140 5258 1264 5304 ante
1289 5247 1574 5326 adventum
1604 5250 1812 5305 Domini
1843 5268 1857 5306 :

257 5321 397 5414 quam
440 5343 502 5414 et
543 5335 688 5410 Elias
739 5341 1076 5395 resuscitavit
1120 5323 1508 5413 mortuumtlll
1559 5331 1689 5414 Reg.
1727 5359 1858 5412 xvn,

265 5411 388 5502 :22),
415 5437 469 5484 et
496 5411 720 5488 Elisaeus
754 5431 844 5502 (IV
874 5432 1001 5505 Reg.
1035 5449 1112 5500 iv,
1140 5435 1232 5507 55)
1258 5452 1273 5501 ;
1316 5411 1433 5492 sed.
1455 5411 1863 5493 resurrexerunt

277 5515 469 5602 iterum
519 5525 784 5580 morituri.
849 5526 1103 5582 Dominus
1148 5529 1262 5603 ipse
1308 5545 1442 5600 quos
1490 5531 1860 5608 resuscitavit,

267 5612 522 5693 ‘iporituri
551 5628 997 5687 resurrexerunt;
1028 5621 1140 5676 sive
1166 5621 1256 5676 ille
1283 5622 1496 5700 juvenis
1520 5625 1659 5680 ﬁlius
1687 5625 1862 5701 vidua:

284 5702 436 5776 (LUC.
471 5724 562 5776 vn,
593 5709 705 5782 15),
759 5713 872 5768 sive
910 5713 995 5767 illa
1031 5714 1201 5784 puella
1250 5715 1544 5800 duodecim.
1571 5733 1858 5800 annqrum,

286 5801 390 5858 lilia
410 5805 813 5878 archisynagogi
842 5806 953 5878 (1d.
980 5823 1096 5876 vm,
1123 5805 1237 5879 55),
1267 5807 1380 5864 sive
1394 5785 1642 5865 ’Lazétus
1670 5785 1862 5883 g(.rloan.

287 5908 362 5978 xl,
414 5896 506 5977 υ)
541 5916 555 5956 :
624 5897 776 5957 aliter
817 5900 1120 5962 resuscitati
1166 5909 1313 5972 sunt,
1363 5916 1554 5961 omnes
1579 5903 1862 5974 morituri;

1276 351 1672 452 euannirto
1701 379 1775 450 ΙΝ
1806 349 2132 482 essm-tun
2169 361 2404 450 CXXIX.

1949 495 2122 568 Semel
2159 511 2266 566 nati
2314 519 2457 577 sunt,
2507 491 2602 567 sed
2627 510 2707 569 bis
2730 491 2928 570 mortui
2953 509 3094 571 sunt.
3127 491 3309 574 LNe’mo
3354 534 3534 576 resur-

1945 588 2160 660 rexerat
2190 623 2461 676 nunquam
2495 610 2805 678 moriturus,
2854 613 2954 666 nisi
2987 612 3263 668 Dominus.
3308 614 3534 682 Quando

1947 706 2126 775 autem
2167 701 2456 755 resurrexit
2488 702 2742 756 Dominus
2793 720 3067 784 nunquam
3119 695 3445 764 moriturus?
3487 710 3533 764 Α

1946 788 2119 859 vigilia
2146 793 2416 852 matutina.
2443 793 2553 848 Hoc
2576 810 2731 864 spera
2761 805 2815 850 et
2859 787 2914 853 tu
2964 789 3032 854 de
3063 797 3310 868 Domino,
3353 785 3534 857 resur-

1944 889 2213 934 recturum
2242 891 2312 945 te,
2347 898 2451 937 non
2494 885 2761 952 quomodo
2809 886 3038 941 Lazarus
3061 875 3370 956 resurrexit,
3417 907 3523 948 non

1944 971 2210 1041 quomodo
2250 971 2389 1029 ﬁlius
2427 975 2597 1030 viduae
2630 986 2684 1056 et
2739 965 3144 1053 archisyuagogi
3194 981 3299 1036 ﬁlia
3348 999 3529 1039 resur-

1939 1051 2223 1128 rexerunt,
2275 1082 2380 1122 non
2421 1053 2688 1138 quomodo
2724 1087 2866 1150 quos
2889 1074 3280 1130 suscitaverunt
3324 1077 3533 1149 antiqui

1944 1153 2256 1224 Prophetae;
2287 1157 2379 1212 sed
2413 1172 2838 1242 resurrecturum
2860 1149 2920 1219 te
2936 1149 3104 1242 ispera
3132 1169 3397 1237 quomodo
3428 1172 3531 1226 Do-

1944 1247 2150 1314 minus,
2169 1257 2240 1328 ut
2267 1259 2384 1320 post
2415 1257 2861 1332 resurrectionem
2886 1273 2987 1330 qua
3019 1261 3394 1338 resurrexeris,
3423 1278 3527 1320 non

1944 1346 1996 1392 te
2020 1337 2127 1407 jam
2159 1340 2347 1396 timeas
2373 1343 2689 1400 moriturum
2717 1363 2730 1400 :
2778 1357 2833 1403 et
2861 1331 3067 1420 coepisti
3095 1331 3315 1422 sperare
3339 1370 3369 1410 a
3396 1341 3526 1426 vigi-

1943 1428 2010 1484 lia
2041 1432 2315 1487 matutina.

2016 1523 2101 1576 10.
2130 1523 2296 1592 Spera
2321 1535 2496 1584 autem
2523 1517 2783 1601 usquead
2809 1543 3041 1602 noctem,
3069 1522 3352 1610 quou'srjue
3381 1541 3527 1597 ﬁnia-

1939 1622 2028 1694 Etm'
2060 1615 2172 1672 haec
2200 1620 2340 1684 νὶιίι,⁸
2355 1636 2636 1691 quousque
2681 1623 2750 1678 sit
2780 1640 2884 1679 nox
2916 1628 3148 1684 universi
3173 1633 3387 1702 generis
3421 1632 3523 1688 hu-

1945 1712 2084 1765 mani
2126 1714 2176 1766 in
2204 1730 2392 1769 occasu
2437 1718 2641 1793 saeculi.
2676 1719 2850 1788 Quare
2876 1720 2978 1777 hoc
3006 1726 3211 1794 usque?
3241 1726 3374 1794 Quia
3402 1736 3526 1798 post

1939 1803 2097 1882 istam
2130 1815 2338 1864 noctem
2365 1807 2475 1877 jam
2505 1825 2609 1864 non
2637 1813 2738 1866 erit
2777 1828 2900 1883 Spes
2922 1856 2937 1882 ,
2963 1817 3056 1870 sed
3101 1817 3214 1886 ipsa
3253 1835 3362 1876 res.
3395 1822 3529 1892 Spes

1946 1897 2087 1952 enim
2113 1914 2226 1966 quw
2249 1901 2463 1968 videtur,
2496 1919 2594 1956 non
2623 1913 2693 1956 est
2721 1923 2857 1974 spes,
2884 1909 3172 1976 Apostolus
3194 1911 3320 1966 dicit
3347 1930 3358 1966 :
3388 1915 3526 1984 quod

1941 1989 2076 2050 enim
2095 1989 2220 2042 ridet
2240 1993 2370 2059 quis,
2395 1994 2518 2060 quid
2537 1996 2744 2063 sperat?
2759 1995 2822 2050 Si
2836 2008 3002 2053 autent
3021 2002 3159 2070 quod
3183 2019 3286 2057 non
3305 2005 3530 2064 videmus

1939 2097 2235 2149 speramus,
2267 2099 2353 2153 per
2384 2087 2676 2154 patientiam
2690 2101 3046 2158 exspectamus
3074 2091 3262 2165 (Rom.
3297 2113 3408 2164 vui,
3432 2099 3524 2171 24-,

1945 2172 2062 2242 25).
2088 2175 2144 2228 Si
2175 2191 2301 2245 ergo
2329 2179 2591 2246 patienter
2626 2191 2940 2250 exspectare
2959 2183 3225 2250 debemus
3251 2191 3394 2260 quod
3425 2208 3533 2250 non

1943 2267 2209 2335 videmus,
2244 2286 2410 2340 usque
2441 2272 2505 2326 ad
2533 2282 2742 2328 noctem
2766 2291 3062 2343 speremus,
3092 2278 3144 2334 id
3170 2290 3252 2336 est
3278 2298 3446 2354 usque
3465 2286 3535 2352 ad

1949 2359 2108 2426 ﬁnem
2138 2361 2296 2432 hujus
2326 2365 2449 2422 vitae
2472 2375 2671 2422 nostra:
2701 2367 2786 2421 vel
2817 2369 3018 2438 saaculi.
3056 2371 3185 2440 Cum
3211 2383 3392 2432 autem
3423 2393 3536 2438 nox

1947 2452 2048 2508 ista
2081 2455 2388 2522 transierit,
2412 2456 2523 2526 jam
2552 2459 2730 2516 veniet
2749 2461 2894 2530 quod
2919 2464 3265 2532 sperabamus
3293 2484 3308 2532 ;
3342 2481 3395 2526 et
3429 2489 3538 2532 non

1931 2544 2054 2616 ‘jam
2084 2547 2418 2616 sperabimus
2440 2589 2456 2615 ,
2503 2565 2603 2604 nec
2636 2560 2814 2607 tamen
2861 2554 3130 2624 desperati
3184 2561 3407 2618 erimus.
3437 2566 3534 2622 Est

1948 2640 2089 2694 enim
2137 2640 2457 2709 vituperatio
2483 2642 2928 2713 despcratorumt,
2980 2658 3034 2704 et
3075 2650 3360 2723 aliquando
3386 2657 3538 2716 dete-

1943 2737 2153 2786 stamur
2180 2730 2475 2800 hominem,
2505 2744 2558 2788 et
2584 2735 2811 2792 dicimus
2839 2754 2851 2788 :
2881 2736 2996 2800 Non
3021 2741 3190 2799 habet
3219 2759 3390 2816 spem.
3415 2749 3535 2806 Non

1947 2834 2164 2892 semper
2182 2824 2381 2878 malum
2408 2835 2490 2880 est
2513 2841 2618 2886 non
2653 2828 2852 2885 habere
2881 2849 3054 2904 spem.
3083 2835 3139 2889 ln
3159 2837 3259 2894 hac
3285 2841 3395 2894 vita
3414 2857 3539 2904 cum

1949 2930 2156 2983 sumus,
2189 2918 2387 2972 malum
2409 2930 2489 2976 est
2519 2935 2622 2978 non
2649 2921 2847 2980 habere
2875 2941 3025 2994 Spem
3053 2946 3066 2980 :
3093 2931 3183 2998 qui
3208 2933 3540 2994 enimmodo

1950 3024 2099 3082 spem
2127 3027 2231 3068 non
2265 3011 2446 3082 habet,
2468 3029 2795 3087 rempostea
2822 3034 2928 3074 non
2945 3021 3186 3078 habebit.
3215 3024 3357 3095 Ergo
3380 3027 3543 3085 modo

1947 3119 2100 3174 spem
2133 3107 2394 3162 debemus
2425 3110 2642 3163 habere.
2695 3109 2803 3164 Sed
2850 3121 2974 3166 cum
3007 3129 3092 3167 res
3117 3117 3356 3183 venerit,
3389 3134 3545 3177 num-

1951 3197 2077 3266 quid
2107 3212 2230 3266 spes
2257 3201 2362 3252 erit
2387 3199 2408 3252 ?
2436 3199 2587 3264 Quod
2607 3201 2738 3253 enim
2757 3200 2892 3254 videt
2907 3203 3040 3271 quis,
3059 3205 3181 3273 quid
3208 3208 3420 3272 spera?
3445 3209 3546 3266 Ve-

1945 3292 2065 3345 niet
2114 3292 2371 3346 Dominus
2401 3293 2544 3347 Deus
2573 3303 2777 3359 noster,
2811 3294 2985 3363 primo
3013 3295 3253 3371 “formam
3293 3300 3463 3370 ipsam
3481 3302 3544 3359 in

1951 3397 2054 3452 qua
2081 3382 2372 3437 cruciﬁxus
2396 3392 2482 3438 est
2518 3392 2573 3438 et
2597 3386 2894 3439 resurrexit
2923 3427 2940 3451 ,
2968 3386 3434 3446 demonstraturus
3451 3407 3547 3462 86-.

1954 3474 2068 3530 neri
2098 3475 2352 3542 humano,
2386 3485 2443 3530 ut
2468 3476 2777 3546 videant‘pii
2805 3485 2860 3534 et
2899 3478 3047 3548 impii
3077 3496 3090 3533 :
3120 3481 3196 3535 illi
3223 3481 3458 3548 videant,
3480 3492 3546 3540 et

1939 3568 2292 3639 gratulentur
2322 3568 2591 3624 invenisse
2611 3585 2681 3628 :se
2711 3571 2852 3640 quod
2879 3571 3225 3626 crediderunt
3259 3585 3544 3646 antequam

1953 3662 2230 3728 viderent;
2263 3672 2316 3718 et
2361 3663 2438 3718 illi
2464 3665 2788 3719 erubescant
2827 3680 2943 3720 non
2981 3677 3043 3721 Se
3086 3666 3378 3724 credidisse
3403 3671 3546 3740 quod

1954 3753 2231 3812 videbunt.
2255 3755 2650 3809 Erubescentes
2672 3757 3085 3824 damnabuntur,
3102 3769 3154 3812 et
3181 3761 3428 3828 gratulati
3454 3776 3548 3819 co-

1944 3846 2316 3901 ‘ronabnntnr.
2347 3849 2560 3902 Dicetur
2588 3848 2825 3904 confusis
2847 3849 2969 3916 {Ite
2997 3852 3053 3904 in
3081 3851 3250 3922 ignem
3278 3865 3543 3925 internum,

1943 3939 2042 4006 qui
2069 3950 2278 4007 paratus
2316 3950 2388 3995 est
2425 3942 2704 3996 diabolo‘et
2738 3944 2944 4014 angelis
2985 3945 3142 4014 ejus;
3168 3945 3375 4002 dicetur
3407 3962 3544 4017 gau-

1943 4031 2208 4086 ‘den’tibu‘s
2238 4075 2251 4096 ,
2283 4031 2463 4088 Venite
2487 4077 2500 4098 ,
2524 4035 2774 4089 benedicti
2803 4035 2978 4089 Patris
3024 4038 3145 4104 mei,
3182 4039 3425 4107 percipite
3449 4054 3546 4095 ’τεο

1945 4129 2112 4195 'yn'um
2125 4125 2409 4196 quod'vobis
2421 4135 2653 4196 paratum
2668 4137 2744 4181 est
2754 4129 2816 4182 ab
2831 4129 3022 4200 origine
3031 4129 3207 4184 mundi
3225 4129 3547 4203 (Matt/3.1:“

1956 4207 2164 4292 11,54)
2199 4239 2211 4274 :
2239 4220 2530 4290 quodcum
2558 4221 2864 4288 acceperint
2889 4262 2904 4287 ,
2945 4220 3056 4292 jam
3081 4229 3219 4293 :spe‘s
3261 4223 3368 4278 no’n
3399 4225 3546 4294 erit,

1959 4314 2081 4385 quia
2103 4316 2198 4368 res
2216 4311 2518 4367 tenebitur.
2545 4305 2835 4366 Transacta
2863 4325 2993 4382 ergo
3013 4327 3133 4382 spe,
3153 4315 3416 4370 transibit
3435 4330 3544 4372 nox

1949 4406 2049 4463 'illa
2076 4425 2090 4472 ;
2115 4407 2209 4462 sed
2234 4406 2412 4461 donec
2451 4404 2573 4472 ﬁat,
2601 4411 2630 4459 a
2656 4405 2832 4476 vigilia
2861 4404 3125 4461 matutina
3145 4414 3333 4477 speret
3367 4407 3548 4464 anim

1962 4511 2144 4557 nostra
2176 4503 2228 4556 in
2262 4499 2568 4555 Dominum.

2037 4593 2122 4649 li.
2171 4593 2239 4648 Et
2280 4592 2420 4647 redit
2452 4592 2538 4650 ad
2573 4591 2702 4647 illud
2728 4633 2741 4656 ,
2792 4591 2837 4645 Α
2879 4592 3052 4663 vigilia
3091 4591 3341 4647 matutina
3388 4602 3554 4664 speret

1961 4686 2131 4742 'Israel
2155 4685 2206 4739 in
2226 4684 2521 4740 Dominum.
2548 4685 2592 4738 A
2613 4683 2783 4756 vigilia
2802 4686 3226 4756 matutina‘usque
3245 4687 3313 4738 ad
3337 4697 3548 4752 noctem,

1963 4779 2178 4852 speravit
2207 4780 2375 4832 anima
2395 4781 2511 4831 mea
2539 4778 2591 4830 in
2623 4776 2916 4831 Dominum.
2949 4777 3055 4832 Sed
3082 4775 3207 4847 quid
3237 4779 3252 4809 ⁸
3279 4779 3555 4846 Speravit9

1965 4869 2009 4928 Α
2038 4871 2208 4944 vigilia
2238 4871 2485 4924 matutina
2513 4879 2675 4938 speret
2710 4868 2872 4923 Israel
2897 4870 2948 4923 in
2977 4868 3270 4923 Dominum.
3319 4868 3432 4921 Non
3453 4881 3548 4923 so.

1963 4963 2073 5019 lum
2104 4972 2267 5033 speret
2295 4960 2458 5016 Israel
2485 4961 2538 5014 in
2567 4958 2845 5014 Dominum
2865 5003 2880 5027 ,
2912 4960 3027 5025 sed,
3055 4976 3088 5012 a
3111 4960 3284 5030 vigilia
3309 4957 3555 5013 matutina

1957 5051 2129 5126 speret
2158 5053 2340 5110 Israel.
2366 5051 2504 5121 Ergo
2524 5051 2684 5122 culpo
2705 5059 2862 5122 spem
2885 5049 3067 5107 sinenti
3089 5092 3106 5117 ,
3133 5049 3345 5122 quando
3365 5051 3556 5120 ἐυθη-

1969 5157 2056 5202 tur
2083 5147 2149 5202 de
2179 5143 2324 5201 Deo?
2369 5143 2530 5206 Non;
2572 5143 2667 5199 sed
2694 5143 2796 5198 alia
2836 5155 2958 5212 spes
2983 5152 3067 5198 est
3111 5142 3270 5197 Israel
3319 5142 3550 5215 propria.

1967 5237 2083 5294 Non
2116 5253 2212 5307 pro
2242 5252 2452 5292 summo
2478 5252 2576 5292 suo
2605 5236 2746 5290 lieno
2775 5242 2956 5303 speret
2979 5232 3141 5288 Israel
3168 5229 3379 5287 divitias
3402 5274 3416 5300 ,
3449 5249 3552 5290 non

1969 5332 2194 5387 salutem
2217 5331 2479 5401 corporis,
2513 5343 2617 5383 non
2647 5325 3022 5381 abundantiam
3049 5333 3387 5382 ‘terrenorum
3412 5346 3424 5381 :
3448 5328 3551 5384 imo

1974 5423 2367 5479 tribulationem
2402 5421 2487 5476 hic
2513 5419 2790 5474 habiturus
2833 5423 2953 5482 est,
2994 5418 3044 5472 si
3097 5418 3231 5472 ferte
3275 5419 3559 5489 centigerit

1972 5518 2043 5573 illi
2094 5513 2312 5589 propter
2358 5515 2632 5570 veritatem
2684 5511 2790 5581 pati
2837 5511 3041 5581 aliquas
3094 5511 3388 5567 molestias.
3440 5505 3558 5568 Non

1972 5595 2113 5667 enim
2149 5628 2249 5664 non
2282 5608 2565 5679 sperabant
2595 5604 2840 5658 l'n‘Deum
2866 5611 3148 5675 martyres,
3182 5614 3236 5658 et
3269 5613 3449 5658 tamen
3475 5613 3560 5659 ta—

1974 5705 2043 5759 lia
2074 5695 2192 5757 sunt
2249 5701 2386 5770 'passi
2413 5741 2427 5765 ,
2479 5697 2653 5769 qualia
2681 5692 2918 5751 latrones
2941 5737 2957 5765 ,
2988 5695 3163 5765 qualia
3189 5697 3357 5766 iniqui
3391 5695 3560 5751 :‘s’nb-

1973 5797 2096 5868 jecti
2128 5795 2193 5848 ad
2221 5794 2416 5849 bestias
2441 5834 2454 5858 ,
2489 5792 2694 5862 ignibus
2719 5790 3063 5860 concremati,
3095 5789 3270 5863 gladio
3297 5788 3556 5863 percussi,

2043 5911 2060 5942 ι
2086 5917 2204 5974 Vox,
2227 5905 2362 5974 quid,
2388 5907 2529 5958 abest
2555 5919 2584 5957 a
2601 5903 2819 5976 pluribus
2835 5911 2944 5960 M33.
