4078 6516
561 337 703 399 1705

565 453 779 527 ungulis
799 456 1000 511 exarati
1020 495 1036 523 ,
1062 453 1265 510 catenis
1287 452 1547 521 obstricti,
1573 465 1792 510 carcere
1813 456 2008 521 necati,
2038 456 2136 510 ista

561 549 740 604 omnia
770 549 907 602 mala
938 547 1115 618 passi,
1156 561 1260 601 non
1291 548 1572 616 sperabant
1602 548 1653 602 in
1680 548 2004 603 Dominum?
2047 556 2140 604 aut

561 641 684 697 ideo
703 640 1006 710 sperabant,
1037 648 1094 694 ut
1122 640 1235 695 istis
1265 642 1416 696 malis
1444 651 1705 705 carentes,
1736 641 1836 697 hac
1862 643 1969 697 vita
1991 642 2136 698 frue-

560 732 787 787 rentur?
835 730 948 785 Non
999 732 1190 801 plane;
1246 733 1366 803 quia
1395 749 1422 785 a
1451 734 1625 804 vigilia
1656 735 1911 789 matutina
1954 749 2139 804 spera-

556 825 704 880 bant.
727 823 864 891 Quid
893 832 974 878 est
998 823 1140 879 hoc?
1168 820 1587 880 Considerabant
1608 826 1751 880 illam
1769 826 1999 896 vigiliam
2018 841 2134 881 ma-

556 917 777 971 tutinam
803 932 904 987 qua
934 919 1226 972 resurrexit
1254 918 1507 973 Dominus
1536 932 1720 973 eorum
1747 959 1763 985 ,
1808 926 1862 973 et
1888 917 2136 973 videbant

555 1009 676 1079 quia
707 1017 989 1079 antequam
1019 1019 1321 1079 resurgeret
1346 1051 1361 1076 ,
1392 1010 1513 1063 talia
1550 1018 1604 1064 et
1642 1010 1757 1080 ipse
1783 1025 1971 1079 passus
1996 1019 2129 1076 erat,

554 1099 728 1168 qualia
761 1098 861 1167 ipsi
890 1100 1223 1168 patiebantur
1242 1141 1256 1165 ,
1299 1110 1352 1154 et
1383 1116 1487 1154 non
1515 1088 1869 1171 deSperabant
1888 1102 2045 1156 etiam
2073 1116 2133 1156 se

551 1200 670 1260 post
701 1191 833 1246 tales
858 1192 1134 1261 passiones
1162 1201 1556 1247 resurrecturos
1579 1192 1645 1245 ad
1667 1192 1826 1246 vitam
1854 1200 2129 1247 zeternam.

552 1279 792 1351 Speravit
819 1281 986 1337 Israel
1007 1283 1063 1336 in
1094 1280 1369 1337 Dominum
1389 1323 1405 1346 ,
1433 1299 1466 1335 a
1494 1282 1665 1349 viqilia
1691 1282 1939 1336 matutina
1976 1299 2132 1353 usque

546 1372 618 1426 ad
643 1381 856 1427 noctem.

618 1463 705 1517 12.
739 1462 887 1535 [vers.
906 1465 968 1531 7,
999 1462 1077 1537 8.]
1120 1464 1370 1530 Quoniam
1394 1465 1535 1535 apud
1556 1462 1830 1519 Dominum
1852 1464 2129 1519 misericor-

547 1554 670 1621 dia,
703 1564 749 1609 et
774 1556 932 1609 multa
956 1556 1097 1625 apud
1134 1556 1281 1609 illum
1319 1557 1613 1626 redemptio.
1661 1556 1973 1627 Magniﬁce!
2008 1573 2126 1612 me-

545 1644 651 1700 lius
677 1646 780 1701 dici
822 1662 928 1701 non
974 1656 1154 1716 posset
1200 1648 1318 1702 loco
1367 1661 1498 1713 suo,
1544 1657 1765 1717 propter
1812 1647 1941 1701 illud
1986 1647 2127 1717 quod

542 1736 710 1801 dixit,
758 1740 802 1792 Α
844 1740 1015 1810 uigilia
1047 1740 1293 1793 matutina
1334 1748 1493 1808 speret
1540 1738 1707 1793 Israel
1749 1740 1803 1793 in
1833 1739 2123 1795 Dominum.

543 1828 754 1895 Quare?
789 1828 923 1896 Quia
952 1844 983 1883 a
1019 1830 1193 1900 vigilia
1226 1830 1477 1884 matutina
1509 1829 1800 1884 resurrexit
1830 1830 2122 1897 Dominus;

541 1929 597 1975 et
623 1919 727 1974 hoc
758 1919 917 1975 debet
941 1935 1157 1989 sperare
1182 1935 1375 1989 corpus
1400 1961 1415 1985 ,
1445 1920 1583 1989 quod
1611 1920 1666 1974 in
1695 1920 1867 1988 capite
1896 1935 2125 1989 praeces-

544 2009 634 2063 sit.
678 2008 783 2064 Sed
830 2024 899 2065 ne
937 2016 1254 2081 suggeratur
1298 2010 1394 2064 ista
1439 2010 1689 2079 cogitatio
1718 2025 1731 2062 :
1760 2008 1930 2079 Capiti
1978 2011 2125 2066 licuit

538 2116 849 2171 resurgere,
906 2102 1029 2172 quia
1083 2103 1311 2172 peccatis
1350 2117 1455 2157 non
1494 2103 1871 2173 premebatur,
1921 2104 2122 2159 nullum

537 2201 814 2262 peccatum
844 2202 959 2248 erat
988 2195 1039 2247 in
1064 2194 1192 2258 illo;
1237 2194 1363 2264 quid
1389 2209 1488 2249 nos
1516 2194 1704 2249 facturi
1733 2197 1956 2249 sumus?
1984 2195 2121 2265 Spe-

534 2284 771 2340 rabimus
791 2286 953 2342 talem
981 2287 1447 2353 resurrectionem,
1472 2287 1642 2356 qualis
1662 2286 1717 2341 in
1742 2287 1965 2342 Domino
1984 2303 2118 2359 pra:-

533 2376 727 2442 cessit,
778 2392 900 2433 cum
944 2379 1176 2448 peccatis
1219 2380 1414 2434 nostris
1459 2380 1840 2450 aggravemur?
1865 2380 1969 2436 Sed
2002 2380 2122 2436 vide

530 2468 657 2539 quid
686 2469 923 2539 sequitur
952 2486 966 2524 :
998 2469 1250 2536 Quoniam
1287 2471 1426 2541 apud
1450 2470 1724 2524 Dominum
1755 2473 2117 2542 misericordia,

529 2568 579 2613 et
607 2558 765 2613 multa
793 2560 935 2629 apud
957 2559 1105 2614 illum
1128 2561 1427 2632 redemptio.
1470 2561 1536 2614 Et
1573 2562 1682 2631 ipse
1720 2564 1929 2617 redimet
1955 2562 2121 2618 Israel

529 2648 594 2703 ab
624 2651 855 2705 omnibus
879 2650 1222 2721 iniquitatibus
1245 2653 1374 2722 ejus.
1405 2653 1545 2723 Ergo
1570 2652 1615 2707 si
1640 2654 1978 2722 premebatur
2004 2668 2119 2724 pec-

532 2738 668 2796 catis
699 2741 811 2796 suis
830 2783 846 2808 ,
880 2742 1034 2797 adest
1058 2744 1416 2799 misericordia
1448 2745 1560 2799 Dei.
1590 2742 1711 2798 ldeo
1733 2736 2005 2813 praecessit
2028 2745 2117 2799 ille

528 2836 645 2891 sine
672 2845 912 2905 peccato,
943 2845 1001 2889 ut
1028 2836 1206 2893 deleat
1233 2845 1447 2906 peccata
1475 2838 1831 2906 sequentium.
1859 2837 2033 2893 Nolite
2062 2838 2114 2892 in

528 2926 680 2980 vobis
705 2938 1030 2995 praesumere
1051 2968 1066 2993 ,
1113 2926 1207 2981 sed
1233 2941 1262 2981 a
1289 2926 1462 2996 vigilia
1490 2926 1745 2979 matutina
1782 2926 2110 2995 praesumite.

440 3039 449 3045 -
528 3013 719 3072 Videte
751 3024 912 3086 caput
939 3026 1173 3071 vestrum
1218 3017 1577 3072 resurrexisse
1617 3026 1670 3071 et
1712 3017 2021 3073 ascendisse
2058 3017 2111 3072 in

528 3107 746 3163 omium.
797 3105 855 3161 in
894 3106 988 3162 illo
1012 3107 1167 3177 culpa
1194 3123 1299 3162 non
1322 3116 1467 3173 erat,
1497 3107 1591 3163 sed
1623 3124 1717 3177 per
1742 3108 1889 3162 illum
1921 3119 2113 3165 vestrae

524 3198 696 3267 culpte
723 3197 1042 3253 delebuntur
1070 3215 1085 3254 :
1116 3198 1238 3267 Ipse
1261 3198 1468 3252 redimet
1487 3197 1653 3253 Israel
1670 3199 1732 3252 ab
1758 3198 1985 3253 omnibus
2008 3200 2111 3253 ini-

524 3290 792 3362 quitatibus
812 3291 941 3361 ejus.
982 3290 1116 3359 Quia
1145 3289 1305 3345 Israel
1330 3290 1567 3346 vendere
1596 3305 1655 3345 se
1684 3292 1875 3359 potuit,
1918 3301 1972 3346 et
1996 3292 2112 3348 ﬁeri

523 3380 861 3436 venundatus
883 3380 984 3435 sub
1007 3389 1257 3451 peccato;
1291 3380 1554 3436 redimere
1572 3395 1631 3436 se
1656 3381 1724 3436 ab
1750 3382 2111 3452 iniquitatibus

523 3482 631 3527 non
674 3479 868 3541 potest.
923 3470 1017 3526 Ille
1056 3472 1224 3541 potuit
1252 3472 1548 3537 redimere,
1599 3474 1774 3542 quise
1803 3489 1908 3527 non
1943 3474 2111 3543 potuit

523 3558 757 3615 vendere
784 3578 797 3613 :
828 3561 919 3630 qui
964 3575 1069 3614 non
1100 3560 1365 3615 commisit
1411 3569 1687 3630 peccatum
1710 3602 1724 3626 ,
1771 3562 1884 3631 ipse
1908 3572 1992 3617 est
2018 3579 2108 3619 re-

521 3650 769 3722 demptor
794 3668 823 3706 a
850 3661 1091 3723 peccato.
1139 3652 1262 3724 Ipse
1302 3654 1508 3707 redimet
1550 3652 1736 3708 Israel.
1787 3653 1941 3710 Unde
1969 3654 2110 3710 redi-

522 3745 671 3800 met?
698 3745 780 3801 Ab
805 3745 893 3800 illa
914 3746 1213 3816 iniquitate,
1240 3761 1305 3799 an
1323 3746 1390 3801 ab
1415 3746 1500 3800 illa
1521 3744 1545 3798 ?
1571 3746 1645 3798 Ab
1665 3746 1895 3800 omnibus
1921 3747 2107 3816 iniqui-

522 3837 705 3893 tatibus
748 3839 875 3908 ejus.
920 3837 1038 3893 Non
1079 3853 1207 3908 ergo
1251 3838 1435 3893 timeat
1475 3852 1789 3893 accessurus
1831 3838 1896 3893 ad
1942 3839 2107 3895 Deum

518 3928 723 3999 aliquas
748 3929 1052 4000 iniquitates
1076 3945 1199 3986 suas
1232 3948 1245 3985 :
1277 3930 1645 3985 tantummodo
1688 3930 1909 3985 accedat
1948 3932 2107 4001 pleno

523 4019 686 4074 corde
709 4058 726 4085 ,
777 4029 832 4075 et
870 4019 1081 4075 desinat
1117 4020 1224 4090 jam
1254 4019 1429 4076 facere
1454 4036 1571 4090 qua:
1596 4029 1749 4076 antea
1779 4020 2020 4087 faciebat,
2053 4031 2107 4077 et

484 4136 485 4139 η
520 4126 628 4166 non
654 4110 831 4179 dicat,
864 4111 959 4166 llla
986 4112 1235 4182 iniquitas
1265 4127 1369 4166 non
1397 4112 1526 4165 mihi
1550 4111 1850 4166 dimittitur.
1878 4112 1931 4167 Si
1961 4114 2104 4169 enim

519 4202 623 4258 hoc
652 4190 844 4259 dixerit
866 4245 882 4267 ,
931 4215 1149 4275 pmpter
1191 4206 1359 4275 ipsam
1392 4220 1550 4274 quam
1579 4214 1727 4275 putat
1754 4206 1853 4261 sibi
1888 4221 1992 4261 non
2019 4207 2103 4262 di-

517 4294 689 4357 mitti,
723 4310 828 4350 non
858 4309 916 4350 se
939 4296 1238 4361 convertit,
1266 4306 1320 4351 et
1349 4295 1591 4350 faciendo
1620 4306 1810 4351 caetera
1830 4338 1845 4363 ,
1895 4313 1999 4352 non
2027 4299 2104 4357 illi

517 4387 801 4443 dimittitur
828 4396 883 4443 et
923 4388 1052 4443 illud
1084 4388 1224 4458 quod
1256 4404 1359 4443 non
1404 4390 1642 4444 timebat.
1692 4389 1824 4457 Quia
1855 4389 1951 4446 l‘eci
1973 4433 1988 4457 ,
2023 4394 2100 4446 in-

520 4477 674 4546 quit,
721 4477 893 4531 scelus
919 4492 1205 4547 magnum,
1257 4487 1309 4532 et
1340 4493 1443 4532 non
1491 4478 1618 4532 mihi
1656 4488 1828 4548 potest
1868 4480 2100 4546 dimitti;

515 4568 624 4639 jam
655 4568 845 4623 faciam
871 4577 928 4623 et
951 4579 1140 4623 caetera
1176 4588 1189 4622 :
1224 4570 1325 4624 hoc
1350 4571 1489 4622 enim
1520 4571 1683 4640 perdo
1706 4571 1846 4640 quod
1886 4587 1989 4627 non
2020 4572 2101 4626 fa-

517 4660 623 4716 cio.
677 4660 792 4714 Noli
837 4662 1025 4716 timere
1059 4678 1072 4715 :
1103 4662 1153 4715 in
1184 4661 1443 4731 profundo
1481 4676 1539 4715 es
1564 4704 1579 4727 ,
1626 4662 1734 4716 noli
1761 4672 2102 4721 contemnere

515 4750 585 4807 de
610 4750 885 4821 profundis
906 4752 1136 4807 clamare
1165 4751 1230 4806 ad
1261 4752 1540 4807 Dominum
1563 4793 1577 4816 ,
1610 4761 1663 4808 et
1690 4752 1888 4819 dicere,
1923 4755 1983 4809 Si
2003 4757 2102 4810 ini—

514 4842 726 4913 quitates
742 4843 1095 4910 observaveris,
1125 4842 1341 4897 Domine
1366 4861 1384 4907 ,'
1408 4842 1645 4911 Domine,
1673 4847 1783 4916 quis
1805 4846 2102 4901 sustinebit?

518 4935 753 4991 Observa
786 4934 935 4989 illum
961 4976 975 5000 ,
1007 4943 1062 4989 et
1089 4943 1338 5005 exspecta
1370 4935 1548 4997 illum,
1577 4944 1632 4990 et
1652 4936 1855 4991 sustine
1885 4945 2101 5006 pr0pter

515 5028 684 5096 legem
713 5027 898 5096 ipsius.
948 5026 1115 5095 Quam
1162 5028 1329 5096 legem
1365 5027 1455 5080 tibi
1495 5026 1675 5082 dedit?
1717 5026 1926 5082 Dimitte
1960 5028 2101 5085 nobis

515 5118 680 5173 debita
735 5128 938 5184 nostra,
988 5120 1113 5173 sicut
1150 5128 1196 5173 et
1226 5134 1317 5171 nos
1343 5118 1640 5171 dimittimus
1671 5117 1970 5175 debitoribus
2008 5137 2101 5175 no-

516 5213 652 5266 stris.
686 5209 854 5281 Spera
881 5220 934 5265 te
957 5219 1379 5266 resurrecturum
1398 5249 1412 5274 ,
1440 5218 1494 5263 et
1537 5218 1662 5263 tunc
1691 5207 1923 5265 futurum
1951 5212 2095 5266 omni

516 5302 676 5358 modo
702 5303 817 5357 sine
847 5311 1085 5371 peccato,
1115 5301 1364 5372 quoniam
1398 5300 1487 5354 ille
1518 5302 1816 5354 resurrexit
1861 5303 1949 5370 qui
1983 5304 2095 5371 pri-

515 5408 636 5448 mus
665 5392 761 5447 fuit
788 5393 904 5447 sine
930 5402 1168 5462 peccato.
1199 5394 1237 5447 Α
1272 5391 1449 5462 vigilia
1481 5390 1739 5445 matutina
1771 5406 1943 5461 spera.
1976 5392 2095 5448 Noli

513 5483 733 5539 dicere:
767 5484 879 5554 Ego
917 5498 1023 5537 non
1066 5498 1184 5538 sum
1225 5482 1416 5553 dignus
1458 5492 1676 5552 propter
1699 5490 1934 5552 peccata.
1979 5482 2094 5539 Non

514 5587 575 5628 es
598 5573 822 5644 dignus;
872 5573 966 5629 sed
1013 5575 1173 5629 multa
1205 5574 1345 5645 apud
1376 5574 1521 5628 illum
1566 5574 1876 5645 redemptio,
1917 5584 1964 5629 et
1988 5576 2096 5647 ipse

514 5664 722 5726 redimet
739 5664 905 5721 Israel
928 5664 991 5720 ab
1016 5667 1246 5725 omnibus
1265 5666 1607 5738 iniquitatibus
1624 5666 1753 5738 ejus.

1757 340 1815 399 Β.
1855 338 2222 400 Αυευετιιιι
2256 341 2561 404 EPISCOPI

3679 360 3823 420 1⁸1οι

2278 477 3824 514 _______._________

2594 562 2677 623 IN
2718 552 3097 627 PSALMUM
3135 566 3377 631 CXXX

2804 684 3221 742 ENARRATIO.

2759 810 2929 851 881110
2956 812 3025 851 ΔΙ)
3055 812 3278 853 Ριειιιςιι.

2309 902 2361 957 1.
2404 902 2463 958 lo
2504 904 2607 961 isto
2656 907 2863 976 psalmo
2905 910 3311 966 commendatur
3355 913 3510 970 nobis
3548 914 3820 977 humilitas

2235 994 2378 1049 servi
2412 996 2503 1050 Dei
2531 1006 2585 1052 et
2606 997 2796 1066 ﬁdelis,
2819 999 2970 1069 cujus
2994 1016 3128 1057 voce
3152 1012 3413 1072 cantatur,
3435 1008 3576 1076 quod
3596 1020 3679 1064 est
3705 1013 3818 1067 uni-

2235 1099 2444 1140 versum
2474 1102 2669 1158 corpus
2688 1089 2905 1145 Christi.
2933 1091 3087 1161 Saepe
3110 1094 3255 1148 enim
3280 1094 3651 1154 admonuimus
3677 1099 3817 1157 Cha-

2235 1176 2445 1233 ritatem
2475 1189 2705 1235 vestram
2728 1222 2743 1247 ,
2772 1198 2878 1236 non
2906 1182 3057 1253 quasi
3100 1184 3252 1239 unius
3291 1185 3524 1242 hominis
3555 1193 3816 1247 cantantis

2234 1281 2419 1322 vocem
2448 1270 2617 1339 accipi
2645 1270 2872 1339 debere,
2906 1273 3000 1328 sed
3023 1274 3261 1329 omnium
3288 1278 3374 1346 qui
3397 1287 3521 1334 sunt
3545 1279 3599 1333 in
3619 1280 3815 1337 Christi

2233 1373 2478 1428 corpore.
2527 1362 2594 1415 Et
2640 1363 2763 1431 quia
2793 1364 2846 1418 in
2885 1365 3026 1419 illius
3050 1380 3275 1436 corpore
3303 1377 3429 1422 sunt
3455 1384 3663 1438 omnes,
3698 1381 3814 1428 tan-

2232 1464 2389 1519 quam
2440 1467 2575 1507 unus
2625 1451 2785 1508 homo
2824 1454 3054 1525 loquitur
3081 1474 3095 1512 :
3124 1465 3180 1512 et
3209 1458 3323 1527 ipse
3351 1466 3437 1513 est
3470 1475 3605 1514 unus
3632 1462 3724 1532 qui
3762 1472 3814 1518 et

2231 1540 2384 1595 multi
2405 1552 2547 1596 sunt.
2594 1543 2741 1598 Multi
2769 1544 2911 1599 enim
2940 1556 3065 1601 sunt
3100 1547 3152 1601 in
3180 1548 3370 1617 seipsis
3397 1590 3413 1615 ,
3448 1564 3583 1605 unus
3611 1560 3734 1605 sunt
3759 1553 3812 1607 in

2230 1630 2324 1685 illo
2352 1632 2444 1702 qui
2472 1648 2607 1687 unus
2643 1643 2742 1689 est.
2792 1634 2968 1705 Ipsum
3004 1646 3087 1693 est
3129 1646 3307 1693 autem
3348 1639 3509 1694 etiam
3560 1644 3810 1711 templum

2232 1719 2348 1786 Dei,
2376 1721 2442 1777 de
2471 1737 2576 1793 quo
2603 1724 2732 1779 dicit
2758 1726 3043 1795 Apostolus
3061 1769 3075 1793 ,
3108 1728 3370 1797 Templum
3404 1732 3534 1784 enim
3568 1731 3665 1787 Dei
3689 1750 3809 1787 sau-

2229 1821 2362 1866 ctum
2385 1824 2476 1879 est,
2504 1815 2639 1884 quod
2663 1817 2779 1869 estis
2807 1832 2891 1871 vos
2917 1818 2959 1885 (1
2980 1817 3096 1873 Cor.
3125 1835 3201 1886 ιιι,
3231 1820 3357 1889 17);
3387 1835 3573 1877 omnes
3592 1824 3681 1893 qui
3701 1838 3810 1879 cre-

2228 1901 2361 1956 dunt
2388 1903 2441 1957 in
2462 1903 2729 1961 Christum
2750 1948 2766 1973 ,
2799 1917 2853 1962 et
2880 1908 2958 1964 sic
2982 1910 3206 1965 credunt
3235 1920 3291 1965 ut
3320 1911 3561 1983 diligant.
3594 1915 3704 1970 Hoc
3728 1924 3810 1987 est

2227 1994 2367 2049 enim
2396 1996 2617 2053 credere
2653 1999 2705 2052 in
2739 1998 3007 2055 Christum
3031 2043 3047 2068 ,
3093 2002 3313 2073 diligere
3351 2004 3618 2061 Christum
3651 2025 3663 2060 :
3700 2023 3808 2063 non

2227 2088 2494 2156 quomodo
2519 2089 2787 2145 dzcmones
2807 2092 3096 2147 credebant
3123 2092 3323 2163 (Jacobi
3351 2111 3407 2161 ιι,
3441 2097 3551 2167 19),
3581 2098 3672 2153 sed
3701 2114 3807 2155 non

2226 2176 2541 2247 diligebant;
2571 2188 2627 2235 et
2650 2180 2767 2236 ideo
2792 2183 3034 2252 quamvis
3060 2184 3359 2253 crederent,
3382 2187 3649 2254 dicebant,
3672 2190 3807 2257 Quid

2225 2269 2367 2323 nobis
2388 2280 2431 2324 et
2458 2271 2545 2324 tibi
2565 2282 2655 2337 est,
2690 2272 2796 2327 Fili
2824 2273 2921 2329 Dei
2942 2274 3154 2345 (Matth.
3186 2294 3310 2345 νιιι,
3339 2279 3433 2349 29)
3454 2280 3479 2333 ?
3504 2280 3612 2336 Nos
3631 2294 3806 2338 autem

2225 2362 2303 2417 sic
2326 2363 2625 2429 credamus,
2658 2375 2714 2420 ut
2735 2367 2787 2420 in
2815 2368 2985 2435 ipsum
3013 2368 3315 2435 credamus,
3346 2371 3629 2443 diligentes
3654 2389 3801 2443 eum,

2225 2460 2279 2507 et
2303 2469 2407 2508 non
2434 2454 2673 2510 dicamus
2697 2498 2713 2524 ,
2748 2457 2884 2524 Quid
2912 2459 3053 2512 nobis
3091 2467 3135 2513 et
3160 2460 3247 2513 tibi
3280 2462 3389 2515 est?
3436 2463 3532 2519 sed
3568 2464 3807 2521 dicamus

2222 2546 2423 2615 potius,
2467 2547 2549 2602 Ad
2580 2555 2631 2602 te
2661 2548 3013 2618 pertinemus;
3062 2559 3118 2605 tu
3145 2566 3243 2607 nos
3269 2552 3555 2609 redemisti.
3606 2555 3807 2613 Omnes

2222 2653 2350 2707 ergo
2374 2640 2462 2709 qui
2488 2640 2564 2694 sic
2597 2641 2855 2709 credunt,
2893 2652 3141 2714 tanquam
3188 2646 3387 2716 lapides
3411 2657 3534 2702 sunt
3560 2649 3700 2715 vivi,
3737 2651 3805 2708 de

2224 2729 2415 2799 quibus
2439 2732 2692 2801 templum
2722 2732 2813 2787 Dei
2839 2733 3129 2790 aediﬁcatur
3157 2735 3201 2808 (l
3230 2736 3372 2791 Petr.
3398 2753 3454 2805 ιι,
3487 2739 3574 2810 5);
3605 2749 3659 2797 et
3684 2749 3802 2797 tan-

2220 2837 2380 2893 quam
2420 2823 2560 2892 ligna
2601 2825 2941 2895 imputribilia
2966 2867 2982 2893 ,
3036 2840 3105 2883 ex
3144 2830 3335 2900 quibus
3376 2845 3499 2885 arca
3534 2832 3623 2888 illa
3652 2848 3801 2889 com-

2221 2924 2374 2983 pacta
2408 2924 2491 2969 est
2513 2956 2530 2983 ,
2562 2932 2681 2985 quae
2707 2917 2760 2971 in
2790 2917 2990 2973 diluvio
3020 2920 3186 2989 mergi
3212 2935 3318 2976 non
3348 2923 3517 2992 potuit
3546 2922 3695 2995 (Gen.
3726 2940 3799 2994 vt,

2221 3000 2333 3075 14).
2358 3005 2470 3061 Ηοε
2497 3015 2672 3062 autem
2704 3010 2956 3079 templum
2983 3019 3085 3078 est,
3116 3011 3167 3066 id
3195 3019 3279 3067 est
3298 3012 3399 3083 ipsi
3420 3012 3683 3080 homines,
3712 3017 3801 3073 ubi

2216 3106 2436 3165 rogatur
2463 3097 2626 3166 Deus,
2653 3106 2709 3154 et
2734 3101 2969 3156 exaudit.
2998 3102 3248 3173 Quisquis
3276 3104 3417 3158 enim
3450 3114 3641 3175 praeter
3662 3116 3799 3163 tem-

2218 3188 2362 3258 plum
2391 3189 2483 3243 Dci
2512 3192 2745 3246 oraverit
2776 3192 2961 3261 Deum,
2992 3209 3096 3248 non
3123 3195 3405 3250 exauditur
3432 3197 3504 3251 ad
3538 3198 3680 3253 illam
3706 3213 3800 3269 pa-

2215 3296 2331 3336 cem
2361 3295 2604 3350 superna:
2628 3282 2919 3339 Jerusalem
2944 3325 2958 3351 ,
3007 3286 3107 3340 etsi
3145 3285 3426 3342 exauditur
3459 3287 3527 3344 ad
3558 3288 3797 3359 quaedam

2217 3373 2547 3441 temporalia,
2591 3389 2708 3444 qua:
2747 3374 2886 3430 Deus
2914 3384 2970 3430 et
3017 3376 3242 3447 Paganis
3287 3377 3523 3434 donavit.
3570 3380 3702 3435 Nam
3744 3389 3801 3438 et

2216 3462 2317 3531 ipsi
2339 3462 2611 3517 daemones
2634 3464 2869 3519 exauditi
2900 3475 3042 3533 sunt,
3064 3476 3121 3521 ut
3138 3468 3276 3522 irent
3294 3469 3344 3523 in
3367 3484 3556 3539 porcos
3582 3469 3796 3541 (Matth.

2213 3568 2306 3607 vui
2331 3595 2346 3619 ,
2375 3555 2436 3610 51
2466 3596 2482 3622 ,
2512 3554 2626 3624 52).
2658 3556 2910 3612 Exaudiri
2950 3558 3214 3625 ad,vitam
3241 3569 3494 3616 aeternam
3522 3562 3664 3617 aliud
3691 3571 3797 3631 est,

2214 3662 2313 3701 nec
2353 3648 2665 3703 conceditur
2707 3650 2809 3711 nisi
2851 3651 2901 3704 ei
2944 3653 3033 3721 qui
3064 3652 3116 3707 in
3147 3653 3344 3723 templo
3388 3654 3485 3710 Dei
3519 3664 3655 3710 orat.
3703 3655 3797 3712 Ille

2212 3746 2391 3792 autem
2419 3738 2472 3793 in
2500 3741 2699 3810 templo
2729 3740 2824 3795 Dei
2847 3750 2984 3807 orat,
3020 3744 3107 3813 qui
3135 3753 3252 3800 orat
3282 3745 3332 3798 in
3364 3760 3494 3817 pace
3516 3747 3793 3816 Ecclesiae,

2212 3830 2267 3886 in
2299 3833 2500 3888 unitate
2525 3835 2763 3903 corporis
2788 3834 3018 3900 Christi;
3048 3837 3191 3907 quod
3222 3852 3416 3909 corpus
3439 3839 3637 3896 Christi
3664 3857 3796 3898 con-

2212 3932 2318 3977 stat
2348 3938 2417 3978 ex
2446 3925 2627 3980 multis
2650 3925 2991 3981 credentibus
3018 3928 3072 3981 in
3107 3937 3217 3983 toto
3247 3932 3376 3986 orbe
3397 3940 3662 3988 terrarum
3698 3952 3711 3988 :
3741 3942 3797 3990 et

2212 4014 2331 4069 ideo
2355 4016 2665 4083 exauditur,
2698 4018 2787 4087 qui
2814 4017 2831 4049 ι
2862 4028 2980 4074 orat
3020 4020 3074 4074 in
3109 4021 3324 4091 templo.
3366 4023 3482 4093 ipse
3506 4024 3646 4080 enim
3678 4036 3797 4082 orat

2211 4107 2264 4161 in
2294 4109 2479 4177 spiritu
2501 4118 2554 4163 et
2579 4110 2825 4177 veritate,
2856 4110 2947 4180 qui
2972 4120 3091 4166 orat
3118 4113 3171 4167 in
3202 4128 3333 4184 pace
3366 4114 3655 4183 Ecclesiae;
3684 4134 3792 4175 non

2210 4200 2262 4255 in
2294 4200 2383 4254 illo
2408 4202 2604 4269 templo
2630 4201 2718 4255 ubi
2742 4201 2901 4272 ﬁgura
2931 4212 3048 4257 erat
3071 4202 3248 4276 (Joan.
3276 4221 3346 4273 tv,
3377 4205 3587 4278 21-24).

2278 4290 2333 4343 ‘2.
2364 4291 2665 4345 Secundum
2708 4292 2928 4361 ﬁguram
2972 4294 3115 4348 enim
3144 4294 3399 4350 Dominus
3435 4297 3663 4353 exclusit
3696 4298 3791 4354 ho-

2210 4381 2379 4436 mines
2407 4382 2473 4437 de
2504 4382 2719 4451 templo,
2748 4382 2866 4438 illos
2888 4384 2979 4453 qui
2999 4399 3091 4439 sua
3111 4386 3440 4454 quaerebant,
3474 4387 3524 4443 id
3543 4398 3643 4455 est,
3677 4404 3796 4459 pro-

2210 4483 2327 4544 pter
2355 4474 2691 4529 vendeudum
2732 4484 2787 4530 et
2825 4476 3109 4532 emendum
3152 4478 3299 4533 ibant
3326 4478 3378 4533 in
3418 4480 3695 4551 templum.
3735 4480 3794 4539 Si

2205 4574 2382 4619 autem
2410 4566 2572 4636 figura
2599 4574 2714 4620 erat
2740 4566 2865 4620 illud
2889 4568 3161 4638 templum,
3196 4570 3531 4626 manifestum
3560 4582 3642 4628 est
3670 4574 3794 4643 quia

2207 4664 2261 4712 et
2287 4672 2482 4726 corpus
2505 4656 2724 4722 Christi,
2752 4658 2891 4728 quod
2919 4669 3000 4713 est
3025 4675 3208 4715 verum
3238 4663 3491 4733 templum
3521 4664 3674 4735 cujus
3702 4665 3793 4721 illa

2206 4745 2381 4815 imago
2415 4755 2530 4800 erat
2548 4788 2562 4811 ,
2608 4745 2770 4802 habet
2814 4750 3104 4819 permixtos
3130 4762 3372 4809 ementes
3397 4762 3452 4809 ει
3475 4755 3792 4823 vendentes,

2208 4836 2259 4891 id
2284 4846 2366 4892 est
2391 4852 2484 4891 sua
2511 4841 2813 4907 quaerentes
2836 4882 2850 4904 ,
2881 4855 2984 4894 non
3009 4857 3127 4912 qua:
3146 4842 3273 4898 Jesu
3301 4842 3499 4900 Christi
3528 4846 3791 4919 (Philipp.

2205 4949 2262 4998 ιι,
2290 4932 2403 5003 21).
2453 4932 2556 4987 Sed
2584 4933 2936 4989 excluduntur
2961 4936 3085 4991 inde
3110 4935 3320 5007 ﬂagello
3342 4939 3626 4995 resticulas.
3680 4941 3798 4998 Re-

2204 5024 2301 5078 stis
2319 5024 2459 5079 enim
2491 5032 2702 5093 peccata
2729 5024 3010 5095 signiﬁcat,
3038 5026 3175 5081 sicut
3199 5026 3393 5083 dicitur
3420 5045 3513 5099 per
3544 5033 3793 5102 pmphe-

2204 5123 2310 5169 tam
2345 5131 2359 5167 :
2402 5113 2489 5169 Vte
2527 5115 2597 5168 eis
2622 5114 2708 5185 qui
2743 5119 2947 5170 trahunt
2981 5127 3183 5185 peccata
3213 5120 3343 5173 velut
3374 5131 3555 5175 restem
3586 5123 3800 5196 longam

2204 5206 2353 5275 (Isai.
2379 5223 2446 5271 v,
2481 5207 2591 5275 18).
2638 5205 2714 5260 11ιί
2742 5217 2917 5261 autem
2944 5209 3163 5264 trahunt
3190 5219 3407 5281 peccata
3430 5212 3569 5267 sicut
3591 5225 3797 5270 restem

2202 5298 2432 5369 longam,
2447 5299 2537 5368 qui
2559 5297 2759 5352 addunt
2783 5308 2997 5368 peccata
3016 5304 3279 5371 peccatis;
3306 5306 3537 5376 quicum
3567 5306 3802 5364 fecerint

2201 5405 2364 5444 unum
2394 5399 2689 5458 peccatum,
2715 5398 2773 5443 ut
2798 5392 3108 5460 cooperiant
3134 5393 3284 5462 illud,
3314 5394 3515 5451 faciunt
3534 5392 3797 5455 alterum.

2200 5480 2479 5548 Quomodo
2503 5481 2645 5535 enim
2673 5489 2732 5536 ut
2760 5485 2915 5540 restis
2935 5483 3043 5553 ﬁat,
3063 5487 3277 5542 additur
3296 5499 3535 5558 spartum
3566 5500 3758 5563 sparto
3780 5532 3801 5561 ,

2200 5591 2309 5632 non
2336 5583 2512 5628 autem
2543 5574 2594 5628 in
2643 5583 2846 5631 rectum
2888 5578 2966 5642 it,
3011 5578 3105 5634 sed
3145 5589 3421 5650 torquetur
3455 5600 3469 5637 :
3500 5583 3580 5637 sic
3612 5584 3806 5641 omnia

2200 5682 2361 5740 prava
2388 5665 2527 5721 facta
2554 5707 2571 5733 ,
2616 5682 2735 5736 qua:
2777 5678 2903 5723 sunt
2940 5680 3156 5738 peccata
3210 5687 3333 5727 cum
3362 5672 3633 5730 adduntur
3666 5674 3805 5742 sibi,

2273 5781 2292 5813 ⁸
2316 5785 2393 5831 Er.
2414 5777 2563 5849 Lugd.
2581 5785 2702 5829 Ven.
2721 5785 2774 5830 et
2789 5787 2922 5841 Lov.,
2945 5780 3076 5851 quia.
3170 5790 3228 5834 ll.
