4074 6470
247 299 259 307 ’
320 342 468 404 nos

319 476 379 525 et
404 466 474 522 de
503 468 726 535 peccato
764 466 1043 533 peccatum
1071 498 1086 527 ,
1131 464 1185 515 et
1220 466 1497 530 peccatum
1530 458 1598 513 ad
1636 462 1912 527 peccatum

318 557 661 621 annectitur,
710 554 769 608 ﬁt
792 553 951 609 restis
974 552 1151 622 longa.
1199 551 1435 619 Quorum
1469 550 1673 607 semitae
1711 564 1909 619 pravae,

319 658 379 704 et
398 647 626 703 ﬁexuosi
649 660 867 717 gressus
898 660 1084 701 eorum
1110 644 1230 716 (Job
1254 660 1333 713 vi,
1364 645 1479 714 i8).
1512 644 1628 710 Quo
1658 643 1799 699 valet
1826 659 1913 699 au-

208 804 223 817 '
319 749 435 795 tem
470 739 572 794 ista
597 738 755 793 restis
774 778 791 804 ,
821 736 926 793 nisi
954 747 1013 792 ut
1046 736 1169 793 inde
1188 738 1419 809 ligentur
1441 737 1491 791 ei
1527 750 1717 791 manus
1743 745 1797 792 et
1820 751 1909 807 pe-

317 831 419 888 des
446 874 461 900 ,
495 841 550 887 et
588 830 901 902 projiciatur
938 830 1163 901 quisque
1194 831 1248 886 in
1294 832 1543 887 tenebras
1567 831 1911 887 exteriores?

317 923 638 979 Meministis
690 923 836 978 enim
888 922 1086 978 dictum
1138 923 1206 979 de
1255 924 1487 994 quodam
1531 933 1813 995 peccatore
1856 925 1912 981 in

318 1015 657 1086 Evangelio:
698 1013 878 1085 Ligate
925 1015 1003 1069 illi
1048 1032 1229 1070 manus
1272 1026 1319 1070 et
1367 1018 1547 1087 pedes,
1595 1026 1642 1072 et
1683 1018 1911 1088 projicite

317 1110 471 1163 illum
493 1108 548 1163 in
564 1108 791 1163 tenebras
809 1108 1117 1174 exteriores;
1146 1108 1215 1163 ibi
1233 1110 1325 1164 erit
1345 1111 1491 1179 ﬂetus
1517 1118 1562 1164 et
1581 1111 1768 1165 stridor
1790 1111 1912 1166 den-

317 1201 449 1254 tium
478 1200 690 1272 (Matth.
736 1216 885 1269 xxn,
919 1199 1030 1271 15).
1084 1200 1203 1256 Νοιι
1238 1210 1381 1257 esset
1404 1201 1545 1257 unde
1570 1201 1645 1257 illi
1675 1202 1909 1273 ligaren-

317 1302 409 1349 tur
439 1307 630 1348 manus
654 1300 709 1347 et
738 1292 903 1363 pedes
926 1335 943 1361 ,
989 1292 1093 1347 nisi
1133 1293 1247 1364 ipse
1294 1293 1395 1350 sibi
1429 1304 1626 1350 restem
1670 1295 1907 1351 fecisset.

323 1386 477 1442 Unde
521 1385 857 1454 apertissime
899 1385 1005 1440 alio
1047 1385 1168 1441 loco
1195 1386 1449 1457 scriptum
1489 1396 1572 1443 est
1600 1405 1612 1441 :
1643 1387 1911 1443 Criniculis

318 1488 644 1551 peccatorum
673 1494 880 1532 suorum
930 1480 1271 1550 unusquisque
1318 1480 1676 1551 constringitur
1723 1479 1906 1551 (Prov.

317 1584 354 1626 v
375 1614 392 1639 ,
416 1572 530 1644 22).
562 1572 702 1643 Ergo
728 1572 851 1642 quia
876 1571 945 1626 de
970 1572 1201 1641 peccatis
1229 1573 1339 1628 suis
1368 1571 1614 1627 homines
1630 1573 1905 1643 vapulant,

314 1662 445 1720 ideo
493 1662 752 1718 Dominus
786 1662 1061 1735 ﬂagellum
1100 1664 1166 1719 de
1203 1664 1454 1719 resticula
1492 1665 1655 1733 fecit,
1688 1674 1744 1722 et
1785 1666 1909 1722 inde

318 1755 529 1814 ex’nulit
556 1755 622 1812 de
646 1755 847 1827 templo
870 1769 1058 1812 omnes
1077 1755 1167 1827 qui
1190 1771 1286 1814 sua
1307 1756 1637 1828 quierebant,
1661 1773 1767 1815 non
1788 1773 1909 1828 qua:

322 1849 458 1907 Jesu
490 1850 706 1905 Christi.

392 1946 448 1999 5.
478 1943 647 2014 Hujus
682 1957 810 2015 ergo
853 1943 1041 2015 templi
1065 1958 1169 2000 vox
1204 1952 1287 2001 est
1335 1944 1391 2000 in
1422 1945 1657 2002 Psalmo.
1714 1946 1772 2001 In
1804 1946 1908 2003 hoc

318 2036 558 2106 templo,
592 2044 650 2092 ut
672 2036 816 2104 dixi,
849 2045 1067 2108 rogatur
1106 2037 1248 2093 Deus
1270 2079 1287 2105 ,
1319 2051 1373 2093 et
1400 2038 1614 2094 exaudit
1634 2039 1688 2093 in
1720 2039 1907 2109 spiritu

318 2138 379 2185 et
402 2127 669 2195 veritate;
718 2143 825 2184 non
862 2128 917 2183 in
954 2128 1050 2184 illo
1073 2129 1359 2199 corporali.
1408 2128 1539 2183 Nam
1567 2129 1675 2185 illic
1717 2130 1906 2185 umbra

320 2230 476 2285 erat,
528 2220 583 2274 in
624 2235 729 2291 qua
756 2219 1216 2275 demonstraretur
1253 2220 1396 2291 quod
1423 2230 1706 2276 venturum
1743 2231 1901 2278 erat:

316 2311 442 2367 ideo
471 2311 599 2367 illud
622 2311 731 2383 jam
764 2311 974 2368 cecidit.
1034 2311 1239 2367 Cecidit
1270 2328 1398 2383 ergo
1433 2313 1623 2368 domus
1650 2314 1906 2369 orationis

316 2413 517 2461 nostra:
538 2406 560 2459 ?
589 2404 761 2461 Absit.
788 2404 905 2460 Non
931 2405 1075 2461 enim
1100 2405 1228 2461 illud
1250 2406 1504 2476 templum
1525 2405 1667 2477 quod
1690 2407 1903 2475 cecidit,

313 2494 425 2551 hoc
447 2497 618 2566 potuit
644 2496 749 2552 dici
778 2496 971 2553 domus
1007 2498 1264 2552 orationis
1289 2540 1303 2564 ,
1332 2498 1400 2553 de
1427 2512 1530 2568 qua
1557 2498 1759 2554 dictum
1782 2507 1863 2554 est
1888 2517 1900 2553 :

312 2588 517 2643 Domus
543 2604 653 2643 mea
672 2589 851 2645 domus
866 2590 1109 2643 orationis
1129 2590 1383 2643 vocabitur
1402 2590 1633 2644 omnibus
1657 2590 1899 2661 gentibus.

315 2679 564 2735 Audistis
593 2679 733 2734 enim
760 2679 885 2751 quid
925 2680 1116 2735 dixerit
1146 2680 1402 2737 Dominus
1426 2681 1579 2737 Jesus
1614 2680 1857 2738 Christus
1885 2700 1900 2737 :

312 2771 585 2838 Scriptum
623 2780 733 2838 est,
782 2771 975 2827 Domus
1006 2788 1117 2827 mea
1154 2773 1331 2827 domus
1370 2773 1613 2828 orationis
1648 2774 1904 2828 vocabitur

315 2861 551 2917 omnibus
595 2863 868 2934 gentibus;
912 2879 998 2919 vos
1032 2871 1198 2918 autem
1241 2863 1427 2936 fecistis
1465 2880 1575 2918 eam
1612 2865 1904 2935 speluncam

314 2954 573 3009 latronum
601 2953 817 3023 (Matth.
862 2970 953 3009 xxt
977 2996 991 3021 ,
1025 2956 1121 3024 12,
1150 2956 1252 3021 15;
1302 2964 1349 3010 et
1391 2954 1547 3010 loan.
1578 2971 1651 3023 ιι,
1684 2956 1899 3027 14-16).

313 3044 583 3116 Numquid
613 3046 690 3101 illi
714 3046 804 3117 qui
830 3047 1111 3104 voluerunt
1136 3048 1313 3104 facere
1336 3047 1552 3104 domum
1574 3047 1670 3103 Dei
1691 3048 1905 3118 spelun-

311 3152 437 3195 cam
467 3137 728 3194 latronum
753 3179 768 3204 ,
812 3138 1055 3196 fecerunt
1090 3147 1150 3194 ut
1184 3147 1363 3195 rueret
1392 3138 1691 3209 templum?
1734 3138 1823 3194 Sic
1850 3146 1904 3194 et

312 3230 393 3292 illi
417 3231 506 3301 qui
529 3231 667 3287 male
689 3232 875 3289 vivunt
898 3232 952 3288 in
981 3232 1223 3289 Ecclesia
1251 3230 1531 3299 catholica,
1564 3239 1817 3301 quantum
1847 3232 1903 3287 in

312 3320 449 3391 ipsis
476 3330 577 3389 est,
615 3322 835 3379 domum
860 3323 955 3379 Dei
986 3323 1168 3379 volunt
1192 3321 1369 3377 facere
1396 3322 1709 3392 speluncam
1736 3320 1901 3377 latro-

313 3410 477 3482 itum;
505 3431 605 3472 nec
630 3416 750 3473 ideo
776 3424 1021 3474 evertunt
1044 3416 1321 3487 templum.
1369 3414 1558 3470 Veniet
1587 3414 1731 3470 enim
1760 3422 1898 3469 tem-

315 3520 419 3577 pus
438 3548 452 3572 ,
480 3508 692 3578 quando
722 3508 789 3564 de
817 3516 959 3564 reste
989 3516 1329 3578 peccatorum
1356 3520 1573 3561 suorum
1602 3505 1747 3560 foras
1777 3504 1901 3559 mit-

316 3606 518 3653 tantur.
550 3599 661 3654 lloc
688 3609 867 3657 autem
893 3600 1148 3671 templum
1172 3599 1305 3665 Dei,
1331 3598 1435 3653 hoc
1461 3612 1653 3667 corpus
1676 3595 1897 3665 Christi,

316 3692 434 3748 haec
463 3694 800 3765 congregatio
828 3693 1063 3749 ﬁdelium
1081 3708 1240 3749 unam
1268 3706 1455 3747 vocem
1475 3690 1671 3757 habet,
1709 3700 1763 3746 et
1793 3699 1902 3745 tan-

312 3800 478 3855 quam
504 3800 639 3840 unus
667 3788 827 3841 homo
855 3792 1032 3840 cantat
1073 3784 1126 3839 in
1169 3783 1403 3838 Psalmo.
1437 3783 1564 3851 Ejus
1590 3796 1773 3837 vocem
1790 3782 1901 3850 jam

313 3876 369 3930 in
402 3877 583 3931 multis
610 3875 826 3947 psalmis
851 3875 1183 3939 audivimus;
1213 3873 1492 3929 audiamus
1520 3881 1576 3929 et
1604 3872 1656 3926 in
1683 3873 1807 3927 isto.
1843 3871 1901 3927 Si

313 3969 565 4023 volumus
588 4008 603 4033 ,
637 3976 817 4023 nostra
846 3981 948 4021 vox
974 3974 1085 4031 est;
1116 3967 1160 4020 si
1186 3965 1433 4020 volumus
1453 4006 1469 4032 ,
1498 3979 1629 4019 aure
1654 3963 1900 4019 audimus

310 4067 622 4114 cantantem
649 4099 665 4125 ,
707 4067 760 4113 et
783 4072 882 4114 nos
909 4057 1071 4112 corde
1106 4064 1403 4113 cantamus.
1459 4054 1517 4110 Si
1544 4064 1722 4110 autem
1748 4054 1900 4109 nolu-

311 4166 459 4215 mus,
485 4150 685 4205 erimus
714 4149 768 4203 in
794 4150 887 4205 illo
914 4149 1109 4220 templo
1134 4156 1385 4218 tanquam
1414 4154 1673 4210 ementes,
1703 4155 1757 4202 et
1779 4160 1901 4201 ven-

310 4242 507 4298 dentes
531 4282 546 4307 ,
579 4240 633 4294 id
677 4250 759 4296 est
780 4281 795 4308 ,
847 4248 1028 4295 nostra
1054 4246 1355 4309 quaerentes
1384 4255 1398 4291 :
1431 4238 1688 4292 intramus
1713 4235 1900 4292 Eccle-

314 4335 473 4399 siam,
506 4346 615 4387 non
637 4331 705 4387 ad
726 4346 790 4388 ea
819 4347 938 4402 quae
966 4331 1177 4401 placent
1202 4329 1373 4385 oculis
1400 4330 1515 4385 Dei.
1541 4328 1745 4385 Viderit
1771 4342 1900 4399 ergo

315 4426 371 4481 in
417 4438 638 4481 numero
682 4432 864 4480 vestro
902 4424 1021 4494 quis
1056 4420 1323 4493 quomodo
1362 4421 1562 4487 audiat,
1603 4429 1780 4476 utrum
1806 4435 1901 4475 au-

313 4517 430 4572 diat
475 4525 530 4571 et
584 4515 834 4583 irrideat,
880 4523 1056 4570 utrum
1110 4514 1291 4569 audiat
1338 4522 1394 4569 et
1444 4521 1566 4583 post
1607 4527 1669 4568 se
1713 4520 1895 4583 ponat,

316 4616 497 4663 utrum
540 4606 718 4663 audiat
752 4615 807 4664 et
843 4614 1142 4674 consonet,
1189 4605 1243 4661 id
1272 4615 1397 4674 est,
1444 4605 1640 4661 sentiat
1677 4604 1765 4660 hic
1800 4620 1897 4660 vo-

318 4714 436 4755 cem
494 4713 643 4754 suam
668 4742 683 4767 ,
747 4706 801 4755 et
847 4698 1101 4769 adiungat
1157 4712 1343 4753 vocem
1406 4696 1582 4753 cordis
1641 4698 1723 4751 sui
1776 4696 1896 4752 voci

317 4793 511 4866 Mmi
555 4793 733 4863 hujus.
780 4793 981 4848 Tamen
1014 4806 1118 4846 vox
1142 4790 1333 4860 psalmi
1372 4788 1529 4860 hujus
1566 4804 1676 4845 non
1719 4798 1895 4856 tacet;

317 4889 652 4945 instruantur
686 4887 777 4958 qui
824 4895 1089 4957 possunt,
1133 4885 1240 4939 imo
1279 4884 1369 4953 qui
1412 4884 1633 4947 volunt;
1679 4883 1768 4952 qui
1798 4896 1898 4937 no-

315 4983 459 5051 lunt,
486 4997 593 5038 non
618 4981 928 5053 impediant.
966 4976 1379 5035 Commendetur
1406 4976 1559 5032 nobis
1586 4975 1895 5042 humilitas;

316 5073 446 5129 inde
471 5073 652 5143 ccepit.

386 5167 441 5222 4.
476 5163 499 5241 [
522 5181 651 5220 vers.
683 5162 775 5237 1.]
803 5162 1018 5218 Domine
1043 5202 1058 5229 ,
1087 5177 1189 5215 non
1210 5168 1279 5215 est
1308 5159 1581 5215 exaltatum
1604 5174 1692 5213 cor
1710 5174 1896 5213 meum.

316 5256 653 5315 Sacriﬁcium
682 5256 890 5312 obtulit.
920 5254 1075 5311 Unde
1102 5252 1386 5323 probamus
1423 5252 1546 5321 quia
1578 5251 1897 5306 sacriﬁcium

312 5349 549 5405 obtulit?
578 5348 711 5416 Quia
739 5347 1006 5402 humilitas
1026 5346 1202 5401 cordis
1223 5344 1539 5400 sacriﬁcium
1565 5352 1669 5399 est.
1698 5344 1901 5399 Dicitur

312 5444 370 5499 in
407 5442 515 5497 alio
544 5442 751 5512 psalmo
773 5480 788 5506 ,
822 5439 1074 5502 Quoniam
1103 5439 1143 5492 si
1173 5437 1413 5492 voluisses
1439 5435 1743 5505 sacriﬁcium
1763 5477 1777 5501 ,
1809 5436 1900 5491 de-

316 5536 504 5591 dissem
539 5534 727 5604 utique.
767 5531 907 5588 Satis
946 5530 1158 5585 volebat
1189 5528 1363 5584 facere
1400 5529 1510 5584 Deo
1538 5543 1636 5599 pro
1668 5529 1900 5599 peccatis

317 5626 464 5692 suis,
494 5624 782 5695 propitiare
807 5622 955 5677 illum
971 5619 1184 5675 volebat
1203 5661 1216 5684 ,
1246 5628 1306 5673 ut
1323 5620 1589 5689 acciperet
1618 5620 1899 5690 indulgen-

315 5717 447 5772 tiam
476 5727 815 5788 peceatorum
848 5734 860 5769 :
891 5722 946 5771 et
972 5714 1125 5785 quasi
1148 5728 1399 5784 quaerens
1426 5714 1566 5769 unde
1594 5715 1745 5771 illum
1769 5731 1900 5785 pro-

317 5815 566 5897 pitiaret,
602 5813 664 5870 Si
703 5813 942 5867 voluisses
967 5852 984 5878 ,
1025 5809 1233 5880 inquit,
1279 5809 1901 5886 sacriﬁcium,dedissem

559 5908 788 5979 Sutor.
831 5909 1110 5972 Auavsr.
1153 5903 1261 5969 ιν.

1385 329 1782 391 ENARRATIO
1820 326 1884 385 IN
1920 325 2246 391 PSALMUM
2283 334 2496 397 CXXX.

3466 355 3606 420 1706

2020 454 2237 523 utique;
2279 458 2587 517 holocaustis
2626 478 2729 519 non
2770 465 3114 528 delectaberis.
3158 472 3301 546 Ergo
3338 479 3609 549 superﬂue

2017 549 2291 639 quaerebat
2317 561 2410 607 aut
2437 554 2633 611 arietes
2651 598 2667 622 ,
2700 567 2791 614 aut
2816 567 3001 618 tauros
3019 605 3035 632 ,
3062 573 3154 621 aut
3188 566 3417 639 aliquam
3444 573 3605 629 talem

2017 635 2321 735 victimam,
2363 645 2506 700 unde
2543 647 2848 718 placaretur
2893 652 3055 709 Deus.
3102 656 3239 724 Quid
3274 635 3446 731 ergo?
3478 665 3603 735 quia

2018 726 2344 823 holocaustis
2381 750 2488 791 non
2530 737 2824 797 delectatur
2854 743 2994 801 Deus
3017 786 3033 814 ,
3067 763 3175 804 non
3209 726 3401 823 accipit
3432 726 3605 811 sacri-

2017 820 2195 876 ﬁcium
2216 863 2231 889 ,
2262 832 2317 881 et
2341 826 2456 882 sine
2485 830 2747 887 sacriﬁcio
2777 834 3054 904 placatur?
3079 839 3136 895 Si
3165 820 3370 898 nullum
3396 847 3604 903 sacriﬁ-

2015 911 2159 967 cium
2197 923 2311 984 est,
2352 919 2533 975 nullus
2565 924 2834 982 sacerdos.
2877 927 2938 983 Si
2974 938 3151 987 autem
3180 932 3438 994 habemus
3464 940 3480 970 ¹
3511 954 3604 995 sa-

2016 1004 2287 1062 cerdotem
2316 1008 2369 1063 in
2398 1012 2572 1081 coelis,
2602 1017 2690 1086 qui
2729 1033 2826 1087 pro
2846 1021 2999 1077 nobis
3027 1023 3330 1096 interpellat
3350 1029 3601 1089 Patrem:

2017 1096 2271 1166 (Intravit
2299 1102 2441 1156 enim
2470 1104 2523 1158 in
2543 1116 2726 1163 sancta
2746 1121 3050 1169 sanctorum
3071 1156 3086 1181 ,
3119 1116 3172 1171 in
3195 1118 3443 1175 interiora
3474 1124 3602 1191 veli,

2016 1204 2122 1261 quo
2164 1206 2271 1246 non
2323 1192 2554 1251 intrabat
2594 1202 2842 1259 sacerdos
2878 1205 2931 1260 in
2973 1207 3143 1278 ﬁgura
3184 1211 3287 1267 nisi
3335 1216 3501 1271 semel
3542 1217 3599 1272 in

2015 1295 2156 1337 anno
2178 1324 2193 1349 ,
2224 1284 2364 1340 sicut
2389 1296 2445 1341 et
2484 1288 2739 1349 Dominus
2766 1296 2819 1350 in
2851 1305 2961 1353 toto
2989 1308 3227 1371 tempore
3256 1305 3426 1361 semel
3454 1307 3606 1362 obla-

2016 1380 2102 1473 tus
2131 1383 2237 1473 est.
2261 1376 2382 1473 ipse
2402 1378 2591 1435 obtulit
2619 1398 2697 1451 se,
2720 1385 2835 1454 ipse
2859 1390 3129 1456 sacerdos,
3148 1393 3262 1464 ipse
3280 1396 3515 1463 victima,
3547 1407 3603 1454 et

2014 1465 2232 1520 intravit
2259 1467 2312 1521 in
2333 1478 2515 1525 sancta
2544 1482 2847 1531 sanctorum
2877 1481 3043 1537 semel
3065 1480 3249 1554 [Hebr.
3278 1484 3375 1559 ix],
3414 1496 3469 1544 et
3489 1489 3602 1559 jam

2014 1572 2121 1612 non
2163 1560 2409 1630 moritur,
2446 1579 2545 1620 nec
2583 1580 2730 1622 mors
2768 1570 2819 1624 ei
2856 1571 2993 1627 ultra
3018 1574 3379 1634 dominabitur
3410 1579 3602 1653 [Rom.

2014 1666 2088 1743 vi,
2120 1652 2198 1725 9])
2232 1671 2245 1719 ;
2287 1658 2464 1712 securi
2508 1673 2693 1715 sumus
2721 1702 2736 1729 ,
2777 1664 2899 1732 quia
2927 1664 3185 1724 habemus
3211 1652 3598 1743 Sacerdotem;

2014 1742 2088 1797 ibi
2127 1743 2412 1803 oﬁ‘eramus
2432 1758 2487 1804 et
2522 1749 2772 1807 hostiam.
2799 1754 3089 1812 Videamus
3118 1761 3259 1830 quod
3283 1764 3605 1820 sacriﬁcium

2012 1832 2270 1892 debemus
2315 1838 2552 1908 oﬁ‘erre;
2601 1844 2724 1912 quia
2775 1843 3099 1904 holocaustis
3149 1866 3259 1907 non
3298 1854 3596 1911 delectatur

2012 1924 2153 1982 Deus
2177 1938 2381 1999 noster,
2413 1933 2548 1988 sicut
2573 1936 2795 1993 audistis
2814 1938 2867 1993 in
2884 1940 3110 2010 psalmo.
3128 1941 3235 1999 Sed
3264 1946 3336 2000 ibi
3365 1950 3605 2018 sequitur

2012 2026 2067 2072 et
2092 2021 2321 2076 ostendit
2345 2024 2471 2093 quid
2497 2025 2687 2082 oﬁ‘erat
2714 2048 2727 2083 :
2757 2030 3083 2101 Sacriﬁcium
3113 2034 3224 2091 Deo
3249 2038 3459 2107 spiritus
3474 2058 3599 2096 con-

2013 2112 2277 2168 tribulatus
2294 2130 2315 2169 :
2329 2131 2416 2170 cor
2437 2120 2707 2173 contritum
2731 2131 2778 2175 et
2806 2123 3147 2181 humilitatum
3174 2129 3315 2185 Deus
3341 2148 3442 2185 non
3460 2150 3606 2204 sper.

2011 2202 2084 2256 nit
2115 2202 2281 2275 (Psal.
2313 2208 2656 2281 1.,18,19).
2696 2212 2753 2267 Si
2792 2228 2919 2286 ergo
2946 2216 3279 2276 humiliatum
3318 2238 3413 2279 cor
3439 2202 3606 2282 sacri-

2010 2294 2187 2351 ﬁcium
2219 2298 2330 2354 Deo
2354 2308 2455 2368 est,
2487 2304 2807 2361 sacriﬁcium
2834 2308 3023 2365 obtulit
3050 2314 3141 2382 qui
3166 2314 3333 2372 dixit:
3363 2318 3600 2392 Domine,

2010 2404 2114 2443 non
2138 2399 2211 2444 est
2233 2393 2508 2449 exaltatum
2534 2412 2621 2451 cor
2642 2401 2965 2457 meum.Vide
2990 2404 3097 2461 alio
3121 2406 3239 2463 loco
3265 2410 3343 2465 sic
3368 2412 3601 2471 oll‘eren-

2011 2488 2118 2535 tem
2148 2499 2164 2536 :
2191 2481 2320 2538 dicit
2364 2485 2509 2555 Deo,
2547 2487 2676 2544 Vide
2720 2491 3053 2550 humilitatem
3094 2515 3257 2554 meam
3289 2512 3337 2556 et
3378 2504 3600 2563 laborem

2009 2586 2211 2672 meum:
2238 2584 2285 2628 et
2308 2575 2502 2672 dimitte
2527 2581 2697 2635 omnia
2723 2594 2929 2652 peccata
2954 2603 3067 2642 mea
3098 2588 3271 2661 (Psal.
3306 2610 3453 2663 xxxv,
3478 2600 3594 2672 18).

2078 2663 2134 2717 5.
2164 2663 2416 2759 Domine,
2448 2686 2550 2723 non
2578 2681 2651 2725 est
2674 2674 2951 2729 exaltatum
2990 2694 3077 2733 cor
3116 2698 3279 2737 meum
3300 2727 3315 2752 ,
3354 2704 3514 2758 neque
3548 2663 3604 2746 in

2006 2756 2175 2811 altum'
2213 2759 2332 2813 elati
2379 2770 2495 2816 sunt
2542 2766 2676 2819 oculi
2717 2769 2855 2836 mei;
2884 2786 3039 2841 neque
3084 2774 3342 2844 ingressus
3387 2756 3499 2836 sum
3547 2785 3604 2839 in

2008 2851 2240 2943 magnis,
2289 2870 2446 2924 neque
2484 2856 2537 2910 in
2574 2858 2887 2917 mirabilibus
2919 2880 3070 2934 super
3104 2885 3202 2924 me.
3243 2870 3356 2927 Hoc
3393 2874 3602 2943 planius

2008 2940 2335 3037 dicatur,_et
2371 2946 2634 3005 audiatur.
2664 2948 2781 3007 Non
2819 2953 2897 3009 fui
2936 2958 3199 3027 superbus
3223 3003 3239 3029 ,
3270 2940 3414 3019 nolui
3449 2968 3603 3037 quasi

2008 3031 2065 3088 in
2111 3035 2445 3095 mirabilibus
2483 3040 2819 3100 innotescere
2862 3045 3205 3119 hominibus;
3242 3070 3343 3111 nec
3379 3031 3604 3128 quaesivi

2008 3126 2207 3219 aliquid
2245 3144 2406 3201 supra
2439 3132 2580 3189 vires
2618 3150 2796 3202 meas,
2836 3139 2978 3195 unde
3018 3157 3105 3199 me
3139 3146 3281 3214 apud
3324 3126 3601 3219 imperitos

2004 3216 2284 3287 iactarem.
2314 3221 2559 3278 Intendat
2586 3224 2830 3283 Charitas
2859 3239 3073 3299 vestra;
3104 3249 3293 3306 magna
3331 3216 3418 3295 res
3447 3256 3600 3297 com-

2006 3313 2310 3368 mendatur.
2352 3316 2629 3383 Quomodo
2671 3318 2854 3377 Simon
2893 3322 2983 3379 ille
3021 3341 3205 3396 magus
3242 3330 3295 3383 in
3340 3334 3597 3391 mirabili-

2006 3404 2105 3459 bus
2147 3405 2351 3475 ingredi
2380 3407 2591 3465 volebat
2629 3424 2789 3481 super
2832 3428 2926 3483 se,
2963 3426 3245 3488 propterea
3283 3422 3399 3491 plus
3444 3425 3598 3484 illum

2007 3494 2291 3551 delectavit
2314 3500 2547 3568 potentia
2570 3501 2964 3575 Apostolorum,
2996 3522 3154 3577 quam
3197 3510 3400 3580 justitia
3440 3512 3598 3571 Citri-

2007 3588 2322 3645 stianorum.
2347 3591 2418 3646 At
2440 3592 2533 3648 ubi
2550 3592 2683 3649 vidit
2706 3609 2802 3666 per
2820 3611 3011 3653 manus
3033 3600 3428 3671 impositionem
3452 3608 3599 3678 Apo-

2008 3682 2267 3737 stolorum
2293 3692 2347 3739 et
2371 3699 2467 3754 per
2485 3687 2757 3743 orationes
2780 3703 2966 3744 eorum
2998 3691 3164 3747 Deum
3200 3694 3327 3751 dare
3352 3696 3597 3756 ﬁdelibus

2007 3771 2261 3841 Spiritum
2302 3783 2582 3843 sanctum;
2614 3787 2667 3832 et
2692 3780 2815 3848 quia
2859 3788 2984 3836 tunc
3020 3798 3119 3852 per
3154 3785 3467 3844 miraculum
3496 3789 3594 3846 de-

2006 3865 2403 3920 monstrabatur
2431 3868 2692 3924 adventus
2718 3869 2947 3939 Spiritus
2974 3874 3177 3942 sancti,
3210 3886 3269 3931 ut
3291 3878 3483 3949 linguis
3510 3881 3593 3935 lo-

2005 3967 2311 4028 querentur,
2344 3974 2477 4029 quas
2523 3976 2630 4016 non
2675 3962 3014 4033 didicerant,
3048 3981 3234 4025 omnes
3272 3984 3434 4042 super
3458 3990 3593 4044 quos

2004 4051 2250 4107 veniebat
2278 4051 2504 4122 Spiritus
2535 4064 2749 4111 sanctus
2777 4057 2798 4127 (
2817 4071 2914 4113 nec
2939 4058 3061 4115 ideo
3098 4061 3260 4119 modo
3290 4079 3397 4121 non
3436 4066 3595 4125 datur

2006 4143 2235 4213 Spiritus
2277 4150 2493 4199 sanctus
2519 4186 2535 4212 ,
2580 4147 2700 4216 quia
2750 4147 2943 4220 linguis
2988 4166 3094 4206 non
3150 4154 3458 4225 loquuntur,
3502 4160 3594 4229 qui

2005 4235 2249 4292 credunt.
2281 4236 2407 4292 ideo
2431 4238 2575 4293 enim
2604 4247 2732 4295 tunc
2756 4244 3037 4311 oportebat
3077 4254 3137 4300 ut
3172 4247 3366 4317 linguis
3406 4250 3593 4319 loque-

2003 4334 2207 4394 rentur,
2235 4335 2293 4382 ut
2328 4328 2689 4398 signiﬁcarent
2717 4344 2904 4386 omnes
2942 4333 3147 4404 linguas
3181 4334 3394 4395 Christo
3421 4340 3596 4396 credi-

2004 4428 2171 4476 turas.
2200 4419 2301 4477 Ubi
2330 4421 2608 4491 impletum
2636 4434 2719 4479 est
2745 4425 2887 4494 quod
2912 4426 3327 4499 signiﬁcabatur,
3356 4434 3585 4490 miracu-

2004 4511 2114 4566 lum
2143 4512 2378 4567 ablatum
2406 4512 2512 4583 est)
2545 4532 2557 4568 :
2585 4528 2706 4569 cum
2736 4530 2863 4586 ergo
2892 4516 2995 4573 hoc
3021 4518 3227 4575 videret
3256 4521 3439 4578 Simon
3456 4566 3471 4591 ,
3501 4538 3594 4579 νον

2003 4602 2101 4658 luit
2130 4604 2253 4658 talia
2285 4603 2492 4671 facere,
2519 4619 2628 4659 non
2656 4605 2777 4661 talis
2806 4620 2960 4674 esse;
2991 4616 3047 4663 et
3083 4611 3251 4666 nostis
3280 4613 3404 4683 quia
3429 4615 3589 4671 etiam

2002 4694 2227 4765 pecunia
2278 4695 2481 4764 putavit
2533 4697 2951 4766 comparandum
3012 4698 3272 4770 Spiritum
3326 4715 3590 4763 sanctum.

2003 4784 2135 4840 Erat
2159 4799 2287 4856 ergo
2312 4786 2380 4842 de
2399 4786 2592 4842 talibus
2614 4788 2704 4859 qui
2734 4789 2787 4843 in
2812 4791 3067 4862 templum
3093 4793 3294 4849 intrant
3319 4796 3386 4850 ad
3410 4813 3594 4855 emen-

2004 4876 2130 4931 dum
2158 4886 2213 4931 et
2240 4876 2609 4944 vendendum;
2633 4895 2816 4936 emere
2839 4882 3055 4939 volebat
3069 4885 3214 4955 quod
3234 4886 3463 4944 vendere
3483 4889 3594 4947 dis-

2006 4969 2235 5040 ponebat
2264 4987 2277 5024 :
2301 4979 2354 5025 et
2380 4986 2507 5027 vere
2528 5013 2543 5038 ,
2573 4972 2765 5028 fratres
2792 4976 2927 5041 mei,
2959 4977 3081 5046 quia
3109 4978 3229 5033 talis
3258 4979 3349 5035 ille
3371 4990 3504 5048 erat,
3538 4992 3594 5038 et

2003 5062 2080 5117 sic
2106 5061 2396 5118 intraverat
2422 5063 2490 5118 ad
2511 5078 2623 5118 eos.
2653 5065 2909 5121 Dominus
2930 5067 3048 5122 illos
3068 5070 3271 5138 expulit
3293 5070 3362 5127 de
3392 5074 3591 5143 templo

2002 5155 2093 5224 qui
2128 5154 2399 5210 columbas
2434 5156 2769 5223 vendebant;
2810 5158 3053 5213 columba
3104 5169 3283 5216 autem
3333 5161 3587 5233 Spiritum

2004 5256 2247 5301 sanctum
2274 5247 2535 5317 signiﬁcat
2564 5268 2577 5303 :
2604 5249 2815 5305 volebat
2834 5264 2962 5319 ergo
2982 5249 3167 5306 Simon
3188 5267 3368 5309 emere
3393 5257 3591 5313 colum-

2002 5337 2124 5393 bam
2148 5377 2163 5403 ,
2195 5346 2249 5393 et
2273 5338 2505 5394 vendere
2538 5338 2872 5405 columbam;
2902 5342 3129 5398 accessit
3157 5343 3412 5403 Dominus
3437 5348 3592 5406 Jesus

2004 5427 2267 5495 Christus,
2292 5430 2382 5499 qui
2410 5430 2683 5485 habitabat
2711 5432 2763 5485 in
2794 5431 2974 5498 Petro,
3004 5442 3059 5489 et
3087 5435 3297 5505 ﬂagello
3325 5441 3591 5498 resticula:

2006 5520 2209 5590 expulit
2237 5521 2378 5576 foras
2405 5522 2603 5576 malum
2630 5532 2983 5579 mercatorem
3019 5525 3152 5596 (Act.
3182 5541 3296 5594 vui,
3329 5530 3541 5601 18-25).

2078 5612 2130 5668 6.
2161 5614 2302 5685 Ergo
2327 5622 2452 5668 sunt
2481 5614 2723 5670 homines
2754 5630 2887 5685 quos
2916 5616 3144 5673 delectat
3170 5621 3484 5679 miraculum
3511 5625 3590 5681 fa-

2006 5719 2147 5773 cere,
2178 5705 2325 5761 etab
2345 5707 2423 5761 eis
2446 5707 2535 5777 qui
2565 5709 2905 5777 profecerunt
2928 5711 2983 5767 in
3009 5711 3249 5770 Ecclesia
3277 5718 3589 5785 miraculum

2073 5822 2093 5853 ι
2118 5827 2249 5883 μοι,
2266 5819 2352 5874 sed
2375 5818 2618 5876 habemus.
2715 5829 2772 5872 ιι.

2705 5908 3402 5997 (Cinquanle-quatre.)
