4074 6478
485 462 815 532 exigunt;et
841 455 942 528 ipsi
967 454 1058 525 qui
1080 451 1231 522 quasi
1257 448 1545 520 profecisse
1568 445 1669 503 sibi
1698 445 1967 512 videntur,
1996 452 2077 501 ta-

486 553 558 610 lia
580 554 764 608 volunt
789 548 986 613 facere,
1016 554 1070 599 et
1098 547 1285 613 putant
1304 555 1364 597 se
1379 539 1445 595 ad
1476 540 1646 595 Deum
1670 554 1776 595 non
1805 538 2076 609 pertinere

487 646 536 702 si
566 659 673 701 non
698 640 940 699 fecerint.
970 635 1223 691 Dominus
1252 642 1431 688 autem
1457 632 1596 687 Deus
1622 638 1825 698 noster,
1857 630 1946 700 qui
1977 643 2077 686 no-

490 737 568 791 vit
596 733 724 806 quid
756 732 841 787 cui
869 728 1098 793 tribuat,
1122 735 1176 781 et
1196 733 1255 780 ut
1291 730 1534 780 servetur
1556 736 1815 794 compago
1835 722 2076 793 corpOri's

490 827 546 882 in
584 838 733 895 pace,
771 819 1057 891 alloquitur
1095 816 1389 872 Ecclesiam
1425 828 1523 886 per
1563 813 1879 884 Apostolum
1908 830 1922 867 :
1954 813 2077 867 Non

493 925 649 988 potest
692 915 857 969 dicere
900 911 1076 966 oculus
1123 910 1329 977 manui,
1361 908 1503 978 Opus
1547 916 1593 961 te
1628 922 1731 962 non
1761 908 1954 972 habeo;
1988 916 2076 962 aut

487 1013 672 1064 iterum
708 1015 860 1078 caput
891 1004 1127 1077 pedibus,
1159 1002 1303 1071 Opus
1330 1000 1467 1056 vobis
1491 1016 1592 1055 non
1621 1001 1796 1054 habeo.
1829 999 1891 1055 Si
1918 1008 2076 1053 totum

491 1118 674 1172 corpus
713 1100 912 1164 oculus,
942 1100 1025 1152 ubi
1053 1096 1294 1151 auditus?
1332 1096 1375 1149 si
1423 1103 1576 1148 totum
1617 1109 1797 1164 corpus
1830 1093 2072 1161 auditus,

488 1197 573 1252 ubi
590 1194 872 1251 odoratus?
893 1193 1033 1261 Ergo
1054 1192 1109 1245 in
1134 1189 1390 1244 membris
1410 1188 1608 1243 nostris
1631 1186 1840 1252 videtis,
1860 1184 2071 1253 fratres,

488 1286 758 1359 quomodo
800 1284 1003 1355 singula
1044 1281 1276 1336 ofﬁciunt
1325 1294 1479 1334 suum
1530 1278 1760 1332 habeam
1810 1278 2070 1333 membra.

487 1379 687 1435 Oculus
714 1376 877 1443 videt,
904 1384 957 1430 et
984 1388 1089 1427 non
1116 1371 1295 1437 audit;
1324 1370 1468 1425 auris
1493 1369 1660 1436 audit,
1692 1376 1870 1422 etnon
1898 1367 2072 1434 videt;

486 1486 678 1528 manus
716 1472 984 1538 Operatur,
1021 1479 1119 1518 nec
1144 1463 1322 1529 audit,
1352 1475 1451 1516 nec
1488 1459 1664 1524 videt;
1698 1472 1792 1529 pes
1815 1458 2072 1525 ambulat,

484 1579 589 1621 nec
619 1562 798 1628 audit,
836 1574 933 1615 nec
975 1557 1147 1621 videt,
1176 1570 1277 1610 nec
1304 1553 1429 1608 facit
1456 1551 1600 1623 quod
1636 1565 1847 1605 manus.
1887 1548 1989 1605 Sed
2020 1549 2077 1605 in

488 1672 600 1712 uno
625 1668 851 1725 corpore
889 1653 933 1707 si
966 1652 1032 1705 sit
1063 1649 1260 1704 sanitas
1286 1690 1300 1715 ,
1343 1656 1397 1702 et
1440 1660 1546 1700 non
1574 1644 1855 1700 adversum
1883 1656 1941 1698 se
1968 1642 2074 1697 liti-

402 1758 403 1761 ‘
488 1758 617 1821 gent
643 1748 902 1812 membra,
931 1744 1071 1798 auris
1100 1742 1242 1796 videt
1288 1741 1341 1794 in
1388 1740 1541 1794 oculo
1564 1779 1580 1805 ,
1617 1737 1802 1792 oculus
1840 1735 1989 1791 audit
2022 1734 2074 1788 in

491 1855 620 1896 aure
645 1856 659 1906 ;
694 1854 791 1893 nec
813 1836 970 1905 objici
998 1843 1171 1904 potest
1196 1832 1310 1885 auri
1334 1830 1474 1900 quod
1503 1844 1607 1883 non
1636 1827 1818 1895 videt,
1849 1835 1908 1881 ut
1932 1826 2077 1881 dica-

484 1943 576 1987 tur
606 1933 654 1987 ei
679 1950 692 1985 :
715 1929 857 1984 Nihil
884 1942 962 1991 es,
993 1927 1166 1980 minor
1192 1940 1249 1978 es
1270 1940 1282 1985 ;
1307 1921 1562 1991 numquid
1584 1919 1764 1973 videre
1793 1927 1848 1973 et
1871 1918 2075 1973 discer-

490 2040 624 2080 nere
671 2023 879 2077 colores
922 2002 1113 2090 petes,
1157 2015 1298 2085 quod
1347 2014 1470 2068 facit
1515 2013 1742 2067 oculus?
1770 2011 2078 2081 Respondet

492 2118 636 2172 enim
663 2115 806 2169 auris
832 2113 898 2167 de
926 2125 1052 2180 pace
1075 2108 1337 2177 corporis,
1364 2114 1420 2161 et
1445 2104 1573 2160 dicit
1604 2123 1616 2158 :
1650 2104 1724 2159 lbi
1755 2119 1871 2159 sum
1890 2104 1974 2158 ubi
1995 2112 2078 2159 est

488 2211 707 2270 oculus,
745 2208 793 2259 in
824 2220 888 2260 eo
913 2215 1137 2271 corpore
1167 2215 1319 2264 sum;
1349 2200 1400 2252 in
1426 2213 1512 2253 me
1542 2213 1647 2253 non
1674 2198 1829 2252 video
1851 2235 1868 2261 ,
1904 2195 1957 2251 in
1987 2196 2076 2250 ilio

491 2316 611 2355 cum
643 2315 747 2369 quo
777 2312 891 2351 sum
924 2294 1094 2349 video.
1123 2292 1198 2347 Ita
1225 2306 1345 2345 cum
1373 2291 1514 2345 auris
1542 2290 1691 2356 dicit,
1723 2288 1919 2344 Oculus
1946 2289 2075 2343 mihi

490 2392 669 2455 videt;
702 2388 890 2443 oculus
917 2386 1082 2449 dicit,
1114 2384 1270 2437 Auris
1300 2380 1431 2435 mihi
1456 2380 1641 2445 audit;
1671 2380 1810 2436 oculi
1838 2390 1893 2436 et
1922 2394 2077 2435 aures

487 2483 695 2548 dicunt,
716 2480 898 2534 Manus
918 2478 1072 2533 nobis
1092 2483 1409 2546 operantur;
1424 2488 1612 2528 manus
1632 2473 1836 2539 dicunt,
1857 2473 2008 2528 Oculi
2024 2481 2078 2527 ct

490 2590 650 2630 aures
680 2574 834 2628 nobis
858 2572 1040 2626 vident
1061 2578 1115 2625 et
1140 2568 1395 2623 audiunt:
1427 2567 1570 2622 oculi
1602 2575 1656 2621 et
1691 2582 1848 2622 aures
1876 2576 1930 2622 et
1967 2581 2078 2621 ma-

490 2684 595 2725 nus
632 2669 852 2733 dicunt,
905 2665 1077 2720 Pedes
1119 2662 1275 2717 nobis
1316 2661 1589 2716 ambulant
1616 2675 1629 2713 :
1656 2660 1832 2715 omnia
1883 2660 1935 2714 in
1972 2675 2077 2714 uno

489 2777 716 2833 corpore
743 2776 864 2816 cum
890 2766 1185 2828 operantur
1212 2757 1249 2821 ⁸,
1282 2756 1325 2809 si
1356 2755 1425 2809 sit
1450 2755 1520 2809 ibi
1547 2753 1748 2809 sanitas
1769 2762 1826 2808 et
1849 2767 2075 2808 concor-

487 2854 616 2909 dent
640 2852 879 2907 membra
906 2891 918 2913 ,
946 2848 1181 2919 gaudent
1206 2854 1263 2901 et
1281 2844 1619 2915 congaudent
1642 2844 1764 2898 sibi.
1802 2845 1870 2899 Et
1900 2845 1943 2898 si
1975 2843 2074 2897 ali-

488 2944 614 3014 quid
636 2941 895 2999 molestiae
920 2940 988 2994 sit
1018 2941 1069 2993 in
1092 2938 1268 3007 aliquo
1285 2936 1526 2991 membro
1544 2976 1560 3002 ,
1594 2948 1698 2989 non
1722 2949 1779 2989 se
1798 2934 2072 2997 deserunt,

487 3035 585 3091 sed
612 3034 1004 3103 compatiuntur
1031 3030 1151 3083 sibi.
1183 3026 1468 3097 Numquid,
1499 3025 1621 3095 quia
1653 3026 1708 3079 in
1737 3038 1961 3095 corpore
1980 3040 2072 3093 pes

487 3128 640 3198 quasi
670 3128 825 3196 longe
856 3124 1061 3179 videtur
1091 3121 1157 3174 ab
1184 3120 1352 3175 oculis
1377 3118 1489 3190 (illi
1521 3118 1661 3173 enim
1688 3126 1813 3172 sunt
1842 3118 1996 3171 locati
2022 3118 2073 3170 in

490 3218 840 3280 sublimitate,
871 3216 947 3270 illi
974 3222 1149 3267 autem
1173 3209 1306 3265 infra
1335 3210 1491 3279 positi
1518 3209 1559 3277 ),
1586 3208 1799 3279 quando
1824 3208 1959 3263 forte
1983 3222 2075 3276 pes

487 3314 696 3385 spinam
727 3308 1034 3373 calcaverit,
1063 3306 1317 3359 deserunt
1337 3302 1505 3367 oculi;
1534 3309 1588 3356 et
1612 3314 1738 3366 non,
1769 3300 1907 3355 sicut
1929 3299 2076 3354 vide-

489 3419 628 3469 mus,
655 3414 821 3459 totum
853 3415 1046 3470 corpus
1074 3396 1437 3464 contrahitur,
1476 3402 1531 3450 et
1570 3394 1723 3451 sedet
1749 3394 1929 3458 homo,
1954 3408 2075 3449 cur-

487 3504 646 3550 vatur
681 3495 832 3563 spina
874 3491 1038 3554 dorsi,
1088 3496 1147 3543 ut
1185 3494 1455 3557 quaeratur
1489 3486 1641 3555 spina
1677 3499 1796 3553 quae
1838 3483 1990 3537 haesit
2019 3482 2074 3537 in

488 3587 672 3658 planta
696 3584 718 3636 ?
747 3582 935 3637 Omnia
964 3581 1202 3635 membra
1228 3576 1483 3647 quidquid
1516 3583 1737 3646 possunt
1766 3575 1990 3641 faciunt,
2018 3584 2077 3629 ut

492 3680 562 3735 de
582 3678 766 3733 infimo
792 3684 845 3729 et
865 3674 1057 3742 exiguo
1094 3672 1210 3727 loco
1249 3672 1399 3737 Spina
1421 3683 1540 3739 qum
1568 3668 1853 3722 inhaeserat
1877 3668 2075 3722 educa-

492 3780 599 3828 tur.
629 3770 718 3825 Sic
742 3782 893 3838 ergo,
922 3765 1136 3830 fratres,
1164 3762 1402 3832 quisquis
1426 3762 1480 3815 in
1501 3774 1729 3830 corpore
1751 3758 1946 3814 Christi
1968 3776 2073 3814 non

492 3870 672 3935 potest
708 3859 1030 3916 resuscitare
1059 3864 1363 3919 mortuum,
1398 3867 1503 3908 nou
1538 3852 1665 3907 illud
1695 3860 1939 3921 quaerat,
1980 3851 2075 3907 sed

490 3964 696 4028 quaerat
720 3956 742 3985 ³
784 3968 852 4008 ne
879 3950 1151 4028 discordet
1184 3948 1239 4002 iu
1282 3961 1540 4017 corpore;
1572 3945 1839 4016 quomodo
1860 3947 1904 4000 si
1930 3946 2075 4001 auris

487 4055 693 4119 quaerat
716 4044 918 4111 videre,
945 4040 1251 4097 discordare
1280 4046 1475 4109 potest.
1506 4036 1637 4093 Nam
1658 4037 1799 4107 quod
1838 4051 1944 4090 non
1983 4051 2074 4091 ac-

487 4140 663 4211 cepit,
694 4153 799 4193 non
828 4142 1004 4207 potest
1032 4133 1227 4189 facere.
1256 4130 1361 4187 Sed
1390 4130 1437 4185 si
1463 4130 1512 4185 ei
1540 4130 1806 4200 objectum
1840 4130 2000 4186 fuerit
2023 4138 2077 4185 et

487 4232 687 4287 dictum
719 4246 733 4283 :
762 4228 818 4285 Si
841 4228 1017 4297 justus
1036 4238 1183 4281 esses
1203 4263 1218 4290 ,
1249 4223 1598 4279 resuscitares
1618 4230 1885 4277 mortuum
1908 4262 1922 4287 ,
1944 4236 2076 4290 quo-

486 4323 651 4383 modo
681 4319 1013 4377 resuscitavit
1045 4318 1253 4372 Petrus.
1285 4316 1341 4369 ln
1367 4314 1578 4370 Christo
1604 4314 1745 4369 enim
1774 4314 1976 4383 majora
1999 4314 2078 4367 vi-

486 4417 684 4471 dentur
707 4414 898 4469 fecisse
927 4409 1167 4480 Apostoli
1195 4449 1210 4475 ,
1251 4421 1409 4478 quam
1448 4406 1561 4475 ipse
1590 4405 1844 4459 Dominus
1871 4402 1889 4475 (
1915 4402 2072 4459 loan.

486 4525 609 4575 stv,
651 4506 765 4576 12).
808 4504 915 4560 Sed
941 4503 1082 4557 unde
1126 4500 1239 4555 ﬁeri
1282 4506 1456 4569 potest
1484 4507 1543 4555 ut
1573 4496 1693 4567 plus
1722 4498 1932 4551 valeant
1957 4511 2074 4551 sar-

485 4610 704 4665 menta,
736 4610 895 4669 quam
932 4594 1118 4650 radix?
1142 4590 1422 4660 Quomodo
1461 4598 1641 4646 autem
1680 4589 1831 4659 quasi
1874 4588 2076 4657 majora

487 4695 735 4750 videntur
783 4691 970 4746 fecisse
1014 4688 1124 4753 illi,
1166 4690 1327 4756 quam
1364 4684 1502 4738 ille?
1545 4682 1626 4737 Ad
1651 4696 1837 4738 vocem
1865 4683 2074 4737 Domini

486 4792 837 4841 surrexerunt
857 4780 1073 4844 mortui,
1102 4778 1166 4832 ad
1192 4778 1432 4831 umbram
1455 4774 1778 4830 tranSeuutis
1797 4774 1940 4829 Petri
1959 4790 2075 4830 sur-

486 4880 624 4933 rexit
667 4876 907 4929 mortuus
936 4870 1073 4943 (Act.
1096 4887 1149 4937 v,
1183 4868 1295 4939 15).
1326 4867 1492 4937 Majus
1516 4869 1620 4923 hoc
1657 4867 1886 4934 videtur,
1915 4881 2072 4936 quam

484 4972 635 5026 illud.
664 4968 771 5025 Sed
795 4968 1038 5022 Christus
1076 4963 1254 5017 facere
1282 4962 1399 5016 sine
1428 4960 1587 5015 Petro
1616 4968 1858 5029 poterat,
1885 4960 2073 5015 Petrus

483 5063 590 5119 nisi
619 5064 670 5117 in
700 5061 913 5117 Christo
940 5073 1045 5113 non
1074 5062 1285 5126 poterat
1310 5070 1325 5108 :
1357 5053 1489 5119 Quia
1516 5053 1624 5107 sine
1645 5071 1741 5119 me,
1772 5055 1962 5125 inquit,
1994 5056 2073 5109 ni-

484 5157 558 5209 hil
586 5156 788 5226 potestis
808 5153 973 5222 facere
991 5148 1169 5220 (Joan.
1195 5162 1287 5215 xv,
1306 5146 1386 5216 5).
1409 5144 1541 5201 Cum
1569 5162 1696 5215 ergo
1722 5145 1824 5201 hoc
1846 5147 2073 5202 audierit

486 5250 649 5303 homo
691 5247 779 5317 qui
826 5243 1072 5314 proiicit,
1116 5241 1265 5312 quasi
1314 5240 1577 5309 objectam
1626 5240 1945 5294 calumniam
2004 5242 2072 5296 ab

485 5343 686 5413 ignaris
718 5338 932 5411 paganis
957 5379 969 5400 ,
1004 5337 1070 5391 ab
1100 5334 1404 5389 hominibus
1435 5334 1795 5387 nescientibus
1824 5333 1948 5402 quid
1987 5333 2070 5387 lo-

484 5442 715 5504 quantur
740 5450 752 5495 ;
795 5432 845 5484 in
887 5443 1141 5498 compage
1170 5428 1413 5495 corporis
1436 5423 1633 5479 Christi
1666 5424 1986 5494 respondeat
2015 5434 2071 5481 et

483 5526 625 5581 dicat
655 5544 667 5574 τ
695 5524 793 5593 Qui
824 5523 956 5577 dicis
978 5563 992 5587 ,
1016 5520 1129 5575 Non
1156 5533 1215 5573 es
1237 5520 1442 5587 justus,
1470 5516 1590 5586 quia
1621 5534 1725 5571 non
1756 5520 1882 5571 lacis
1909 5518 2071 5572 mira-

482 5619 603 5674 cula
628 5635 641 5683 ;
672 5632 855 5687 posses
881 5623 935 5670 et
973 5613 1087 5668 auri
1116 5612 1295 5666 dicere
1314 5650 1327 5674 ,
1359 5609 1475 5664 Non
1497 5624 1557 5665 es
1584 5611 1639 5665 in
1664 5624 1919 5681 corpore,
1946 5611 2069 5681 quia

548 5774 564 5805 ³
594 5772 782 5835 Aliquot
806 5779 928 5829 Mss.,
949 5772 1281 5835 cooperantur.

548 5837 568 5868 ²
592 5824 757 5887 Plures
776 5841 884 5886 Mss.
910 5824 1006 5883 non
1026 5824 1226 5891 habent,
1259 5824 1345 5879 sed
1368 5827 1573 5889 queret.

1735 326 1797 388 8.
1834 323 2204 387 AUGUSTINI
2242 327 2548 391 EPISCOPI

3626 350 3769 417 1708

2183 460 2294 509 non
2319 448 2487 505 vides.
2511 448 2740 507 Faceres
2756 452 2799 521 ί,
2832 452 3020 524 inquit,
3049 460 3105 512 et
3116 462 3198 526 tu,
3230 457 3375 517 sicut
3395 468 3452 519 et
3475 462 3666 525 Petrus
3692 471 3773 529 fet

2182 540 2273 595 cit.
2304 540 2408 597 Sed
2435 542 2623 598 Petrus
2650 552 2705 599 et
2727 544 2857 602 mihi
2886 546 3037 614 fecit,
3062 551 3184 620 quia
3214 553 3268 607 in
3288 568 3353 610 eo
3375 571 3602 628 corpore
3628 576 3767 632 sum,

2180 633 2235 688 in
2259 647 2367 705 quo
2390 635 2575 691 Petrus
2599 636 2725 694 fecit
2748 657 2762 695 :
2784 639 2841 694 in
2868 640 2960 696 illo
2979 642 3123 712 quod
3149 652 3325 715 potest
3347 648 3585 720 possum,
3611 668 3643 709 a
3663 669 3771 726 quo

2180 726 2383 783 divisus
2432 743 2537 784 non
2582 732 2735 798 sum;
2764 732 2907 802 quod
2950 734 3129 791 minus
3167 750 3421 807 possum,
3449 747 3766 814 competitor

2179 818 2333 886 mihi,
2364 828 2418 874 et
2440 821 2579 891 quod
2608 823 2722 892 plus
2751 832 2944 893 potest,
2978 831 3289 899 congaudeo
3317 831 3395 888 illi
3428 835 3619 907 (lC'or.
3648 842 3768 911 xu).

2179 909 2301 980 Ipse
2332 912 2589 969 Dominus
2629 915 2861 987 desuper
2905 919 3156 976 clamavit
3205 937 3303 993 pro
3348 940 3577 997 corpore
3628 909 3762 1003 suo,

2180 1001 2359 1072 Saule,
2392 1005 2572 1073 Saule,
2611 1008 2735 1077 quid
2782 1024 2863 1063 me
2900 1014 3210 1081 persequeris
3261 1016 3395 1087 (Act.
3441 1033 3518 1084 ιχ,
3560 1022 3668 1090 4)?
3713 1001 3764 1081 et

2176 1092 2354 1164 ipsum
2382 1111 2539 1152 nemo
2562 1099 2849 1169 tangebat,
2876 1101 2971 1156 sed
2998 1118 3096 1173 pro
3120 1118 3347 1176 corpore
3367 1108 3423 1164 in
3448 1118 3589 1166 terra
3615 1114 3769 1170 labo-

2178 1196 2333 1244 rante
2360 1198 2519 1260 caput
2537 1192 2603 1247 de
2624 1194 2763 1249 ctelo
2782 1194 3068 1251 clamabat.

2253 1281 2304 1335 7.
2338 1282 2394 1337 Si
2424 1298 2585 1355 ergo,
2615 1284 2839 1355 fratres,
2870 1290 3233 1361 unusquisque
3258 1293 3399 1361 quod
3428 1304 3607 1364 potest
3627 1298 3773 1369 justo

2176 1376 2367 1444 egerit,
2394 1385 2449 1431 et
2476 1378 2530 1433 in
2556 1392 2622 1433 eo
2645 1379 2789 1449 quod
2817 1381 2954 1438 alius
2983 1382 3104 1452 plus
3142 1392 3318 1453 potest
3344 1400 3452 1441 non
3484 1388 3769 1459 inviderit,

2178 1467 2275 1523 sed
2296 1470 2696 1539 congratulatus
2726 1472 2887 1527 fuerit
2912 1482 3161 1545 tanquam
3187 1476 3243 1530 in
3270 1491 3377 1533 uno
3396 1493 3624 1549 corpore
3647 1498 3771 1539 cum

2179 1574 2246 1616 eo
2273 1562 2613 1629 constitutus,
2643 1566 2874 1634 pertinet
2902 1566 2969 1621 ad
2994 1582 3117 1623 eum
3142 1583 3245 1624 vox
3274 1570 3376 1625 ista
3408 1572 3626 1641 Psalmi,
3658 1574 3770 1630 Do-

2179 1654 2316 1707 mine
2338 1694 2354 1718 ,
2400 1669 2501 1708 non
2540 1666 2613 1709 est
2646 1657 2922 1712 exaltatum
2955 1675 3041 1713 cor
3084 1677 3249 1715 meum
3278 1699 3296 1729 ,
3328 1679 3486 1731 neque
3517 1666 3572 1718 in
3611 1667 3773 1721 altum

2178 1744 2301 1800 elati
2339 1755 2455 1800 sunt
2486 1748 2620 1801 oculi
2664 1751 2801 1814 mei;
2825 1756 2985 1821 neque
3020 1752 3275 1823 ingressus
3312 1770 3424 1808 sum
3457 1756 3511 1808 in
3541 1758 3770 1827 magnis,

2181 1855 2340 1909 neque
2354 1840 2403 1893 in
2423 1840 2737 1897 mirabilibus
2764 1860 2915 1915 super
2934 1861 3030 1900 me.
3055 1845 3208 1911 Quod
3226 1846 3367 1901 enim
3382 1849 3607 1904 excessit
3628 1850 3773 1907 vires

2178 1948 2352 1997 meas,
2370 1934 2475 2001 ait,
2495 1947 2599 1989 non
2620 1937 2838 2004 quaesivi
2861 1976 2875 2000 ,
2904 1952 3010 1992 non
3029 1938 3100 1991 ibi
3122 1953 3209 1993 me
3231 1939 3482 2004 extendi,
3516 1942 3661 1998 nolui
3693 1942 3773 1998 ibi

2179 2026 2666 2095 magnificari.Nam
2685 2030 2781 2083 ista
2802 2029 3052 2086 exaltatio
3066 2030 3133 2086 de
3147 2030 3469 2087 abundantia
3478 2036 3773 2104 gratiarum

2180 2132 2341 2187 quam
2361 2117 2431 2173 sit
2457 2118 2713 2184 timenda,
2734 2136 2802 2175 ne
2828 2121 2948 2190 quis
2967 2121 3037 2176 de
3065 2121 3211 2178 deno'
3237 2122 3332 2177 Dei
3358 2124 3651 2194 superbiat,
3672 2126 3771 2183 sed

2182 2211 2352 2281 magis
2376 2219 2552 2267 servet
2580 2212 2947 2279 humilitatem,
2969 2223 3025 2269 et
3049 2214 3206 2269 iaciat
3228 2214 3369 2284 quod
3386 2218 3643 2284 scriptum
3664 2229 3766 2285 est,

2184 2302 2387 2369 Quanto
2403 2320 2616 2374 magnus
2633 2322 2705 2370 es,
2730 2315 2865 2360 tanto
2885 2306 3097 2361 humilia
3121 2318 3166 2361 te
3191 2312 3245 2364 in
3261 2311 3517 2375 omnibus,
3538 2322 3584 2367 et
3598 2329 3773 2368 coram

2180 2393 2292 2450 Deo
2344 2397 2564 2451 invenies
2609 2399 2823 2467 gratiam
2859 2400 2877 2469 (
2908 2398 3073 2458 Eccti.
3121 2420 3206 2472 tn,
3251 2406 3356 2479 ΞΟ)
3388 2426 3403 2461 :
3431 2422 3589 2477 quam
3639 2420 3771 2477 ergo

2181 2487 2420 2542 timenda
2456 2488 2526 2543 sit
2546 2490 2792 2560 superbia
2818 2490 2887 2547 de
2916 2492 3059 2547 dono
3085 2495 3383 2565 Dei,etiam
3414 2508 3576 2569 atque
3604 2500 3769 2556 etiam

2182 2581 2666 2637 commendandum
2704 2592 2786 2638 cst
2828 2584 3081 2640 Charitati
3121 2598 3312 2644 vestrm
3336 2634 3350 2656 ,
3392 2593 3622 2648 maxime
3646 2592 3771 2663 quia

2180 2672 2425 2727 Psalmus
2448 2673 2797 2729 brevissimus
2821 2677 3085 2746 permittit
3108 2693 3206 2734 nos
3233 2681 3393 2751 loqui.
3423 2683 3615 2738 Paulus
3641 2698 3771 2755 apo-

2180 2765 2348 2819 stolus
2371 2766 2613 2833 quamvis
2641 2782 2706 2822 ex
2748 2780 3091 2838 persecutore
3124 2774 3297 2829 factus
3325 2778 3394 2830 sit
3431 2778 3766 2849 praedicator,

2179 2857 2615 2913 abundantiorem
2639 2860 2859 2929 gratiam
2884 2874 3203 2921 consecutus
3226 2876 3308 2923 cst
3333 2867 3387 2922 in
3414 2872 3559 2925 omni
3587 2870 3772 2930 labore

2180 2949 2509 3017 apostolico,
2540 2965 2699 3021 quam
2729 2955 2907 3007 caiteri
2936 2957 3196 3025 apostoli,
3223 2968 3279 3013 ut
3308 2962 3474 3031 magis
3506 2961 3648 3018 Deus
3675 2976 3769 3018 os-

2180 3039 2425 3094 tenderet
2444 3054 2601 3095 suum
2630 3055 2749 3096 esse
2778 3044 2923 3111 quod
2949 3045 3059 3113 dat,
3083 3061 3189 3103 non
3213 3048 3461 3105 hominis.
3489 3051 3770 3119 Quomodo

2178 3130 2355 3185 solent
2376 3129 2571 3185 medici
2598 3133 2888 3202 potentiam
2920 3150 3031 3189 sua:
3052 3139 3182 3193 artis
3202 3139 3257 3195 in
3278 3140 3572 3210 desperatis
3594 3153 3770 3199 osten-

2180 3222 2311 3277 dere
2338 3240 2352 3276 :
2384 3224 2464 3278 sic
2488 3225 2742 3280 Dominus
2770 3226 2927 3284 Jesus
2952 3228 3217 3300 Christus,
3249 3234 3489 3291 medicus
3514 3246 3569 3291 et
3596 3237 3773 3294 salva-

2182 3325 2266 3369 tor
2309 3325 2518 3382 noster,
2570 3317 2623 3371 in
2670 3318 2973 3389 desperato,
3013 3325 3100 3393 qui
3147 3332 3457 3394 persecutor
3504 3330 3769 3387 Ecclesiae

2180 3406 2307 3473 fuit,
2340 3408 2574 3463 ostendit
2598 3411 3021 3480 magnitudinem
3046 3417 3175 3470 artis
3196 3432 3307 3471 sua:
3326 3458 3343 3485 ,
3374 3428 3433 3473 ut
3460 3435 3566 3474 non
3591 3422 3768 3478 solum
3834 3457 3841 3461 ~

2178 3511 2301 3553 cum
2329 3500 2673 3555 christianum
2702 3505 2932 3569 faceret,
2964 3506 3059 3562 sed
3078 3516 3135 3562 et
3160 3511 3494 3577 apostolum;
3525 3529 3626 3569 nec
3654 3523 3771 3571 tan-

2181 3596 2292 3643 tum
2318 3592 2640 3659 apostolum,
2673 3593 2767 3647 sed
2788 3593 2926 3650 sicut
2947 3596 3061 3665 ipse
3081 3597 3231 3665 dicit,
3255 3600 3371 3668 plus
3398 3604 3645 3659 omnibus
3661 3606 3769 3663 illis

2180 3682 2447 3738 laboraret
2478 3683 2542 3754 (l
2568 3684 2684 3739 Cor.
2716 3703 2803 3750 xv,
2838 3687 2950 3758 10).
2980 3689 3459 3769 Excellentissima:
3482 3711 3607 3767 ergo
3636 3713 3767 3769 gra-

2179 3774 2268 3828 tia:
2308 3774 2423 3830 fuit.
2454 3775 2523 3830 Et
2552 3777 2772 3843 videtis,
2804 3778 2996 3835 fratres
3022 3823 3036 3847 ,
3066 3784 3187 3851 quia
3230 3768 3388 3841 modo
3429 3787 3479 3841 in
3522 3768 3769 3848 Ecclesia

2180 3867 2328 3923 Pauli
2350 3871 2576 3939 apostoli
2602 3871 2855 3939 Epistolas
2883 3873 3079 3943 vigent,
3109 3876 3281 3945 magis
3303 3893 3459 3947 quam
3488 3892 3772 3951 coaposto-

2179 3958 2353 4013 lorum
2394 3961 2529 4029 ejus.
2576 3961 2681 4015 Alii
2710 3964 2850 4017 enim
2894 3979 3003 4020 non
3044 3967 3403 4037 scripserunt,
3437 3972 3531 4026 sed
3558 3982 3769 4030 tantum

2180 4051 2342 4107 locuti
2366 4062 2492 4109 sunt
2520 4053 2573 4108 in
2597 4054 2835 4110 Ecclesia
2866 4072 2880 4111 :
2913 4071 3035 4111 nam
3061 4073 3180 4128 qua:
3210 4060 3553 4130 proferuntur
3583 4064 3653 4119 ab
3681 4080 3772 4121 er-

2179 4144 2421 4200 rantibus
2458 4146 2557 4201 sub
2594 4146 2813 4202 nomine
2853 4147 3091 4217 ipsorum
3114 4191 3128 4217 ,
3166 4152 3290 4221 quia
3318 4168 3425 4209 non
3463 4164 3589 4211 sunt
3622 4157 3771 4226 ipso-

2181 4250 2322 4305 rum,
2355 4236 2741 4305 improbantur,
2772 4253 2870 4294 nec
2895 4251 3242 4311 acceptantur
3267 4244 3334 4298 ab
3368 4245 3629 4301 Ecclesia.
3660 4248 3770 4305 Alii

2179 4336 2356 4382 autem
2386 4329 2473 4398 qui
2503 4331 2869 4399 scripserunt,
2900 4346 3000 4387 nec
3026 4342 3229 4389 tantum
3249 4377 3264 4402 ,
3294 4351 3393 4391 nec
3422 4345 3566 4393 tanta
3595 4341 3772 4410 gratia

2176 4421 2526 4490 scripserunt.
2554 4421 2685 4476 Cum
2713 4424 2843 4493 ergo
2870 4432 3016 4481 esset
3039 4440 3243 4496 magnae
3271 4429 3477 4498 gratiae,
3501 4437 3555 4485 et
3575 4445 3770 4501 magna

2180 4511 2318 4566 dona
2348 4514 2631 4567 meruisset
2656 4529 2686 4566 a
2710 4514 2842 4581 Deo,
2866 4516 2991 4585 quid
3021 4517 3154 4573 dicit
3177 4519 3410 4588 quodam
3440 4522 3602 4577 loco?
3628 4522 3773 4577 Pro-

2182 4610 2290 4671 pter
2309 4602 2707 4673 magnitudine»:
2734 4606 3095 4661 revelationum
3121 4624 3185 4661 ne
3203 4610 3442 4665 extollar.
3464 4610 3731 4669 lntendite
3750 4653 3769 4682 ,

2179 4708 2292 4749 rem
2330 4695 2656 4751 tremendam
2698 4696 2849 4753 vobis
2883 4698 3003 4754 dico
3038 4718 3051 4755 :
3079 4699 3301 4771 Propter
3332 4705 3769 4775 magnitudinem,

2177 4787 2370 4857 inquit,
2392 4788 2755 4844 revelationum
2780 4808 2843 4844 ne
2857 4794 3092 4859 ertollar,
3116 4795 3267 4849 datus
3287 4805 3362 4850 est
3385 4798 3509 4850 mihi
3531 4800 3773 4870 minutius

2178 4880 2346 4935 carnis
2371 4896 2514 4949 mete,
2561 4881 2771 4953 angelus
2807 4894 3016 4952 satame,
3056 4887 3140 4956 qui
3180 4904 3257 4941 me
3288 4888 3588 4959 colaphizet.
3620 4889 3768 4957 Quid

2178 4984 2263 5027 est
2287 4972 2388 5027 hoc
2411 5014 2425 5037 ,
2454 4972 2691 5029 fratres?
2716 4972 2794 5029 Ne
2823 4976 3173 5032 extolleretur
3222 4987 3470 5049 tanquam
3506 4979 3723 5050 juvenis
3756 5024 3772 5049 ,

2178 5062 2610 5133 colaphizabatur
2638 5072 2887 5134 tanquam
2929 5081 3078 5136 puer.
3112 5068 3182 5122 Et
3209 5084 3238 5123 a
3269 5070 3423 5141 quo?
3453 5070 3535 5124 Ab
3572 5071 3775 5141 angelo

2178 5164 2396 5211 satanas.
2423 5156 2560 5224 Quid
2582 5166 2666 5211 est
2694 5157 2831 5213 hoc?
2863 5160 3057 5217 Dolore
3085 5162 3313 5232 quodam
3338 5166 3576 5236 corporis
3600 5164 3777 5219 tradi-

2177 5257 2265 5304 tur
2288 5250 2583 5319 exagitatus
2609 5250 2992 5307 vehementer:
3025 5253 3243 5310 dolores
3272 5263 3451 5311 autem
3476 5270 3770 5326 corporum

2177 5342 2491 5411 plerumque
2515 5340 2869 5397 immittuntur
2897 5342 2964 5398 ab
3001 5346 3203 5414 angelis
3243 5354 3477 5414 satanas;
3517 5346 3614 5401 sed
3662 5348 3770 5403 hoc

2176 5449 2283 5489 non
2325 5443 2549 5503 possunt
2588 5435 2689 5489 nisi
2734 5437 2999 5505 permissi.
3044 5437 3176 5492 Nam
3206 5447 3260 5494 et
3297 5437 3400 5493 Job
3440 5449 3657 5495 sanctus
3685 5440 3769 5497 sic

2174 5527 2427 5597 probatus
2455 5538 2556 5581 est.
2586 5528 2885 5583 Permissus
2915 5538 2997 5584 est
3020 5530 3088 5584 ad
3112 5547 3235 5585 eum
3262 5532 3588 5601 probandum
3615 5542 3764 5587 sata-

2172 5633 2271 5673 nas
2293 5660 2309 5684 ,
2341 5628 2395 5673 et
2417 5621 2677 5675 oercussit
2713 5636 2833 5675 eum
2867 5622 3083 5676 vulnere
3108 5664 3121 5687 ,
3152 5634 3208 5677 ut
3256 5627 3525 5679 vermibus
3573 5634 3764 5694 putre-

2172 5718 2366 5767 sceret.
2410 5711 2719 5767 immundus
2757 5714 2902 5770 enim
2947 5715 3381 5786 permittebatur,
3422 5715 3518 5773 sed
3545 5729 3766 5797 sanctus

2238 5826 2534 5890 imm/ac.
2631 5834 2690 5878 Il.
2788 5811 2795 5817 ’
