2037 3234
136 190 210 223 Ιτω

136 249 301 289 probabatur
321 245 395 284 (Job
415 246 502 281 ",6,
517 245 567 281 '1).
589 245 678 273 Nescit
695 245 815 273 diabolus
833 249 931 280 quanta

137 298 207 327 bona
225 297 259 324 de
272 295 319 323 illo
332 295 408 327 ﬂant,
424 293 504 321 etiam
519 300 581 320 cum
593 292 678 320 sevit.
693 291 812 319 Srevlens
825 291 933 320 intravit

138 346 165 373 in
180 351 228 372 cor
247 342 322 370 Iuda:
333 340 343 377 (
352 340 431 367 Joan.
445 347 509 373 xui,
524 338 588 374 27),
603 339 715 366 satviens
730 337 837 365 tradidit
857 337 933 365 Cbriz

137 396 208 419 ltum
222 410 231 424 ,
255 389 367 416 saeviens
387 386 536 419 cruciﬁxit;
552 390 578 413 et
592 385 719 413 crncitixo
731 384 837 412 Christo
847 404 854 416 ,
870 383 932 412 red-

137 441 244 472 emptus
262 439 303 462 est
314 434 386 461 orbis
398 437 538 460 terrarum.
553 432 622 459 Ecce
639 431 738 458 saevitia
763 431 862 458 diaboii
877 431 933 458 dia~

138 482 200 509 bolo
221 480 325 512 obfuit,
341 479 417 506 nobis
437 482 525 506 autem
549 477 657 512 profuit.
678 476 819 504 Sieviendo
840 476 931 509 enim,

138 535 205 563 quos
220 527 327 554 tenebat
348 526 453 556 amisit,
479 525 629 558 redemptos
654 524 782 557 sanguine
806 523 932 556 Domini,

138 579 218 611 quem
233 581 293 602 cum
310 573 415 600 saeviret
430 572 531 599 etl‘udit.
552 571 578 598 Si
597 571 677 598 sciret
690 575 790 596 tantum
806 571 932 597 danuan

138 627 167 648 se
190 626 329 654 passurum
342 639 349 649 ,
371 625 423 644 nou
449 616 569 643 inrideret
590 616 615 642 in
637 620 733 642 terram
755 616 866 649 pretium
882 622 934 650 quo

137 665 306 700 redemptum
320 669 361 691 est
374 671 457 698 genus
472 664 626 689 humanum.
640 662 683 689 Sic
697 670 758 696 ergo
770 662 812 688 ille
825 662 934 695 angelus

138 717 239 738 satana:
249 711 324 745 quasi
339 710 450 736 libenter
466 709 611 743 permissus
626 713 665 734 est
678 708 843 741 eoluplrizarc
860 708 932 741 Apo-

137 757 254 789 stolum;
271 756 317 783 sed
331 760 418 782 tamen
433 755 574 790 Apostolus
588 754 738 780 curabatur.
757 754 787 779 lit
798 753 856 787 quia
870 752 932 779 illud

137 803 208 838 quod
233 802 352 829 medicus
374 806 550 835 opposuerat,
575 800 715 826 molestum
730 803 785 825 erat
801 798 906 824 infirmo
922 806 928 829 ;

138 849 238 884 rogavit
255 848 386 875 medicum
411 851 439 873 ut
464 846 591 873 auferret.
608 845 745 878 Quomodo
773 852 832 871 cum
850 844 933 870 medi-

137 901 185 922 cus
199 895 306 930 apponit
320 894 463 920 visceribus
479 892 584 926 aliquod
604 892 671 917 forte
694 891 825 925 epithema
849 891 928 917 mole-

137 945 208 968 stum
230 945 255 967 et
268 940 364 966 ardens
377 960 383 970 ,
399 939 468 965 unde
488 943 577 964 tamen
593 937 724 964 curandus
735 941 775 963 est
797 937 839 962 ille
853 936 928 969 cujus

137 988 239 1015 Viscera
263 986 417 1017 tumebant;
440 992 499 1011 cum
524 985 567 1010 ille
588 983 680 1010 ardere
701 983 811 1017 coeperit
832 988 857 1009 et
870 991 931 1008 (‘l‘ll-

138 1033 204 1059 ciari
226 1032 437 1063 medicamento,
456 1035 529 1064 rogat
551 1030 679 1055 medicum
691 1033 719 1055 ut
733 1028 835 1055 auferat
851 1037 857 1054 :
875 1036 930 1055 mc-

139 1077 214 1105 dicus
227 1082 314 1104 autem
330 1076 495 1106 consolatur,
513 1079 602 1101 monet
618 1082 677 1101 eum
691 1075 841 1109 patientiam
851 1095 857 1105 ,
871 1074 932 1108 quia

139 1125 216 1152 novit
235 1131 313 1159 quam
327 1123 390 1150 utile
405 1123 438 1149 sit
452 1122 521 1156 quod
542 1121 672 1155 apposuit.
696 1120 730 1146 lla
749 1126 774 1146 et
788 1120 931 1153 Apostolus

139 1170 259 1205 sequitur
274 1174 299 1196 et
312 1169 391 1202 dicit,
404 1176 463 1195 cum
478 1168 603 1198 dixisset,
621 1166 700 1192 Datus
714 1171 750 1192 est
766 1166 826 1191 milli
842 1166 931 1191 stimuv

139 1216 179 1243 lus
188 1216 271 1243 carnis
285 1223 354 1246 metu,
365 1215 468 1249 angelus
480 1219 585 1244 sotana’,
599 1213 640 1247 qui
652 1221 690 1239 me
702 1212 850 1246 tolnpltizct.
862 1211 932 1237 Plae-

139 1262 205 1289 dixit
219 1265 305 1288 autem
321 1268 403 1295 quare
417 1268 422 1285 ς
442 1259 482 1285 Ne
499 1258 671 1293 magnitudine
686 1258 866 1283 retvlationum
889 1263 933 1282 ea;-

139 1308 227 1340 ωηατ,
239 1309 313 1334 datus
328 1312 363 1334 est
378 1307 439 1333 milii
460 1306 576 1333 stimulus
589 1305 672 1330 carnis
688 1312 758 1334 more,
777 1303 881 1336 angelus
896 1310 933 1329 sa-

139 1360 218 1387 tanw,
234 1355 277 1389 qui
296 1362 335 1380 me
354 1353 499 1387 colttpltizet.
521 1351 630 1385 Propter
651 1351 716 1384 quod
737 1355 772 1375 ter
796 1349 933 1374 Dominum,

138 1400 227 1435 rogavi
239 1420 245 1431 ,
263 1399 317 1430 ait,
334 1403 361 1425 ut
383 1398 493 1432 auferret
513 1405 568 1423 eum
589 1405 604 1422 a
626 1404 672 1422 me.
697 1396 752 1422 lloc
768 1398 808 1422 est
823 1395 910 1420 dicere
923 1414 930 1426 ,

140 1445 240 1480 Rogavi
262 1444 393 1471 medicum
409 1464 415 1474 ,
431 1447 457 1470 ut
479 1443 595 1469 auferret
617 1449 631 1468 a
654 1449 696 1468 me
717 1441 857 1467 molestum
874 1440 932 1473 epi-

140 1491 228 1517 thema
239 1490 307 1524 quod
322 1489 384 1515 mihi
398 1492 564 1522 apposuerat
578 1487 629 1514 Sed
642 1486 701 1513 audi
712 1494 802 1512 vocem
817 1485 912 1512 medici
925 1493 931 1512 :

140 1534 175 1562 Et
187 1535 251 1561 dixit
271 1534 331 1560 mt’ii
343 1554 350 1566 ,
369 1534 467 1567 Sit/[icit
481 1533 523 1558 tibi
539 1533 620 1566 gratia
640 1539 713 1561 titt’tt;
736 1539 793 1556 nam
814 1530 890 1556 virtus
908 1530 934 1556 in

140 1580 286 1615 inﬁrmitate
299 1580 426 1614 perﬁcitur
442 1579 479 1613 tll
490 1578 546 1605 (.‘or.
572 1585 624 1609 xu,
641 1577 710 1610 7-0).
724 1577 778 1611 ligo
794 1576 854 1602 novi
871 1575 934 1609 quid

141 1626 308 1660 opposuerim
321 1645 328 1657 ,
343 1632 394 1659 ego
414 1625 474 1651 novi
494 1623 564 1650 unde
579 1627 690 1657 :cgrotes
704 1642 710 1654 ,
727 1629 775 1655 ego
791 1621 849 1647 novi
864 1621 935 1648 unde

141 1672 252 1699 saneris.

176 1715 205 1744 8.
220 1715 247 1743 Si
260 1722 333 1750 ergo,
350 1713 509 1745 charissimi,
524 1712 610 1747 potuit
623 1711 721 1739 Paulus
735 1710 873 1745 apostolus
886 1717 933 1738 ex-

142 1762 199 1791 to'lli
214 1761 394 1797 magnitudine
406 1759 599 1788 revelationum
609 1779 616 1791 ,
632 1758 683 1785 nisi
703 1757 836 1792 acciperet
850 1764 933 1792 ange—

141 1806 198 1836 lum
217 1812 317 1836 satane
330 1807 375 1842 qui
393 1814 424 1834 se
445 1805 642 1840 colaphizaret;
666 1803 725 1838 quis
745 1803 779 1831 de
801 1810 831 1830 se
852 1802 936 1837 possit

140 1861 205 1882 esse
219 1853 351 1881 securus?
374 1852 467 1879 Tutius
491 1851 596 1878 videtur
618 1849 755 1877 ambulare
777 1849 823 1882 qui
847 1848 936 1876 miqu

142 1900 246 1935 accepit
256 1920 264 1933 ,
280 1900 326 1927 sed
340 1898 363 1926 si
384 1905 436 1926 non
451 1903 576 1932 perverse
590 1898 693 1930 quaerat
710 1894 780 1929 quod
796 1898 869 1920 recte
883 1901 937 1921 non

141 1945 246 1980 accepit
260 1953 266 1971 :
281 1947 382 1979 quaerat
399 1942 458 1970 sine
471 1949 524 1976 quo
543 1948 596 1968 non
611 1944 699 1975 potest
711 1946 770 1966 esse
784 1939 810 1966 in
824 1946 937 1973 corpore

141 1990 260 2023 Christi,
275 1994 321 2016 aut
339 1989 397 2015 sine
409 1995 462 2022 quo
482 1987 551 2014 male
570 1989 611 2013 est
625 1985 688 2012 illic.
704 1984 797 2012 Tutior
809 1988 851 2011 est
864 1984 937 2011 enim

141 2036 170 2065 In
185 2043 299 2070 corpore
312 2034 410 2069 digitus
421 2040 512 2065 sanus,
527 2039 606 2067 quam
621 2031 734 2066 lippiens
748 2030 850 2058 oculus.
863 2030 935 2064 Digi-

142 2086 188 2110 tus
202 2082 299 2116 exigua
318 2080 440 2115 quaedam
453 2086 496 2106 res
507 2083 568 2111 est;
591 2077 684 2105 oculus
701 2076 850 2111 magniﬁca,
867 2075 937 2102 mul-

143 2131 201 2155 tum
224 2130 336 2161 potest:
356 2130 384 2153 et
406 2129 493 2152 tamen
515 2123 610 2151 melius
633 2127 675 2150 est
696 2121 807 2157 digitum
830 2127 890 2148 esse
910 2124 938 2148 et

138 2179 239 2200 sanum
251 2178 323 2205 esse,
335 2177 414 2206 quam
428 2170 535 2198 oculum
547 2176 607 2197 esse
618 2173 646 2196 et
661 2167 820 2203 perturbari,
831 2167 936 2202 lippire,

140 2218 287 2246 vexomcari.
300 2216 359 2244 Non
374 2223 438 2251 ergo
451 2220 553 2251 quierat
564 2215 676 2250 quisque
696 2214 724 2242 in
736 2220 849 2248 corpore
862 2212 938 2240 Chri-

145 2264 181 2291 sti
194 2263 245 2290 nisi
258 2263 408 2290 sanitatem.
420 2261 572 2289 Secundum
582 2260 722 2288 sanitatem
736 2259 835 2287 habeat
845 2258 935 2291 ﬁdem;

146 2313 182 2337 ex
205 2307 258 2335 ﬁde
278 2307 419 2335 mtindatut'
441 2313 488 2334 cor
507 2306 577 2341 ejus,
599 2312 633 2333 ex
656 2304 827 2332 inundatione
848 2304 938 2331 cordis

134 2353 248 2382 'videltit
262 2353 334 2381 illam
349 2353 443 2380 faciem
456 2352 491 2380 de
501 2360 554 2387 qua
572 2351 672 2379 dictum
683 2354 742 2382 est,
757 2350 830 2377 Beati
844 2350 938 2377 mundo

147 2400 233 2434 corde,
247 2400 365 2435 quoniam
385 2400 434 2435 ipsi
449 2399 530 2426 Deum
542 2398 658 2425 videbunt
673 2397 783 2433 (Matth.
796 2405 830 2430 ν,
843 2396 891 2432 8).
905 2396 940 2424 Et

148 2446 193 2482 qui
211 2446 276 2474 fecit
291 2446 433 2479 miracula,
456 2449 484 2472 et
495 2444 540 2479 qui
553 2451 607 2471 non
620 2443 682 2470 fecit
695 2443 822 2470 miracula
836 2443 863 2470 in
877 2450 939 2470 cor-

148 2497 215 2527 pore
227 2491 337 2524 Christi,
359 2498 411 2518 non
433 2489 514 2517 debet
531 2489 647 2524 gaudere
666 2488 720 2516 nisi
742 2488 776 2515 de
799 2488 866 2515 facie
880 2488 938 2516 Dei.

135 2536 298 2565 'Redierunt
312 2536 447 2571 Apostoli,
463 2539 492 2563 et
510 2535 634 2563 dixerunt
646 2534 776 2567 Domino,
790 2541 851 2561 cum
866 2534 940 2561 missi

150 2585 242 2610 essent
257 2589 271 2608 a
287 2582 399 2609 Domino
415 2590 422 2608 :
437 2580 512 2614 Ecce,
527 2581 644 2614 Domine,
657 2580 685 2607 in
697 2579 797 2606 nomine
809 2583 852 2605 tuo
866 2579 942 2606 etiam

150 2628 277 2655 damonis
290 2628 361 2655 nobis
373 2628 483 2663 subjecto
494 2632 562 2654 sunt.
578 2627 649 2654 Vidit
659 2625 788 2653 Dominus
800 2624 870 2660 quod
884 2629 942 2657 ten-

149 2677 220 2702 taret
234 2681 281 2702 eos
295 2673 419 2709 superbia
433 2681 466 2701 ex
485 2673 602 2708 potentia
627 2672 834 2704 miraculorum;
857 2676 883 2699 et
898 2672 942 2699 ille

690 185 887 215 ENKRRATIO
906 186 938 214 ΙΝ
957 185 1118 216 PSALMUM
1136 187 1244 215 CXXX.

1706 196 1775 226 HN

986 246 1060 274 nium
1075 250 1162 275 tamen
1178 249 1282 276 nomina
1302 249 1400 284 scripta
1422 254 1483 277 sunt
1505 250 1532 277 in
1555 253 1632 279 coelo.
1647 252 1712 281 ‘Non
1727 261 1775 283 eos

986 293 1070 324 yoluit
1088 293 1204 328 gaudere
1218 302 1251 322 ex
1274 303 1307 322 eo
1326 296 1395 330 quod
1410 297 1546 332 proprium
1562 299 1712 333 habebant,
1727 302 1774 332 sed

985 345 1018 365 ex
1033 345 1066 366 eo
1077 339 1147 373 quod
1167 347 1227 367 cum
1242 341 1345 368 caeteris
1365 342 1476 370 salutem
1493 344 1616 373 tenebant
1630 354 1636 371 :
1652 346 1714 375 inde
1728 355 1776 376 vos

986 383 1035 411 luit
1048 385 1163 419 gaudere
1177 386 1333 421 Apostolus,
1347 388 1417 415 unde
1434 389 1532 424 gaudes
1547 395 1579 420 .et
1594 396 1632 419 tu.
1655 391 1776 422 lntendat

986 429 1108 458 Charitas
1123 436 1220 459 vestra.
1243 433 1335 460 Nullus
1347 434 1433 467 ﬁdelis
1449 435 1528 463 habet
1542 444 1626 472 spem,
1642 438 1665 465 si
1677 446 1775 468 nomen

985 476 1044 510 ejus
1059 484 1110 504 non
1125 482 1166 505 est
1183 479 1311 514 scriptum
1326 480 1353 507 in
1367 481 1445 509 caelo.
1461 481 1585 510 Omnium
1598 483 1716 513 ﬁdelium
1730 487 1776 521 qui

984 521 1253 558 diliguntChristum,
1268 526 1311 560 qui
1327 527 1463 555 ambulant
1475 528 1544 556 viam
1557 529 1616 564 ejus
1630 530 1775 565 humiliter,

987 575 1065 602 quam
1089 568 1144 603 ipse
1164 569 1253 597 docuit
1276 571 1393 605 humilis,
1418 573 1525 601 nomina
1546 576 1642 610 scripta
1666 581 1728 604 sunt
1749 577 1776 609 in

987 614 1065 642 coelo.
1082 614 1203 649 Cujusvis
1221 618 1426 652 contemptibilis
1440 619 1466 646 in
1482 619 1600 648 Ecclesia
1612 642 1619 655 ,
1633 622 1677 656 qui
1691 623 1777 651 credit

986 659 1016 687 iu
1024 657 1170 694 Christum,
1183 666 1209 688 et
1223 661 1309 696 diligit
1318 663 1463 698 Christum,
1475 670 1502 693 et
1511 671 1583 693 amat
1597 674 1687 701 pacem
1699 668 1777 700 Chri-

983 706 1038 741 sti,
1054 713 1150 733 nomen
1172 707 1299 742 scriptum
1322 709 1403 738 estin
1422 711 1508 745 coelo;
1534 713 1676 747 cujuslibet
1695 723 1776 750 quem

986 753 1145 780 contemnis.
1161 754 1193 780 Et
1207 754 1269 789 quid
1284 755 1371 782 simile
1385 756 1434 790 ipsi
1447 762 1474 784 et
1487 759 1628 792 Apostoiis,
1644 761 1689 794 qui
1703 765 1776 789 tanta

985 799 1112 827 miracula
1136 799 1278 828 iecerunt?
1301 801 1335 829 Et
1358 807 1446 830 tamen
1465 805 1581 838 Apostoli
1597 807 1776 841 reprimuntur

985 852 1019 871 ex
1032 852 1064 871 eo
1079 845 1149 879 quod
1163 845 1197 873 de
1210 846 1281 874 bono
1295 848 1302 862 ¹
1318 849 1424 882 proprio
1437 849 1597 884 gaudebant,
1610 857 1637 879 et
1648 852 1777 887 iubentur

985 889 1049 926 hinc
1062 890 1178 925 gaudere
1192 892 1261 919 unde
1273 893 1369 927 gaudet
1383 899 1410 921 et
1431 895 1474 921 ille
1489 898 1704 931 eontemptibilis.

1021 936 1047 963 9.
1068 935 1150 972 [vera
1163 937 1210 974 2.]
1230 938 1287 965 Non
1303 939 1447 972 immerito,
1465 940 1559 968 fratres
1572 943 1638 975 mei,
1652 951 1713 971 cum
1728 943 1778 971 ista

985 981 1135 1010 humilitate
1146 982 1221 1015 dicit,
1236 984 1353 1018 Domine,
1369 993 1418 1012 non
1432 977 1468 1013 est
1481 987 1619 1016 exaltatum
1630 994 1672 1016 cor
1681 995 1775 1023 meum,

984 1035 1064 1062 neque
1079 1028 1106 1054 in
1125 1029 1205 1056 altum
1225 1030 1284 1056 elati
1306 1035 1364 1057 sunt
1383 1032 1450 1058 oculi
1471 1033 1539 1064 mei;
1559 1041 1638 1069 neque
1650 1024 1774 1069 ingressu-~

984 1081 1040 1101 oum
1055 1074 1081 1101 in
1093 1075 1202 1109 magnis,
1216 1084 1294 1110 neque
1314 1077 1341 1103 in
1354 1076 1509 1105 mirabilibus
1528 1087 1604 1113 super
1616 1088 1665 1107 me.
1682 1080 1713 1108 Si
1728 1088 1773 1108 ηοο

985 1119 1112 1151 humiliter
1124 1121 1270 1153 sentiebam,
1281 1122 1324 1149 sed
1337 1122 1446 1150 exaltari
1459 1124 1570 1151 animam
1582 1133 1680 1158 meam;
1690 1134 1776 1161 quam

985 1165 1121 1192 admodum
1135 1167 1178 1201 qui
1192 1166 1290 1194 ablatus
1301 1168 1311 1183 '
1322 1172 1357 1195 est
1371 1176 1388 1195 a
1401 1169 1466 1197 lacte
1479 1178 1554 1205 super
1567 1176 1674 1199 matrem
1692 1181 1777 1207 suam,

984 1210 1020 1238 sic
1041 1211 1171 1239 retributio
1192 1213 1219 1239 in
1241 1213 1352 1240 animm
1374 1222 1465 1242 meam.
1481 1215 1591 1244 Videtur
1611 1218 1683 1246 enim
1704 1220 1776 1247 velut

984 1256 1127 1285 maledicto
1136 1264 1166 1285 se
1178 1258 1362 1287 obstrinxisse.
1379 1260 1519 1293 Quomodo
1531 1263 1586 1290 alio
1598 1264 1657 1291 loco
1667 1265 1694 1292 in
1707 1266 1778 1300 pssi-

984 1310 1030 1330 mo
1044 1303 1124 1336 dicit,
1137 1304 1246 1332 Domine
1258 1305 1328 1333 Deus
1341 1315 1411 1335 meus
1421 1328 1428 1341 ,
1441 1308 1463 1335 si
1478 1309 1525 1344 feci
1538 1310 1626 1343 istud;
1643 1311 1666 1338 si
1678 1316 1716 1338 est
1726 1312 1777 1339 ini-

984 1348 1068 1382 quitas
1081 1349 1108 1375 in
1122 1350 1237 1378 manibus
1256 1352 1332 1385 meis,
1355 1352 1377 1379 si
1398 1352 1496 1380 reddidi
1511 1354 1701 1384 retribuentibus
1716 1357 1777 1385 mihi

984 1395 1055 1422 mala
1064 1402 1075 1427 ;
1098 1395 1213 1423 decidant
1228 1398 1315 1425 merito
1329 1399 1360 1425 ab
1381 1399 1488 1427 inimicis
1507 1401 1568 1428 meis
1588 1402 1670 1430 inanis
1684 1403 1777 1439 (Pard.

986 1447 1034 1473 vn,
1048 1440 1074 1472 4,
1090 1441 1106 1467 5
1119 1441 1146 1476 ),
1162 1446 1190 1469 et
1203 1448 1300 1470 cetera
1315 1452 1321 1470 :
1338 1444 1376 1471 sic
1390 1444 1495 1473 videtur
1511 1451 1538 1474 et
1553 1446 1596 1474 hic
1616 1448 1732 1482 dixisse,
1746 1450 1778 1477 St

985 1494 1037 1513 non
1052 1487 1180 1515 [inutiliter
1201 1490 1346 1524 sentiebam,
1369 1492 1413 1518 sed
1433 1493 1541 1520 exaltari
1561 1495 1672 1522 animam
1686 1505 1776 1524 meam.

986 1532 1082 1566 Age';
1107 1534 1182 1568 quasi
1205 1535 1324 1564 dicturus
1346 1542 1428 1569 esset,
1452 1538 1518 1566 Illud
1542 1540 1607 1568 mihi
1631 1542 1777 1577 contingat.

987 1577 1128 1611 Quomodo
1141 1584 1168 1606 et
1183 1580 1229 1613 ibi,
1249 1581 1280 1609 Si
1293 1582 1393 1610 reddidi
1414 1584 1605 1613 retribuentibus
1623 1587 1685 1614 mihi
1698 1589 1778 1622 mala,

987 1624 1121 1658 contingat
1134 1625 1200 1652 milli
1215 1626 1279 1653 illud
1292 1635 1299 1659 ;
1315 1628 1399 1661 quid?
1413 1628 1536 1657 Dccidam
1550 1633 1636 1659 merito
1650 1634 1681 1660 ab
1694 1634 1780 1662 inimi.

985 1668 1023 1696 cis
1037 1670 1098 1696 meis
1110 1670 1193 1697 inanis
1204 1679 1213 1697 :
1226 1671 1265 1698 sic
1279 1675 1307 1699 et
1321 1672 1375 1706 hic,
1391 1673 1423 1701 Si
1433 1683 1483 1702 non
1496 1676 1622 1704 humiliter
1632 1680 1778 1714 sentiebam,

986 1714 1032 1741 sed
1046 1714 1154 1742 exaltari
1175 1717 1284 1743 animam
1299 1726 1401 1752 meant;
1420 1722 1631 1754 quemadmodum
1648 1725 1692 1759 qui
1706 1725 1779 1752 abta-

988 1765 1028 1787 tus
1050 1765 1087 1789 est
1108 1770 1124 1788 α
1145 1762 1209 1790 lacte
1231 1771 1308 1797 super
1326 1770 1430 1792 matrem
1444 1775 1528 1800 suam,
1543 1768 1580 1795 sic
1601 1770 1732 1798 retributio
1753 1772 1781 1799 in

987 1808 1100 1834 animant
1126 1816 1217 1836 nteant.
1244 1809 1384 1838 intendite.
1419 1812 1508 1840 Nostis
1535 1815 1596 1849 quia
1622 1817 1781 1850 quibusdam

987 1852 1102 1880 inlirmis
1123 1853 1187 1881 dicit
1201 1855 1346 1889 Apostolus
1357 1877 1363 1887 ,
1380 1856 1433 1884 Lac
1455 1859 1522 1886 vobis
1537 1866 1623 1894 potum
1638 1862 1712 1896 dedi,
1730 1873 1781 1892 non

989 1905 1070 1924 escam
1084 1906 1093 1925 :
1107 1899 1219 1925 nondum
1232 1900 1299 1927 enim
1312 1903 1449 1936 poteratis,-
1469 1905 1512 1931 δρα
1529 1914 1572 1933 nec
1583 1907 1668 1934 adhuc
1681 1910 1782 1944 quidem

988 1944 1090 1979 potestis
1101 1943 1190 1979 (lCor.
1202 1953 1241 1979 ut,
1252 1946 1291 1981 2).
1305 1947 1372 1975 Sunt
1386 1949 1482 1977 intirmi
1495 1952 1538 1986 qui
1552 1960 1606 1980 non
1618 1960 1679 1982 sunt
1687 1943 1781 1985 idonei

989 1989 1078 2018 valido
1092 1990 1153 2018 cibo
1165 1999 1172 2024 ;
1188 1987 1289 2019 ’volunt
1303 2000 1333 2020 se
1347 1995 1491 2023 extendere
1505 1997 1537 2024 ad
1554 1998 1580 2025 id
1594 2000 1665 2033 quod
1686 2008 1782 2037 capere

983 2043 1043 2063 non
1062 2041 1195 2071 possunt:
1211 2043 1238 2065 et
1252 2039 1274 2065 si
1288 2039 1387 2074 aliquid
1409 2046 1552 2078 utcumque
1573 2047 1720 2081 coeperint,
1736 2053 1782 2076 aut

984 2082 1040 2112 _visi
1055 2082 1105 2110 sibi
1127 2083 1226 2111 fuerint
1245 2091 1340 2119 capere
1362 2087 1432 2121 quod
1455 2095 1507 2116 non
1533 2096 1680 2125 ceperunt,
1695 2095 1782 2122 extol—

990 2128 1081 2156 luntur
1095 2129 1166 2162 inde,
1184 2134 1210 2158 et
1223 2132 1379 2166 superbiunt
1397 2133 1477 2167 inde;
1492 2135 1617 2165 videntur
1636 2138 1688 2167 sibi
1706 2140 1783 2175 quasi

989 2175 1134 2210 sapientes.
1157 2175 1214 2204 Hoc
1233 2181 1322 2206 autem
1341 2179 1471 2215 contingit
1484 2182 1607 2212 omnibus
1629 2184 1781 2221 haereticis;

989 2222 1035 2256 qui
1057 2229 1118 2250 cum
1142 2228 1232 2251 essent
1255 2224 1384 2253 animales
1406 2230 1434 2254 et
1454 2229 1591 2262 carnales,
1615 2230 1783 2261 defendendo

989 2268 1137 2296 sententias
1158 2276 1221 2297 suas
1243 2277 1338 2303 pravas
1347 2289 1355 2303 ,
1368 2278 1434 2306 quas
1448 2272 1529 2300 falsos
1542 2282 1603 2302 esse
1617 2283 1670 2304 non
1686 2282 1783 2312 potue-

983 2319 1055 2343 runt
1068 2314 1169 2348 videre,
1185 2316 1287 2344 exclusi
1302 2320 1365 2344 sunt
1377 2317 1411 2345 de
1423 2318 1570 2348 Catholica.
1585 2321 1677 2350 Dicam
1689 2323 1783 2353 Chari-

991 2361 1037 2388 tati
1048 2365 1145 2389 vestra:
1156 2361 1227 2396 quod
1242 2369 1362 2396 possum.
1375 2363 1504 2393 Dominus
1516 2371 1607 2394 noster
1620 2368 1697 2397 Iesus
1706 2369 1785 2398 Chri~

991 2411 1048 2433 stus
1069 2406 1154 2434 nostis
1176 2406 1238 2441 quia
1259 2407 1376 2436 Verbum
1402 2409 1450 2437 Dei
1475 2415 1525 2443 est,
1549 2414 1694 2440 secundum
1719 2415 1783 2444 illud

991 2451 1121 2485 Joannis,
1141 2451 1177 2479 In
1199 2453 1323 2487 prittcipio
1344 2458 1398 2481 erat
1419 2454 1545 2490 Verbum,
1566 2461 1590 2484 et
1608 2457 1714 2486 Verbum
1729 2464 1784 2487 erat

992 2498 1062 2533 apud
1075 2497 1175 2531 Deum,
1189 2502 1213 2524 et
1230 2498 1298 2526 Deus
1312 2504 1365 2527 erat
1380 2498 1488 2528 Verbum
1500 2510 1511 2529 ι
1526 2502 1573 2529 hoc
1592 2508 1645 2530 erat
1664 2505 1691 2531 in
1709 2506 1782 2540 prin-

993 2544 1059 2579 cipio
1070 2544 1141 2579 apud
1152 2543 1244 2571 Deum.
1258 2544 1351 2573 Omnia
1363 2554 1410 2581 per
1428 2547 1511 2582 ipsum
1526 2550 1594 2584 facta
1611 2555 1679 2583 sunt,
1694 2556 1717 2577 et
1729 2552 1783 2580 sine

993 2590 1048 2624 ipso
1068 2589 1164 2624 factum
1191 2594 1227 2617 est
1249 2590 1323 2619 nihil.
1347 2591 1428 2619 Panis
1449 2600 1513 2628 ergo
1533 2598 1591 2626 est;
1616 2594 1677 2622 inde
1692 2596 1784 2624 vivunt

993 2635 1098 2670 Augeli.
1122 2635 1191 2663 Ecce
1210 2636 1286 2671 panis
1309 2640 1417 2672 paratus
1437 2641 1475 2665 est
1497 2639 1564 2672 tibi;
1587 2640 1634 2667 sed
1646 2648 1737 2670 cresce
1750 2643 1784 2671 de

982 2682 1081 2716 ,lacte,
1096 2687 1125 2710 ut
1144 2682 1177 2710 ad
1190 2690 1286 2718 panem
1302 2683 1450 2718 pervenias.
1473 2684 1506 2712 Et
1520 2687 1668 2721 quomodo,
1684 2688 1782 2724 inquis,

150 2719 197 2755 qui
212 2719 331 2747 medicus
340 2723 450 2747 venerat
463 2726 558 2747 sanare
572 2725 690 2747 tumores
702 2723 818 2751 nostros,
832 2722 859 2745 et
872 2717 943 2746 terre
981 2754 985 2761 γ

132 2775 137 2782 ·
151 2766 322 2794 inﬁrmitates
334 2767 450 2799 nostras,
466 2766 591 2793 continuo
604 2765 641 2791 ait
650 2774 663 2791 .:
679 2764 765 2792 Νοιίισ
779 2765 806 2791 in
820 2764 868 2791 hoc
880 2772 943 2799 gau-

137 2811 221 2844 dere,
245 2812 304 2846 quia
322 2811 446 2839 dwmonia
460 2811 527 2837 vobis
549 2810 659 2845 subjecta
674 2814 731 2836 sunt
745 2817 754 2841 ,'
773 2810 817 2836 sed
836 2810 943 2844 gaudete

130 2865 140 2870 *
152 2857 212 2891 quia
222 2857 325 2884 nomina
334 2862 415 2884 uestra
424 2858 517 2892 scripta
526 2861 583 2883 sunt
593 2857 619 2883 iu
629 2856 691 2883 coelo
705 2855 778 2891 (Luc.
790 2864 817 2889 x,
831 2856 873 2889 17,
883 2857 941 2890 20).

151 2901 212 2931 Non
230 2909 325 2931 omnes
337 2903 474 2932 christiani
489 2903 551 2932 boui
573 2902 708 2931 daemones
730 2901 854 2938 ejiciunt,
880 2910 941 2931 oin-

976 2883 980 2887 *
1002 2875 1011 2877 ἡ
1028 2878 1038 2892 ³
1060 2876 1123 2907 Apud
1144 2878 1198 2900 ων.
1219 2875 1353 2906 omittitur,
1369 2880 1414 2907 age

1027 2784 1035 2798 ¹
1049 2782 1143 2814 Aliquot
1150 2785 1215 2810 Mss.,
1227 2780 1297 2806 dono.

1027 2811 1114 2848 fieri,
1124 2813 1262 2837 «litui-tatus.
1277 2815 1303 2837 At
1319 2811 1431 2848 plerique
1442 2816 1495 2838 Mss.
1510 2818 1656 2847 constanter,
1669 2817 1763 2848 ablatus
1775 2824 1784 2843 .-

995 2845 1082 2877 quibus
1093 2843 1438 2877 noummquautconsentitEr.

996 2877 1123 2932 ὣίἱέῖριια
1144 2878 1198 2900 ων.
1219 2877 1353 2906 omittitur,
1369 2880 1414 2907 age
1441 2877 1526 2909 :quod
1546 2882 1626 2905 exstat
1647 2880 1672 2905 nt
1690 2879 1787 2921 caeteris
