  <div class='ocr_page' id='page_1' title='image "/cluster/home/n/w/nwhite01/storage/ocr_20150623/37/hvd.32044015471477/349.png"; bbox 0 0 4074 6494; ppageno 0'>
   <div class='ocr_carea' id='block_1_1' title="bbox 557 364 692 427">
    <p class='ocr_par' dir='ltr' id='par_1_1' title="bbox 557 364 692 427">
     <span class='ocr_line' id='line_1_1' title="bbox 557 364 692 427; baseline -0.007 0"><span class='ocrx_word' id='word_1_1' title='bbox 557 364 692 427; x_wconf 77' lang='grc'><strong>1⁸111</strong></span> 
     </span>
    </p>
   </div>
   <div class='ocr_carea' id='block_1_2' title="bbox 559 487 2142 556">
    <p class='ocr_par' dir='ltr' id='par_1_2' title="bbox 559 487 2142 556">
     <span class='ocr_line' id='line_1_2' title="bbox 559 487 2142 556; baseline -0.003 -8"><span class='ocrx_word' id='word_1_2' title='bbox 559 503 751 548; x_wconf 79' lang='lat' dir='ltr'><strong>cresco</strong></span> <span class='ocrx_word' id='word_1_3' title='bbox 790 488 860 546; x_wconf 90' lang='lat' dir='ltr'><strong>de</strong></span> <span class='ocrx_word' id='word_1_4' title='bbox 899 488 1078 547; x_wconf 77' lang='lat' dir='ltr'><strong>lacte?</strong></span> <span class='ocrx_word' id='word_1_5' title='bbox 1124 487 1277 556; x_wconf 83' lang='lat' dir='ltr'><strong>Quod</strong></span> <span class='ocrx_word' id='word_1_6' title='bbox 1322 488 1415 545; x_wconf 89' lang='lat' dir='ltr'><strong>tibi</strong></span> <span class='ocrx_word' id='word_1_7' title='bbox 1459 488 1628 546; x_wconf 89' lang='lat' dir='ltr'><strong>factus</strong></span> <span class='ocrx_word' id='word_1_8' title='bbox 1672 495 1755 545; x_wconf 92' lang='lat' dir='ltr'><strong>est</strong></span> <span class='ocrx_word' id='word_1_9' title='bbox 1796 487 2039 546; x_wconf 92' lang='lat' dir='ltr'><strong>Christus</strong></span> <span class='ocrx_word' id='word_1_10' title='bbox 2074 487 2142 544; x_wconf 90' lang='lat' dir='ltr'><strong>ad</strong></span> 
     </span>
    </p>
   </div>
   <div class='ocr_carea' id='block_1_3' title="bbox 558 581 2137 651">
    <p class='ocr_par' dir='ltr' id='par_1_3' title="bbox 558 581 2137 651">
     <span class='ocr_line' id='line_1_3' title="bbox 558 581 2137 651; baseline -0.001 -11"><span class='ocrx_word' id='word_1_11' title='bbox 558 582 928 640; x_wconf 79' lang='lat' dir='ltr'><strong>inﬁmitatem</strong></span> <span class='ocrx_word' id='word_1_12' title='bbox 954 590 1118 645; x_wconf 90' lang='lat' dir='ltr'><strong>tuam,</strong></span> <span class='ocrx_word' id='word_1_13' title='bbox 1146 581 1248 637; x_wconf 91' lang='lat' dir='ltr'><strong>hoc</strong></span> <span class='ocrx_word' id='word_1_14' title='bbox 1273 582 1445 651; x_wconf 92' lang='lat' dir='ltr'><strong>primo</strong></span> <span class='ocrx_word' id='word_1_15' title='bbox 1472 582 1652 646; x_wconf 87' lang='lat' dir='ltr'><strong>crede,</strong></span> <span class='ocrx_word' id='word_1_16' title='bbox 1684 592 1737 637; x_wconf 90' lang='lat' dir='ltr'><strong>et</strong></span> <span class='ocrx_word' id='word_1_17' title='bbox 1761 581 1969 637; x_wconf 81' lang='lat' dir='ltr'><strong>fortiter</strong></span> <span class='ocrx_word' id='word_1_18' title='bbox 1993 591 2137 639; x_wconf 85' lang='lat' dir='ltr'><strong>tene.</strong></span> 
     </span>
    </p>
   </div>
   <div class='ocr_carea' id='block_1_4' title="bbox 558 673 2139 746">
    <p class='ocr_par' dir='ltr' id='par_1_4' title="bbox 558 673 2139 746">
     <span class='ocr_line' id='line_1_4' title="bbox 558 673 2139 746; baseline -0.001 -14"><span class='ocrx_word' id='word_1_19' title='bbox 558 674 840 746; x_wconf 83' lang='lat' dir='ltr'><strong>Quomodo</strong></span> <span class='ocrx_word' id='word_1_20' title='bbox 877 688 1005 743; x_wconf 80' lang='lat' dir='ltr'><strong>ergo</strong></span> <span class='ocrx_word' id='word_1_21' title='bbox 1045 681 1217 729; x_wconf 83' lang='lat' dir='ltr'><strong>mater</strong></span> <span class='ocrx_word' id='word_1_22' title='bbox 1244 689 1366 729; x_wconf 92' lang='lat' dir='ltr'><strong>cum</strong></span> <span class='ocrx_word' id='word_1_23' title='bbox 1392 673 1585 729; x_wconf 89' lang='lat' dir='ltr'><strong>viderit</strong></span> <span class='ocrx_word' id='word_1_24' title='bbox 1609 673 1775 730; x_wconf 86' lang='lat' dir='ltr'><strong>ﬁlium</strong></span> <span class='ocrx_word' id='word_1_25' title='bbox 1818 675 1994 730; x_wconf 90' lang='lat' dir='ltr'><strong>minus</strong></span> <span class='ocrx_word' id='word_1_26' title='bbox 2020 675 2139 730; x_wconf 89' lang='lat' dir='ltr'><strong>ido-</strong></span> 
     </span>
    </p>
   </div>
   <div class='ocr_carea' id='block_1_5' title="bbox 555 769 2140 841">
    <p class='ocr_par' dir='ltr' id='par_1_5' title="bbox 555 769 2140 841">
     <span class='ocr_line' id='line_1_5' title="bbox 555 769 2140 841; baseline 0 -13"><span class='ocrx_word' id='word_1_27' title='bbox 555 786 721 829; x_wconf 85' lang='lat' dir='ltr'><strong>neum</strong></span> <span class='ocrx_word' id='word_1_28' title='bbox 747 769 813 825; x_wconf 93' lang='lat' dir='ltr'><strong>ad</strong></span> <span class='ocrx_word' id='word_1_29' title='bbox 840 769 1152 840; x_wconf 89' lang='lat' dir='ltr'><strong>capiendum</strong></span> <span class='ocrx_word' id='word_1_30' title='bbox 1198 770 1409 839; x_wconf 88' lang='lat' dir='ltr'><strong>cibum,</strong></span> <span class='ocrx_word' id='word_1_31' title='bbox 1437 772 1582 841; x_wconf 90' lang='lat' dir='ltr'><strong>ipsos</strong></span> <span class='ocrx_word' id='word_1_32' title='bbox 1621 769 1769 826; x_wconf 85' lang='lat' dir='ltr'><strong>cibos</strong></span> <span class='ocrx_word' id='word_1_33' title='bbox 1808 770 1859 826; x_wconf 90' lang='lat' dir='ltr'><strong>ei</strong></span> <span class='ocrx_word' id='word_1_34' title='bbox 1887 770 2014 837; x_wconf 90' lang='lat' dir='ltr'><strong>dat,</strong></span> <span class='ocrx_word' id='word_1_35' title='bbox 2044 771 2140 828; x_wconf 89' lang='lat' dir='ltr'><strong>sed</strong></span> 
     </span>
    </p>
   </div>
   <div class='ocr_carea' id='block_1_6' title="bbox 554 862 2141 935">
    <p class='ocr_par' dir='ltr' id='par_1_6' title="bbox 554 862 2141 935">
     <span class='ocr_line' id='line_1_6' title="bbox 554 862 2141 935; baseline 0.001 -18"><span class='ocrx_word' id='word_1_36' title='bbox 554 862 810 932; x_wconf 86' lang='lat' dir='ltr'><strong>trajectos</strong></span> <span class='ocrx_word' id='word_1_37' title='bbox 848 876 945 932; x_wconf 89' lang='lat' dir='ltr'><strong>per</strong></span> <span class='ocrx_word' id='word_1_38' title='bbox 970 876 1186 918; x_wconf 88' lang='lat' dir='ltr'><strong>carnem</strong></span> <span class='ocrx_word' id='word_1_39' title='bbox 1216 877 1366 918; x_wconf 89' lang='lat' dir='ltr'><strong>suam</strong></span> <span class='ocrx_word' id='word_1_40' title='bbox 1404 880 1418 916; x_wconf 90' lang='lat'><strong>:</strong></span> <span class='ocrx_word' id='word_1_41' title='bbox 1454 877 1576 918; x_wconf 92' lang='lat' dir='ltr'><strong>nam</strong></span> <span class='ocrx_word' id='word_1_42' title='bbox 1604 863 1719 934; x_wconf 90' lang='lat' dir='ltr'><strong>ipse</strong></span> <span class='ocrx_word' id='word_1_43' title='bbox 1746 872 1827 917; x_wconf 91' lang='lat' dir='ltr'><strong>est</strong></span> <span class='ocrx_word' id='word_1_44' title='bbox 1853 863 2006 933; x_wconf 84' lang='lat' dir='ltr'><strong>panis</strong></span> <span class='ocrx_word' id='word_1_45' title='bbox 2033 878 2141 935; x_wconf 90' lang='lat' dir='ltr'><strong>quo</strong></span> 
     </span>
    </p>
   </div>
   <div class='ocr_carea' id='block_1_7' title="bbox 555 953 2138 1025">
    <p class='ocr_par' dir='ltr' id='par_1_7' title="bbox 555 953 2138 1025">
     <span class='ocr_line' id='line_1_7' title="bbox 555 953 2138 1025; baseline 0.002 -15"><span class='ocrx_word' id='word_1_46' title='bbox 555 953 734 1010; x_wconf 84' lang='lat' dir='ltr'><strong>infans</strong></span> <span class='ocrx_word' id='word_1_47' title='bbox 758 954 1025 1025; x_wconf 91' lang='lat' dir='ltr'><strong>pascitur,</strong></span> <span class='ocrx_word' id='word_1_48' title='bbox 1056 969 1162 1025; x_wconf 88' lang='lat' dir='ltr'><strong>quo</strong></span> <span class='ocrx_word' id='word_1_49' title='bbox 1205 963 1257 1011; x_wconf 89' lang='lat' dir='ltr'><strong>et</strong></span> <span class='ocrx_word' id='word_1_50' title='bbox 1295 963 1467 1011; x_wconf 88' lang='lat' dir='ltr'><strong>mater</strong></span> <span class='ocrx_word' id='word_1_51' title='bbox 1497 954 1616 1025; x_wconf 85' lang='lat' dir='ltr'><strong>ejus</strong></span> <span class='ocrx_word' id='word_1_52' title='bbox 1636 955 1907 1025; x_wconf 90' lang='lat' dir='ltr'><strong>pascitur;</strong></span> <span class='ocrx_word' id='word_1_53' title='bbox 1952 956 2046 1012; x_wconf 91' lang='lat' dir='ltr'><strong>sed</strong></span> <span class='ocrx_word' id='word_1_54' title='bbox 2070 956 2138 1013; x_wconf 91' lang='lat' dir='ltr'><strong>ad</strong></span> 
     </span>
    </p>
   </div>
   <div class='ocr_carea' id='block_1_8' title="bbox 555 1045 2139 1113">
    <p class='ocr_par' dir='ltr' id='par_1_8' title="bbox 555 1045 2139 1113">
     <span class='ocr_line' id='line_1_8' title="bbox 555 1045 2139 1113; baseline 0 -10"><span class='ocrx_word' id='word_1_55' title='bbox 555 1060 796 1103; x_wconf 86' lang='lat' dir='ltr'><strong>mensam</strong></span> <span class='ocrx_word' id='word_1_56' title='bbox 821 1045 999 1102; x_wconf 83' lang='lat' dir='ltr'><strong>infans</strong></span> <span class='ocrx_word' id='word_1_57' title='bbox 1030 1046 1208 1101; x_wconf 89' lang='lat' dir='ltr'><strong>minus</strong></span> <span class='ocrx_word' id='word_1_58' title='bbox 1236 1045 1459 1102; x_wconf 90' lang='lat' dir='ltr'><strong>idoneus</strong></span> <span class='ocrx_word' id='word_1_59' title='bbox 1487 1055 1590 1113; x_wconf 91' lang='lat' dir='ltr'><strong>est,</strong></span> <span class='ocrx_word' id='word_1_60' title='bbox 1617 1045 1685 1101; x_wconf 89' lang='lat' dir='ltr'><strong>ad</strong></span> <span class='ocrx_word' id='word_1_61' title='bbox 1711 1046 1998 1102; x_wconf 90' lang='lat' dir='ltr'><strong>mamillam</strong></span> <span class='ocrx_word' id='word_1_62' title='bbox 2023 1048 2139 1103; x_wconf 91' lang='lat' dir='ltr'><strong>ido-</strong></span> 
     </span>
    </p>
   </div>
   <div class='ocr_carea' id='block_1_9' title="bbox 554 1135 2136 1209">
    <p class='ocr_par' dir='ltr' id='par_1_9' title="bbox 554 1135 2136 1209">
     <span class='ocr_line' id='line_1_9' title="bbox 554 1135 2136 1209; baseline 0.002 -15"><span class='ocrx_word' id='word_1_63' title='bbox 554 1153 687 1195; x_wconf 92' lang='lat' dir='ltr'><strong>neus</strong></span> <span class='ocrx_word' id='word_1_64' title='bbox 727 1146 832 1195; x_wconf 90' lang='lat' dir='ltr'><strong>est.</strong></span> <span class='ocrx_word' id='word_1_65' title='bbox 870 1138 1029 1195; x_wconf 89' lang='lat' dir='ltr'><strong>Panis</strong></span> <span class='ocrx_word' id='word_1_66' title='bbox 1054 1153 1182 1209; x_wconf 83' lang='lat' dir='ltr'><strong>ergo</strong></span> <span class='ocrx_word' id='word_1_67' title='bbox 1221 1138 1289 1194; x_wconf 90' lang='lat' dir='ltr'><strong>de</strong></span> <span class='ocrx_word' id='word_1_68' title='bbox 1315 1154 1498 1194; x_wconf 86' lang='lat' dir='ltr'><strong>mensa</strong></span> <span class='ocrx_word' id='word_1_69' title='bbox 1534 1137 1794 1209; x_wconf 86' lang='lat' dir='ltr'><strong>trajicitur</strong></span> <span class='ocrx_word' id='word_1_70' title='bbox 1820 1153 1917 1209; x_wconf 90' lang='lat' dir='ltr'><strong>per</strong></span> <span class='ocrx_word' id='word_1_71' title='bbox 1950 1135 2136 1198; x_wconf 78' lang='lat' dir='ltr'><strong>matris</strong></span> 
     </span>
    </p>
   </div>
   <div class='ocr_carea' id='block_1_10' title="bbox 550 1228 2135 1301">
    <p class='ocr_par' dir='ltr' id='par_1_10' title="bbox 550 1228 2135 1301">
     <span class='ocr_line' id='line_1_10' title="bbox 550 1228 2135 1301; baseline 0.001 -15"><span class='ocrx_word' id='word_1_72' title='bbox 550 1229 845 1287; x_wconf 88' lang='lat' dir='ltr'><strong>mamillam</strong></span> <span class='ocrx_word' id='word_1_73' title='bbox 869 1269 883 1295; x_wconf 94' lang='lat'><strong>,</strong></span> <span class='ocrx_word' id='word_1_74' title='bbox 909 1238 968 1284; x_wconf 93' lang='lat' dir='ltr'><strong>ut</strong></span> <span class='ocrx_word' id='word_1_75' title='bbox 996 1228 1076 1286; x_wconf 91' lang='lat' dir='ltr'><strong>sic</strong></span> <span class='ocrx_word' id='word_1_76' title='bbox 1102 1230 1376 1299; x_wconf 86' lang='lat' dir='ltr'><strong>perveniat</strong></span> <span class='ocrx_word' id='word_1_77' title='bbox 1413 1229 1552 1286; x_wconf 91' lang='lat' dir='ltr'><strong>idem</strong></span> <span class='ocrx_word' id='word_1_78' title='bbox 1578 1231 1888 1287; x_wconf 87' lang='lat' dir='ltr'><strong>alimentum</strong></span> <span class='ocrx_word' id='word_1_79' title='bbox 1917 1232 1983 1287; x_wconf 90' lang='lat' dir='ltr'><strong>ad</strong></span> <span class='ocrx_word' id='word_1_80' title='bbox 2010 1247 2135 1301; x_wconf 80' lang='lat' dir='ltr'><strong>par-</strong></span> 
     </span>
    </p>
   </div>
   <div class='ocr_carea' id='block_1_11' title="bbox 549 1319 2135 1380">
    <p class='ocr_par' dir='ltr' id='par_1_11' title="bbox 549 1319 2135 1380">
     <span class='ocr_line' id='line_1_11' title="bbox 549 1319 2135 1380; baseline 0.002 -3"><span class='ocrx_word' id='word_1_81' title='bbox 549 1328 679 1377; x_wconf 64' lang='lat' dir='ltr'><strong>Vum</strong></span> <span class='ocrx_word' id='word_1_82' title='bbox 722 1319 1001 1377; x_wconf 85' lang='lat' dir='ltr'><strong>infantem.</strong></span> <span class='ocrx_word' id='word_1_83' title='bbox 1047 1321 1137 1378; x_wconf 90' lang='lat' dir='ltr'><strong>Sic</strong></span> <span class='ocrx_word' id='word_1_84' title='bbox 1178 1321 1435 1377; x_wconf 87' lang='lat' dir='ltr'><strong>Dominus</strong></span> <span class='ocrx_word' id='word_1_85' title='bbox 1477 1330 1660 1379; x_wconf 89' lang='lat' dir='ltr'><strong>noster</strong></span> <span class='ocrx_word' id='word_1_86' title='bbox 1699 1322 1855 1379; x_wconf 86' lang='lat' dir='ltr'><strong>Jesus</strong></span> <span class='ocrx_word' id='word_1_87' title='bbox 1892 1323 2135 1380; x_wconf 77' lang='lat' dir='ltr'><strong>Christus</strong></span> 
     </span>
    </p>
   </div>
   <div class='ocr_carea' id='block_1_12' title="bbox 547 1412 2135 1486">
    <p class='ocr_par' dir='ltr' id='par_1_12' title="bbox 547 1412 2135 1486">
     <span class='ocr_line' id='line_1_12' title="bbox 547 1412 2135 1486; baseline 0.001 -16"><span class='ocrx_word' id='word_1_88' title='bbox 547 1426 672 1470; x_wconf 90' lang='lat' dir='ltr'><strong>cum</strong></span> <span class='ocrx_word' id='word_1_89' title='bbox 696 1421 840 1469; x_wconf 90' lang='lat' dir='ltr'><strong>esset</strong></span> <span class='ocrx_word' id='word_1_90' title='bbox 859 1412 1095 1469; x_wconf 85' lang='lat' dir='ltr'><strong>Verbum</strong></span> <span class='ocrx_word' id='word_1_91' title='bbox 1124 1413 1264 1484; x_wconf 90' lang='lat' dir='ltr'><strong>apud</strong></span> <span class='ocrx_word' id='word_1_92' title='bbox 1285 1414 1518 1483; x_wconf 85' lang='lat' dir='ltr'><strong>Patrem,</strong></span> <span class='ocrx_word' id='word_1_93' title='bbox 1551 1430 1648 1486; x_wconf 89' lang='lat' dir='ltr'><strong>per</strong></span> <span class='ocrx_word' id='word_1_94' title='bbox 1675 1415 1817 1486; x_wconf 89' lang='lat' dir='ltr'><strong>quod</strong></span> <span class='ocrx_word' id='word_1_95' title='bbox 1845 1416 1980 1472; x_wconf 89' lang='lat' dir='ltr'><strong>facta</strong></span> <span class='ocrx_word' id='word_1_96' title='bbox 2008 1425 2135 1472; x_wconf 88' lang='lat' dir='ltr'><strong>sunt</strong></span> 
     </span>
    </p>
   </div>
   <div class='ocr_carea' id='block_1_13' title="bbox 545 1503 2131 1577">
    <p class='ocr_par' dir='ltr' id='par_1_13' title="bbox 545 1503 2131 1577">
     <span class='ocr_line' id='line_1_13' title="bbox 545 1503 2131 1577; baseline 0.001 -16"><span class='ocrx_word' id='word_1_97' title='bbox 545 1503 766 1571; x_wconf 90' lang='lat' dir='ltr'><strong>omnia;</strong></span> <span class='ocrx_word' id='word_1_98' title='bbox 812 1505 1053 1575; x_wconf 90' lang='lat' dir='ltr'><strong>quicum</strong></span> <span class='ocrx_word' id='word_1_99' title='bbox 1096 1505 1151 1559; x_wconf 89' lang='lat' dir='ltr'><strong>in</strong></span> <span class='ocrx_word' id='word_1_100' title='bbox 1199 1505 1367 1561; x_wconf 91' lang='lat' dir='ltr'><strong>forma</strong></span> <span class='ocrx_word' id='word_1_101' title='bbox 1395 1505 1491 1562; x_wconf 90' lang='lat' dir='ltr'><strong>Dei</strong></span> <span class='ocrx_word' id='word_1_102' title='bbox 1532 1514 1692 1574; x_wconf 85' lang='lat' dir='ltr'><strong>esset,</strong></span> <span class='ocrx_word' id='word_1_103' title='bbox 1738 1521 1847 1563; x_wconf 89' lang='lat' dir='ltr'><strong>non</strong></span> <span class='ocrx_word' id='word_1_104' title='bbox 1886 1508 2131 1577; x_wconf 87' lang='lat' dir='ltr'><strong>rapinam</strong></span> 
     </span>
    </p>
   </div>
   <div class='ocr_carea' id='block_1_14' title="bbox 542 1595 2130 1669">
    <p class='ocr_par' dir='ltr' id='par_1_14' title="bbox 542 1595 2130 1669">
     <span class='ocr_line' id='line_1_14' title="bbox 542 1595 2130 1669; baseline 0.001 -18"><span class='ocrx_word' id='word_1_105' title='bbox 542 1595 835 1651; x_wconf 84' lang='lat' dir='ltr'><strong>arbitratus</strong></span> <span class='ocrx_word' id='word_1_106' title='bbox 861 1602 945 1651; x_wconf 87' lang='lat' dir='ltr'><strong>est</strong></span> <span class='ocrx_word' id='word_1_107' title='bbox 973 1610 1094 1651; x_wconf 89' lang='lat' dir='ltr'><strong>csse</strong></span> <span class='ocrx_word' id='word_1_108' title='bbox 1118 1596 1336 1666; x_wconf 65' lang='lat' dir='ltr'><strong>aequalis</strong></span> <span class='ocrx_word' id='word_1_109' title='bbox 1361 1596 1473 1651; x_wconf 86' lang='lat' dir='ltr'><strong>Deo</strong></span> <span class='ocrx_word' id='word_1_110' title='bbox 1501 1595 1757 1669; x_wconf 79' lang='lat' dir='ltr'><strong>(Philipp.</strong></span> <span class='ocrx_word' id='word_1_111' title='bbox 1787 1611 1843 1663; x_wconf 87' lang='grc' dir='ltr'>ιι,</span> <span class='ocrx_word' id='word_1_112' title='bbox 1873 1597 1928 1669; x_wconf 90' lang='grc'><strong>6)</strong></span> <span class='ocrx_word' id='word_1_113' title='bbox 1954 1615 1968 1664; x_wconf 92' lang='grc'><strong>;</strong></span> <span class='ocrx_word' id='word_1_114' title='bbox 1995 1612 2130 1669; x_wconf 90' lang='lat' dir='ltr'><strong>qua-</strong></span> 
     </span>
    </p>
   </div>
   <div class='ocr_carea' id='block_1_15' title="bbox 542 1687 2130 1758">
    <p class='ocr_par' dir='ltr' id='par_1_15' title="bbox 542 1687 2130 1758">
     <span class='ocr_line' id='line_1_15' title="bbox 542 1687 2130 1758; baseline 0.003 -16"><span class='ocrx_word' id='word_1_115' title='bbox 542 1692 648 1744; x_wconf 83' lang='lat' dir='ltr'><strong>lem</strong></span> <span class='ocrx_word' id='word_1_116' title='bbox 680 1690 935 1755; x_wconf 83' lang='lat' dir='ltr'><strong>caperent</strong></span> <span class='ocrx_word' id='word_1_117' title='bbox 972 1701 1069 1756; x_wconf 91' lang='lat' dir='ltr'><strong>pro</strong></span> <span class='ocrx_word' id='word_1_118' title='bbox 1104 1687 1266 1743; x_wconf 92' lang='lat' dir='ltr'><strong>modo</strong></span> <span class='ocrx_word' id='word_1_119' title='bbox 1291 1702 1390 1743; x_wconf 91' lang='lat' dir='ltr'><strong>suo</strong></span> <span class='ocrx_word' id='word_1_120' title='bbox 1410 1688 1598 1758; x_wconf 81' lang='lat' dir='ltr'><strong>Angeli</strong></span> <span class='ocrx_word' id='word_1_121' title='bbox 1617 1731 1633 1754; x_wconf 92' lang='lat'><strong>,</strong></span> <span class='ocrx_word' id='word_1_122' title='bbox 1663 1697 1717 1744; x_wconf 91' lang='lat' dir='ltr'><strong>et</strong></span> <span class='ocrx_word' id='word_1_123' title='bbox 1742 1688 1883 1745; x_wconf 92' lang='lat' dir='ltr'><strong>unde</strong></span> <span class='ocrx_word' id='word_1_124' title='bbox 1912 1690 1966 1745; x_wconf 91' lang='lat' dir='ltr'><strong>in</strong></span> <span class='ocrx_word' id='word_1_125' title='bbox 1992 1690 2130 1747; x_wconf 87' lang='lat' dir='ltr'><strong>coelo</strong></span> 
     </span>
    </p>
   </div>
   <div class='ocr_carea' id='block_1_16' title="bbox 541 1774 2127 1851">
    <p class='ocr_par' dir='ltr' id='par_1_16' title="bbox 541 1774 2127 1851">
     <span class='ocr_line' id='line_1_16' title="bbox 541 1774 2127 1851; baseline 0.003 -19"><span class='ocrx_word' id='word_1_126' title='bbox 541 1775 840 1833; x_wconf 90' lang='lat' dir='ltr'><strong>Potestates</strong></span> <span class='ocrx_word' id='word_1_127' title='bbox 865 1784 919 1830; x_wconf 89' lang='lat' dir='ltr'><strong>et</strong></span> <span class='ocrx_word' id='word_1_128' title='bbox 944 1774 1207 1844; x_wconf 84' lang='lat' dir='ltr'><strong>Virtutes,</strong></span> <span class='ocrx_word' id='word_1_129' title='bbox 1236 1777 1454 1846; x_wconf 90' lang='lat' dir='ltr'><strong>spiritus</strong></span> <span class='ocrx_word' id='word_1_130' title='bbox 1476 1779 1493 1809; x_wconf 72' lang='grc' dir='ltr'>ί</span> <span class='ocrx_word' id='word_1_131' title='bbox 1520 1777 1911 1836; x_wconf 91' lang='lat' dir='ltr'><strong>intellectuales</strong></span> <span class='ocrx_word' id='word_1_132' title='bbox 1937 1795 2127 1851; x_wconf 91' lang='lat' dir='ltr'><strong>pasce-</strong></span> 
     </span>
    </p>
   </div>
   <div class='ocr_carea' id='block_1_17' title="bbox 538 1867 2128 1934">
    <p class='ocr_par' dir='ltr' id='par_1_17' title="bbox 538 1867 2128 1934">
     <span class='ocr_line' id='line_1_17' title="bbox 538 1867 2128 1934; baseline 0.003 -10"><span class='ocrx_word' id='word_1_133' title='bbox 538 1875 766 1934; x_wconf 85' lang='lat' dir='ltr'><strong>rentur;</strong></span> <span class='ocrx_word' id='word_1_134' title='bbox 817 1867 981 1923; x_wconf 87' lang='lat' dir='ltr'><strong>homo</strong></span> <span class='ocrx_word' id='word_1_135' title='bbox 1031 1877 1209 1925; x_wconf 91' lang='lat' dir='ltr'><strong>autem</strong></span> <span class='ocrx_word' id='word_1_136' title='bbox 1256 1868 1498 1925; x_wconf 80' lang='lat' dir='ltr'><strong>infirmus</strong></span> <span class='ocrx_word' id='word_1_137' title='bbox 1544 1878 1600 1927; x_wconf 90' lang='lat' dir='ltr'><strong>et</strong></span> <span class='ocrx_word' id='word_1_138' title='bbox 1649 1886 1810 1927; x_wconf 90' lang='lat' dir='ltr'><strong>carne</strong></span> <span class='ocrx_word' id='word_1_139' title='bbox 1857 1873 2128 1930; x_wconf 90' lang='lat' dir='ltr'><strong>involutus</strong></span> 
     </span>
    </p>
   </div>
   <div class='ocr_carea' id='block_1_18' title="bbox 535 1956 2126 2032">
    <p class='ocr_par' dir='ltr' id='par_1_18' title="bbox 535 1956 2126 2032">
     <span class='ocr_line' id='line_1_18' title="bbox 535 1956 2126 2032; baseline 0.004 -20"><span class='ocrx_word' id='word_1_140' title='bbox 535 1956 745 2030; x_wconf 72' lang='lat' dir='ltr'><strong>iaceret</strong></span> <span class='ocrx_word' id='word_1_141' title='bbox 784 1958 838 2014; x_wconf 90' lang='lat' dir='ltr'><strong>in</strong></span> <span class='ocrx_word' id='word_1_142' title='bbox 875 1966 1016 2014; x_wconf 87' lang='lat' dir='ltr'><strong>terra</strong></span> <span class='ocrx_word' id='word_1_143' title='bbox 1037 2000 1053 2027; x_wconf 95' lang='lat'><strong>,</strong></span> <span class='ocrx_word' id='word_1_144' title='bbox 1081 1974 1182 2014; x_wconf 89' lang='lat' dir='ltr'><strong>nec</strong></span> <span class='ocrx_word' id='word_1_145' title='bbox 1212 1967 1392 2029; x_wconf 90' lang='lat' dir='ltr'><strong>posset</strong></span> <span class='ocrx_word' id='word_1_146' title='bbox 1418 1959 1486 2014; x_wconf 90' lang='lat' dir='ltr'><strong>ad</strong></span> <span class='ocrx_word' id='word_1_147' title='bbox 1511 1975 1633 2015; x_wconf 89' lang='lat' dir='ltr'><strong>eum</strong></span> <span class='ocrx_word' id='word_1_148' title='bbox 1662 1963 1945 2031; x_wconf 86' lang='lat' dir='ltr'><strong>pervenire</strong></span> <span class='ocrx_word' id='word_1_149' title='bbox 1974 1961 2126 2032; x_wconf 87' lang='lat' dir='ltr'><strong>panis</strong></span> 
     </span>
    </p>
   </div>
   <div class='ocr_carea' id='block_1_19' title="bbox 536 2050 2124 2122">
    <p class='ocr_par' dir='ltr' id='par_1_19' title="bbox 536 2050 2124 2122">
     <span class='ocr_line' id='line_1_19' title="bbox 536 2050 2124 2122; baseline 0.003 -17"><span class='ocrx_word' id='word_1_150' title='bbox 536 2050 773 2106; x_wconf 70' lang='lat' dir='ltr'><strong>scelestis</strong></span> <span class='ocrx_word' id='word_1_151' title='bbox 817 2069 831 2105; x_wconf 91' lang='lat'><strong>:</strong></span> <span class='ocrx_word' id='word_1_152' title='bbox 877 2058 936 2106; x_wconf 92' lang='lat' dir='ltr'><strong>ut</strong></span> <span class='ocrx_word' id='word_1_153' title='bbox 978 2066 1171 2121; x_wconf 89' lang='lat' dir='ltr'><strong>panem</strong></span> <span class='ocrx_word' id='word_1_154' title='bbox 1213 2050 1539 2122; x_wconf 81' lang='lat' dir='ltr'><strong>Angelorum</strong></span> <span class='ocrx_word' id='word_1_155' title='bbox 1582 2052 1927 2109; x_wconf 89' lang='lat' dir='ltr'><strong>manducaret</strong></span> <span class='ocrx_word' id='word_1_156' title='bbox 1962 2053 2124 2111; x_wconf 88' lang='lat' dir='ltr'><strong>homo</strong></span> 
     </span>
    </p>
   </div>
   <div class='ocr_carea' id='block_1_20' title="bbox 538 2133 2123 2212">
    <p class='ocr_par' dir='ltr' id='par_1_20' title="bbox 538 2133 2123 2212">
     <span class='ocr_line' id='line_1_20' title="bbox 538 2133 2123 2212; baseline 0.003 -16"><span class='ocrx_word' id='word_1_157' title='bbox 538 2133 711 2196; x_wconf 77' lang='lat' dir='ltr'><strong>(Psal.</strong></span> <span class='ocrx_word' id='word_1_158' title='bbox 740 2144 938 2207; x_wconf 72' lang='lat' dir='ltr'><strong>txxvn,</strong></span> <span class='ocrx_word' id='word_1_159' title='bbox 958 2141 1074 2212; x_wconf 86' lang='lat'><strong>25),</strong></span> <span class='ocrx_word' id='word_1_160' title='bbox 1097 2149 1153 2197; x_wconf 92' lang='lat' dir='ltr'><strong>et</strong></span> <span class='ocrx_word' id='word_1_161' title='bbox 1180 2157 1373 2197; x_wconf 88' lang='lat' dir='ltr'><strong>manna</strong></span> <span class='ocrx_word' id='word_1_162' title='bbox 1403 2142 1754 2199; x_wconf 88' lang='lat' dir='ltr'><strong>descenderet</strong></span> <span class='ocrx_word' id='word_1_163' title='bbox 1772 2144 1840 2200; x_wconf 88' lang='lat' dir='ltr'><strong>ad</strong></span> <span class='ocrx_word' id='word_1_164' title='bbox 1859 2146 2123 2201; x_wconf 85' lang='lat' dir='ltr'><strong>veriorem</strong></span> 
     </span>
    </p>
   </div>
   <div class='ocr_carea' id='block_1_21' title="bbox 533 2225 2124 2306">
    <p class='ocr_par' dir='ltr' id='par_1_21' title="bbox 533 2225 2124 2306">
     <span class='ocr_line' id='line_1_21' title="bbox 533 2225 2124 2306; baseline 0.004 -22"><span class='ocrx_word' id='word_1_165' title='bbox 533 2228 789 2300; x_wconf 87' lang='lat' dir='ltr'><strong>populum</strong></span> <span class='ocrx_word' id='word_1_166' title='bbox 816 2225 1011 2299; x_wconf 74' lang='lat' dir='ltr'><strong>lsrael,</strong></span> <span class='ocrx_word' id='word_1_167' title='bbox 1043 2230 1256 2286; x_wconf 86' lang='lat' dir='ltr'><strong>Verbum</strong></span> <span class='ocrx_word' id='word_1_168' title='bbox 1285 2248 1403 2288; x_wconf 87' lang='lat' dir='ltr'><strong>caro</strong></span> <span class='ocrx_word' id='word_1_169' title='bbox 1441 2236 1631 2306; x_wconf 76' lang='lat' dir='ltr'><strong>factum</strong></span> <span class='ocrx_word' id='word_1_170' title='bbox 1659 2243 1765 2302; x_wconf 85' lang='lat' dir='ltr'><strong>est,</strong></span> <span class='ocrx_word' id='word_1_171' title='bbox 1802 2244 1850 2289; x_wconf 92' lang='lat' dir='ltr'><strong>et</strong></span> <span class='ocrx_word' id='word_1_172' title='bbox 1884 2236 2124 2292; x_wconf 77' lang='lat' dir='ltr'><strong>habitavit</strong></span> 
     </span>
    </p>
   </div>
   <div class='ocr_carea' id='block_1_22' title="bbox 532 2321 1399 2395">
    <p class='ocr_par' dir='ltr' id='par_1_22' title="bbox 532 2321 1399 2395">
     <span class='ocr_line' id='line_1_22' title="bbox 532 2321 1399 2395; baseline 0.003 -19"><span class='ocrx_word' id='word_1_173' title='bbox 532 2322 587 2376; x_wconf 84' lang='lat' dir='ltr'><strong>in</strong></span> <span class='ocrx_word' id='word_1_174' title='bbox 613 2323 755 2377; x_wconf 85' lang='lat' dir='ltr'><strong>nobis</strong></span> <span class='ocrx_word' id='word_1_175' title='bbox 783 2321 963 2393; x_wconf 83' lang='lat' dir='ltr'><strong>(Ioan.</strong></span> <span class='ocrx_word' id='word_1_176' title='bbox 985 2338 1024 2389; x_wconf 86' lang='grc' dir='ltr'>ι,</span> <span class='ocrx_word' id='word_1_177' title='bbox 1049 2324 1101 2390; x_wconf 88' lang='grc'><strong>1,</strong></span> <span class='ocrx_word' id='word_1_178' title='bbox 1123 2323 1180 2391; x_wconf 89' lang='lat'><strong>2,</strong></span> <span class='ocrx_word' id='word_1_179' title='bbox 1204 2325 1257 2388; x_wconf 79' lang='lat'><strong>5,</strong></span> <span class='ocrx_word' id='word_1_180' title='bbox 1284 2325 1399 2395; x_wconf 76' lang='grc'><strong>14).</strong></span> 
     </span>
    </p>
   </div>
   <div class='ocr_carea' id='block_1_23' title="bbox 543 2414 2118 2491">
    <p class='ocr_par' dir='ltr' id='par_1_23' title="bbox 543 2414 2118 2491">
     <span class='ocr_line' id='line_1_23' title="bbox 543 2414 2118 2491; baseline 0.004 -21"><span class='ocrx_word' id='word_1_181' title='bbox 543 2426 549 2431; x_wconf 86' lang='lat'><strong>&#39;</strong></span> <span class='ocrx_word' id='word_1_182' title='bbox 606 2414 695 2471; x_wconf 83' lang='grc'><strong>10.</strong></span> <span class='ocrx_word' id='word_1_183' title='bbox 722 2415 1056 2487; x_wconf 86' lang='lat' dir='ltr'><strong>Quapropter</strong></span> <span class='ocrx_word' id='word_1_184' title='bbox 1080 2418 1210 2488; x_wconf 86' lang='lat' dir='ltr'><strong>ipsis</strong></span> <span class='ocrx_word' id='word_1_185' title='bbox 1234 2416 1462 2473; x_wconf 82' lang='lat' dir='ltr'><strong>infirmis</strong></span> <span class='ocrx_word' id='word_1_186' title='bbox 1488 2417 1688 2474; x_wconf 90' lang='lat' dir='ltr'><strong>Paulus</strong></span> <span class='ocrx_word' id='word_1_187' title='bbox 1712 2419 1987 2491; x_wconf 86' lang='lat' dir='ltr'><strong>apostolus</strong></span> <span class='ocrx_word' id='word_1_188' title='bbox 2014 2420 2118 2477; x_wconf 92' lang='lat' dir='ltr'><strong>hoc</strong></span> 
     </span>
    </p>
   </div>
   <div class='ocr_carea' id='block_1_24' title="bbox 530 2505 2116 2579">
    <p class='ocr_par' dir='ltr' id='par_1_24' title="bbox 530 2505 2116 2579">
     <span class='ocr_line' id='line_1_24' title="bbox 530 2505 2116 2579; baseline 0.003 -18"><span class='ocrx_word' id='word_1_189' title='bbox 530 2505 703 2573; x_wconf 89' lang='lat' dir='ltr'><strong>dicit,</strong></span> <span class='ocrx_word' id='word_1_190' title='bbox 727 2521 863 2577; x_wconf 89' lang='lat' dir='ltr'><strong>quos</strong></span> <span class='ocrx_word' id='word_1_191' title='bbox 891 2506 1018 2563; x_wconf 88' lang='lat' dir='ltr'><strong>dicit</strong></span> <span class='ocrx_word' id='word_1_192' title='bbox 1043 2508 1302 2563; x_wconf 90' lang='lat' dir='ltr'><strong>animales</strong></span> <span class='ocrx_word' id='word_1_193' title='bbox 1332 2517 1386 2564; x_wconf 92' lang='lat' dir='ltr'><strong>et</strong></span> <span class='ocrx_word' id='word_1_194' title='bbox 1411 2509 1653 2565; x_wconf 90' lang='lat' dir='ltr'><strong>carnales</strong></span> <span class='ocrx_word' id='word_1_195' title='bbox 1679 2510 1874 2578; x_wconf 86' lang='lat' dir='ltr'><strong>(lCor.</strong></span> <span class='ocrx_word' id='word_1_196' title='bbox 1902 2526 1978 2578; x_wconf 87' lang='grc' dir='ltr'>ιιι,</span> <span class='ocrx_word' id='word_1_197' title='bbox 2008 2511 2033 2565; x_wconf 89' lang='grc'><strong>1</strong></span> <span class='ocrx_word' id='word_1_198' title='bbox 2059 2511 2116 2579; x_wconf 69' lang='lat'><strong>)’:</strong></span> 
     </span>
    </p>
   </div>
   <div class='ocr_carea' id='block_1_25' title="bbox 531 2592 2120 2670">
    <p class='ocr_par' dir='ltr' id='par_1_25' title="bbox 531 2592 2120 2670">
     <span class='ocr_line' id='line_1_25' title="bbox 531 2592 2120 2670; baseline 0.003 -18"><span class='ocrx_word' id='word_1_199' title='bbox 531 2595 800 2665; x_wconf 76' lang='lat' dir='ltr'><strong>Numquid</strong></span> <span class='ocrx_word' id='word_1_200' title='bbox 841 2598 949 2654; x_wconf 68' lang='lat' dir='ltr'><strong>dixi</strong></span> <span class='ocrx_word' id='word_1_201' title='bbox 989 2615 1069 2654; x_wconf 86' lang='lat' dir='ltr'><strong>me</strong></span> <span class='ocrx_word' id='word_1_202' title='bbox 1110 2599 1239 2653; x_wconf 85' lang='lat' dir='ltr'><strong>scire</strong></span> <span class='ocrx_word' id='word_1_203' title='bbox 1280 2592 1473 2670; x_wconf 78' lang='lat' dir='ltr'><strong>aliquid</strong></span> <span class='ocrx_word' id='word_1_204' title='bbox 1512 2601 1566 2654; x_wconf 84' lang='lat' dir='ltr'><strong>in</strong></span> <span class='ocrx_word' id='word_1_205' title='bbox 1606 2601 1775 2665; x_wconf 81' lang='lat' dir='ltr'><strong>vobis,</strong></span> <span class='ocrx_word' id='word_1_206' title='bbox 1822 2601 1919 2655; x_wconf 89' lang='lat' dir='ltr'><strong>nisi</strong></span> <span class='ocrx_word' id='word_1_207' title='bbox 1942 2600 2120 2656; x_wconf 72' lang='lat' dir='ltr'><strong>Iesum</strong></span> 
     </span>
    </p>
   </div>
   <div class='ocr_carea' id='block_1_26' title="bbox 530 2690 2119 2766">
    <p class='ocr_par' dir='ltr' id='par_1_26' title="bbox 530 2690 2119 2766">
     <span class='ocr_line' id='line_1_26' title="bbox 530 2690 2119 2766; baseline 0.003 -19"><span class='ocrx_word' id='word_1_208' title='bbox 530 2690 808 2758; x_wconf 77' lang='lat' dir='ltr'><strong>Christum,</strong></span> <span class='ocrx_word' id='word_1_209' title='bbox 832 2703 877 2748; x_wconf 83' lang='lat' dir='ltr'><strong>et</strong></span> <span class='ocrx_word' id='word_1_210' title='bbox 899 2694 1032 2747; x_wconf 88' lang='lat' dir='ltr'><strong>hunc</strong></span> <span class='ocrx_word' id='word_1_211' title='bbox 1055 2694 1354 2763; x_wconf 76' lang='lat' dir='ltr'><strong>cruciﬁxum</strong></span> <span class='ocrx_word' id='word_1_212' title='bbox 1381 2692 1491 2764; x_wconf 89' lang='lat' dir='ltr'><strong>(Id.</strong></span> <span class='ocrx_word' id='word_1_213' title='bbox 1516 2710 1571 2759; x_wconf 87' lang='grc' dir='ltr'>ιι,</span> <span class='ocrx_word' id='word_1_214' title='bbox 1596 2693 1697 2766; x_wconf 86' lang='lat'><strong>2)?</strong></span> <span class='ocrx_word' id='word_1_215' title='bbox 1722 2694 1855 2749; x_wconf 86' lang='lat' dir='ltr'><strong>Nam</strong></span> <span class='ocrx_word' id='word_1_216' title='bbox 1874 2694 2119 2751; x_wconf 86' lang='lat' dir='ltr'><strong>Christus</strong></span> 
     </span>
    </p>
   </div>
   <div class='ocr_carea' id='block_1_27' title="bbox 527 2787 2118 2860">
    <p class='ocr_par' dir='ltr' id='par_1_27' title="bbox 527 2787 2118 2860">
     <span class='ocr_line' id='line_1_27' title="bbox 527 2787 2118 2860; baseline 0 -17"><span class='ocrx_word' id='word_1_217' title='bbox 527 2795 645 2843; x_wconf 86' lang='lat' dir='ltr'><strong>erat</strong></span> <span class='ocrx_word' id='word_1_218' title='bbox 670 2796 725 2843; x_wconf 91' lang='lat' dir='ltr'><strong>et</strong></span> <span class='ocrx_word' id='word_1_219' title='bbox 767 2803 873 2844; x_wconf 89' lang='lat' dir='ltr'><strong>non</strong></span> <span class='ocrx_word' id='word_1_220' title='bbox 904 2789 1189 2844; x_wconf 84' lang='lat' dir='ltr'><strong>cruciﬁxus</strong></span> <span class='ocrx_word' id='word_1_221' title='bbox 1217 2805 1233 2842; x_wconf 89' lang='lat'><strong>:</strong></span> <span class='ocrx_word' id='word_1_222' title='bbox 1262 2787 1329 2842; x_wconf 85' lang='lat' dir='ltr'><strong>In</strong></span> <span class='ocrx_word' id='word_1_223' title='bbox 1374 2789 1622 2860; x_wconf 78' lang='lat' dir='ltr'><strong>principio</strong></span> <span class='ocrx_word' id='word_1_224' title='bbox 1664 2799 1771 2843; x_wconf 88' lang='lat' dir='ltr'><strong>erat</strong></span> <span class='ocrx_word' id='word_1_225' title='bbox 1802 2787 2041 2857; x_wconf 86' lang='lat' dir='ltr'><strong>Verbum,</strong></span> <span class='ocrx_word' id='word_1_226' title='bbox 2071 2798 2118 2843; x_wconf 88' lang='lat' dir='ltr'><strong>et</strong></span> 
     </span>
    </p>
   </div>
   <div class='ocr_carea' id='block_1_28' title="bbox 536 2877 2116 2952">
    <p class='ocr_par' dir='ltr' id='par_1_28' title="bbox 536 2877 2116 2952">
     <span class='ocr_line' id='line_1_28' title="bbox 536 2877 2116 2952; baseline 0.004 -20"><span class='ocrx_word' id='word_1_227' title='bbox 536 2877 757 2934; x_wconf 80' lang='lat' dir='ltr'><strong>Verbum</strong></span> <span class='ocrx_word' id='word_1_228' title='bbox 779 2890 886 2935; x_wconf 89' lang='lat' dir='ltr'><strong>erat</strong></span> <span class='ocrx_word' id='word_1_229' title='bbox 911 2881 1051 2951; x_wconf 86' lang='lat' dir='ltr'><strong>apud</strong></span> <span class='ocrx_word' id='word_1_230' title='bbox 1074 2880 1257 2946; x_wconf 87' lang='lat' dir='ltr'><strong>Deum,</strong></span> <span class='ocrx_word' id='word_1_231' title='bbox 1283 2892 1328 2936; x_wconf 87' lang='lat' dir='ltr'><strong>et</strong></span> <span class='ocrx_word' id='word_1_232' title='bbox 1353 2880 1491 2936; x_wconf 84' lang='lat' dir='ltr'><strong>Deus</strong></span> <span class='ocrx_word' id='word_1_233' title='bbox 1515 2890 1619 2935; x_wconf 84' lang='lat' dir='ltr'><strong>erat</strong></span> <span class='ocrx_word' id='word_1_234' title='bbox 1644 2880 1879 2936; x_wconf 86' lang='lat' dir='ltr'><strong>Verbum.</strong></span> <span class='ocrx_word' id='word_1_235' title='bbox 1909 2883 1974 2937; x_wconf 84' lang='lat' dir='ltr'><strong>Et</strong></span> <span class='ocrx_word' id='word_1_236' title='bbox 1994 2883 2116 2952; x_wconf 85' lang='lat' dir='ltr'><strong>quia</strong></span> 
     </span>
    </p>
   </div>
   <div class='ocr_carea' id='block_1_29' title="bbox 525 2964 2118 3043">
    <p class='ocr_par' dir='ltr' id='par_1_29' title="bbox 525 2964 2118 3043">
     <span class='ocr_line' id='line_1_29' title="bbox 525 2964 2118 3043; baseline 0.003 -20"><span class='ocrx_word' id='word_1_237' title='bbox 525 2969 701 3039; x_wconf 91' lang='lat' dir='ltr'><strong>ipsum</strong></span> <span class='ocrx_word' id='word_1_238' title='bbox 737 2964 948 3025; x_wconf 85' lang='lat' dir='ltr'><strong>Verbum</strong></span> <span class='ocrx_word' id='word_1_239' title='bbox 974 2989 1092 3026; x_wconf 88' lang='lat' dir='ltr'><strong>caro</strong></span> <span class='ocrx_word' id='word_1_240' title='bbox 1117 2977 1310 3043; x_wconf 80' lang='lat' dir='ltr'><strong>factum</strong></span> <span class='ocrx_word' id='word_1_241' title='bbox 1338 2982 1429 3037; x_wconf 88' lang='lat' dir='ltr'><strong>est,</strong></span> <span class='ocrx_word' id='word_1_242' title='bbox 1461 2982 1515 3027; x_wconf 90' lang='lat' dir='ltr'><strong>et</strong></span> <span class='ocrx_word' id='word_1_243' title='bbox 1543 2973 1717 3043; x_wconf 91' lang='lat' dir='ltr'><strong>ipsum</strong></span> <span class='ocrx_word' id='word_1_244' title='bbox 1740 2972 1973 3028; x_wconf 85' lang='lat' dir='ltr'><strong>Verbum</strong></span> <span class='ocrx_word' id='word_1_245' title='bbox 1994 2989 2118 3030; x_wconf 86' lang='lat' dir='ltr'><strong>cru-</strong></span> 
     </span>
    </p>
   </div>
   <div class='ocr_carea' id='block_1_30' title="bbox 525 3058 2111 3135">
    <p class='ocr_par' dir='ltr' id='par_1_30' title="bbox 525 3058 2111 3135">
     <span class='ocr_line' id='line_1_30' title="bbox 525 3058 2111 3135; baseline 0.004 -21"><span class='ocrx_word' id='word_1_246' title='bbox 525 3058 741 3115; x_wconf 81' lang='lat' dir='ltr'><strong>cifixum</strong></span> <span class='ocrx_word' id='word_1_247' title='bbox 786 3070 869 3117; x_wconf 87' lang='lat' dir='ltr'><strong>est</strong></span> <span class='ocrx_word' id='word_1_248' title='bbox 917 3081 930 3116; x_wconf 90' lang='lat'>:</span> <span class='ocrx_word' id='word_1_249' title='bbox 976 3061 1073 3119; x_wconf 92' lang='lat' dir='ltr'><strong>sed</strong></span> <span class='ocrx_word' id='word_1_250' title='bbox 1125 3078 1232 3118; x_wconf 89' lang='lat' dir='ltr'><strong>non</strong></span> <span class='ocrx_word' id='word_1_251' title='bbox 1274 3074 1355 3120; x_wconf 91' lang='lat' dir='ltr'><strong>est</strong></span> <span class='ocrx_word' id='word_1_252' title='bbox 1400 3074 1657 3119; x_wconf 90' lang='lat' dir='ltr'><strong>mutatum</strong></span> <span class='ocrx_word' id='word_1_253' title='bbox 1707 3065 1759 3119; x_wconf 91' lang='lat' dir='ltr'><strong>in</strong></span> <span class='ocrx_word' id='word_1_254' title='bbox 1799 3064 2111 3135; x_wconf 81' lang='lat' dir='ltr'><strong>hominem;</strong></span> 
     </span>
    </p>
   </div>
   <div class='ocr_carea' id='block_1_31' title="bbox 523 3150 2110 3225">
    <p class='ocr_par' dir='ltr' id='par_1_31' title="bbox 523 3150 2110 3225">
     <span class='ocr_line' id='line_1_31' title="bbox 523 3150 2110 3225; baseline 0.004 -19"><span class='ocrx_word' id='word_1_255' title='bbox 523 3150 687 3207; x_wconf 87' lang='lat' dir='ltr'><strong>homo</strong></span> <span class='ocrx_word' id='word_1_256' title='bbox 729 3153 781 3206; x_wconf 88' lang='lat' dir='ltr'><strong>in</strong></span> <span class='ocrx_word' id='word_1_257' title='bbox 825 3153 915 3208; x_wconf 88' lang='lat' dir='ltr'><strong>illo</strong></span> <span class='ocrx_word' id='word_1_258' title='bbox 954 3162 1188 3208; x_wconf 88' lang='lat' dir='ltr'><strong>mutatus</strong></span> <span class='ocrx_word' id='word_1_259' title='bbox 1215 3164 1315 3210; x_wconf 90' lang='lat' dir='ltr'><strong>est.</strong></span> <span class='ocrx_word' id='word_1_260' title='bbox 1364 3154 1594 3210; x_wconf 85' lang='lat' dir='ltr'><strong>Mutatus</strong></span> <span class='ocrx_word' id='word_1_261' title='bbox 1623 3164 1703 3210; x_wconf 89' lang='lat' dir='ltr'><strong>est</strong></span> <span class='ocrx_word' id='word_1_262' title='bbox 1731 3155 1891 3210; x_wconf 88' lang='lat' dir='ltr'><strong>homo</strong></span> <span class='ocrx_word' id='word_1_263' title='bbox 1920 3155 1974 3211; x_wconf 86' lang='lat' dir='ltr'><strong>in</strong></span> <span class='ocrx_word' id='word_1_264' title='bbox 1999 3156 2110 3225; x_wconf 87' lang='lat' dir='ltr'><strong>illo,</strong></span> 
     </span>
    </p>
   </div>
   <div class='ocr_carea' id='block_1_32' title="bbox 524 3244 2111 3318">
    <p class='ocr_par' dir='ltr' id='par_1_32' title="bbox 524 3244 2111 3318">
     <span class='ocr_line' id='line_1_32' title="bbox 524 3244 2111 3318; baseline 0.003 -19"><span class='ocrx_word' id='word_1_265' title='bbox 524 3252 584 3299; x_wconf 90' lang='lat' dir='ltr'><strong>ut</strong></span> <span class='ocrx_word' id='word_1_266' title='bbox 608 3244 798 3299; x_wconf 86' lang='lat' dir='ltr'><strong>melior</strong></span> <span class='ocrx_word' id='word_1_267' title='bbox 827 3244 980 3300; x_wconf 85' lang='lat' dir='ltr'><strong>fieret</strong></span> <span class='ocrx_word' id='word_1_268' title='bbox 1006 3261 1162 3315; x_wconf 90' lang='lat' dir='ltr'><strong>quam</strong></span> <span class='ocrx_word' id='word_1_269' title='bbox 1188 3255 1332 3314; x_wconf 89' lang='lat' dir='ltr'><strong>erat,</strong></span> <span class='ocrx_word' id='word_1_270' title='bbox 1362 3262 1469 3301; x_wconf 90' lang='lat' dir='ltr'><strong>non</strong></span> <span class='ocrx_word' id='word_1_271' title='bbox 1495 3256 1553 3302; x_wconf 91' lang='lat' dir='ltr'><strong>ut</strong></span> <span class='ocrx_word' id='word_1_272' title='bbox 1580 3247 1635 3302; x_wconf 91' lang='lat' dir='ltr'><strong>in</strong></span> <span class='ocrx_word' id='word_1_273' title='bbox 1663 3248 1832 3318; x_wconf 88' lang='lat' dir='ltr'><strong>ipsam</strong></span> <span class='ocrx_word' id='word_1_274' title='bbox 1861 3249 2111 3304; x_wconf 86' lang='lat' dir='ltr'><strong>substan-</strong></span> 
     </span>
    </p>
   </div>
   <div class='ocr_carea' id='block_1_33' title="bbox 520 3336 2111 3419">
    <p class='ocr_par' dir='ltr' id='par_1_33' title="bbox 520 3336 2111 3419">
     <span class='ocr_line' id='line_1_33' title="bbox 520 3336 2111 3419; baseline 0.003 -27"><span class='ocrx_word' id='word_1_275' title='bbox 520 3339 651 3392; x_wconf 87' lang='lat' dir='ltr'><strong>tiam</strong></span> <span class='ocrx_word' id='word_1_276' title='bbox 672 3336 832 3393; x_wconf 88' lang='lat' dir='ltr'><strong>Verbi</strong></span> <span class='ocrx_word' id='word_1_277' title='bbox 861 3340 882 3370; x_wconf 90' lang='grc'>¹</span> <span class='ocrx_word' id='word_1_278' title='bbox 914 3344 1338 3419; x_wconf 69' lang='lat' dir='ltr'><strong>converteretur.</strong></span> <span class='ocrx_word' id='word_1_279' title='bbox 1378 3340 1481 3396; x_wconf 88' lang='lat' dir='ltr'><strong>Per</strong></span> <span class='ocrx_word' id='word_1_280' title='bbox 1522 3341 1573 3395; x_wconf 92' lang='lat' dir='ltr'><strong>id</strong></span> <span class='ocrx_word' id='word_1_281' title='bbox 1610 3357 1738 3412; x_wconf 79' lang='lat' dir='ltr'><strong>ergo</strong></span> <span class='ocrx_word' id='word_1_282' title='bbox 1778 3342 1920 3413; x_wconf 90' lang='lat' dir='ltr'><strong>quod</strong></span> <span class='ocrx_word' id='word_1_283' title='bbox 1950 3342 2111 3398; x_wconf 85' lang='lat' dir='ltr'><strong>homo</strong></span> 
     </span>
    </p>
   </div>
   <div class='ocr_carea' id='block_1_34' title="bbox 520 3432 2105 3505">
    <p class='ocr_par' dir='ltr' id='par_1_34' title="bbox 520 3432 2105 3505">
     <span class='ocr_line' id='line_1_34' title="bbox 520 3432 2105 3505; baseline 0.003 -20"><span class='ocrx_word' id='word_1_284' title='bbox 520 3438 669 3495; x_wconf 87' lang='lat' dir='ltr'><strong>erat,</strong></span> <span class='ocrx_word' id='word_1_285' title='bbox 699 3442 939 3485; x_wconf 88' lang='lat' dir='ltr'><strong>mortuus</strong></span> <span class='ocrx_word' id='word_1_286' title='bbox 965 3441 1047 3487; x_wconf 88' lang='lat' dir='ltr'><strong>est</strong></span> <span class='ocrx_word' id='word_1_287' title='bbox 1082 3432 1261 3497; x_wconf 91' lang='lat' dir='ltr'><strong>Deus;</strong></span> <span class='ocrx_word' id='word_1_288' title='bbox 1304 3441 1359 3488; x_wconf 89' lang='lat' dir='ltr'><strong>et</strong></span> <span class='ocrx_word' id='word_1_289' title='bbox 1396 3450 1491 3503; x_wconf 89' lang='lat' dir='ltr'><strong>per</strong></span> <span class='ocrx_word' id='word_1_290' title='bbox 1533 3432 1587 3489; x_wconf 89' lang='lat' dir='ltr'><strong>id</strong></span> <span class='ocrx_word' id='word_1_291' title='bbox 1622 3434 1763 3504; x_wconf 87' lang='lat' dir='ltr'><strong>quod</strong></span> <span class='ocrx_word' id='word_1_292' title='bbox 1800 3436 1942 3491; x_wconf 91' lang='lat' dir='ltr'><strong>Deus</strong></span> <span class='ocrx_word' id='word_1_293' title='bbox 1969 3442 2105 3505; x_wconf 90' lang='lat' dir='ltr'><strong>erat,</strong></span> 
     </span>
    </p>
   </div>
   <div class='ocr_carea' id='block_1_35' title="bbox 518 3523 2101 3595">
    <p class='ocr_par' dir='ltr' id='par_1_35' title="bbox 518 3523 2101 3595">
     <span class='ocr_line' id='line_1_35' title="bbox 518 3523 2101 3595; baseline 0.006 -19"><span class='ocrx_word' id='word_1_294' title='bbox 518 3523 779 3578; x_wconf 82' lang='lat' dir='ltr'><strong>excitatus</strong></span> <span class='ocrx_word' id='word_1_295' title='bbox 801 3535 881 3579; x_wconf 90' lang='lat' dir='ltr'><strong>est</strong></span> <span class='ocrx_word' id='word_1_296' title='bbox 906 3524 1086 3590; x_wconf 91' lang='lat' dir='ltr'><strong>homo,</strong></span> <span class='ocrx_word' id='word_1_297' title='bbox 1110 3535 1164 3581; x_wconf 92' lang='lat' dir='ltr'><strong>et</strong></span> <span class='ocrx_word' id='word_1_298' title='bbox 1189 3527 1438 3595; x_wconf 81' lang='lat' dir='ltr'><strong>surrexit,</strong></span> <span class='ocrx_word' id='word_1_299' title='bbox 1462 3537 1517 3582; x_wconf 90' lang='lat' dir='ltr'><strong>et</strong></span> <span class='ocrx_word' id='word_1_300' title='bbox 1535 3530 1774 3583; x_wconf 86' lang='lat' dir='ltr'><strong>ascendit</strong></span> <span class='ocrx_word' id='word_1_301' title='bbox 1803 3529 1855 3584; x_wconf 90' lang='lat' dir='ltr'><strong>iu</strong></span> <span class='ocrx_word' id='word_1_302' title='bbox 1882 3530 2101 3586; x_wconf 86' lang='lat' dir='ltr'><strong>coelum.</strong></span> 
     </span>
    </p>
   </div>
   <div class='ocr_carea' id='block_1_36' title="bbox 518 3612 2105 3692">
    <p class='ocr_par' dir='ltr' id='par_1_36' title="bbox 518 3612 2105 3692">
     <span class='ocr_line' id='line_1_36' title="bbox 518 3612 2105 3692; baseline 0.007 -26"><span class='ocrx_word' id='word_1_303' title='bbox 518 3612 786 3684; x_wconf 85' lang='lat' dir='ltr'><strong>Quidquid</strong></span> <span class='ocrx_word' id='word_1_304' title='bbox 811 3630 998 3685; x_wconf 88' lang='lat' dir='ltr'><strong>passus</strong></span> <span class='ocrx_word' id='word_1_305' title='bbox 1027 3625 1109 3671; x_wconf 85' lang='lat' dir='ltr'><strong>est</strong></span> <span class='ocrx_word' id='word_1_306' title='bbox 1136 3616 1319 3685; x_wconf 91' lang='lat' dir='ltr'><strong>homo,</strong></span> <span class='ocrx_word' id='word_1_307' title='bbox 1368 3634 1472 3673; x_wconf 91' lang='lat' dir='ltr'><strong>non</strong></span> <span class='ocrx_word' id='word_1_308' title='bbox 1511 3629 1687 3689; x_wconf 88' lang='lat' dir='ltr'><strong>potest</strong></span> <span class='ocrx_word' id='word_1_309' title='bbox 1720 3620 1820 3676; x_wconf 91' lang='lat' dir='ltr'><strong>dici</strong></span> <span class='ocrx_word' id='word_1_310' title='bbox 1847 3636 1951 3676; x_wconf 88' lang='lat' dir='ltr'><strong>non</strong></span> <span class='ocrx_word' id='word_1_311' title='bbox 1981 3637 2105 3692; x_wconf 89' lang='lat' dir='ltr'><strong>pas-</strong></span> 
     </span>
    </p>
   </div>
   <div class='ocr_carea' id='block_1_37' title="bbox 514 3705 2103 3781">
    <p class='ocr_par' dir='ltr' id='par_1_37' title="bbox 514 3705 2103 3781">
     <span class='ocr_line' id='line_1_37' title="bbox 514 3705 2103 3781; baseline 0.005 -22"><span class='ocrx_word' id='word_1_312' title='bbox 514 3705 610 3760; x_wconf 69' lang='lat' dir='ltr'><strong>Sus</strong></span> <span class='ocrx_word' id='word_1_313' title='bbox 657 3705 833 3773; x_wconf 89' lang='lat' dir='ltr'><strong>Deus,</strong></span> <span class='ocrx_word' id='word_1_314' title='bbox 881 3707 1006 3777; x_wconf 89' lang='lat' dir='ltr'><strong>quia</strong></span> <span class='ocrx_word' id='word_1_315' title='bbox 1050 3707 1189 3762; x_wconf 90' lang='lat' dir='ltr'><strong>Deus</strong></span> <span class='ocrx_word' id='word_1_316' title='bbox 1234 3708 1396 3764; x_wconf 69' lang='lat' dir='ltr'><strong>erat‘</strong></span> <span class='ocrx_word' id='word_1_317' title='bbox 1427 3708 1696 3765; x_wconf 87' lang='lat' dir='ltr'><strong>hominem</strong></span> <span class='ocrx_word' id='word_1_318' title='bbox 1744 3712 2103 3781; x_wconf 80' lang='lat' dir='ltr'><strong>assumenda;</strong></span> 
     </span>
    </p>
   </div>
   <div class='ocr_carea' id='block_1_38' title="bbox 513 3794 2105 3874">
    <p class='ocr_par' dir='ltr' id='par_1_38' title="bbox 513 3794 2105 3874">
     <span class='ocr_line' id='line_1_38' title="bbox 513 3794 2105 3874; baseline 0.006 -25"><span class='ocrx_word' id='word_1_319' title='bbox 513 3794 610 3850; x_wconf 75' lang='lat' dir='ltr'><strong>sed</strong></span> <span class='ocrx_word' id='word_1_320' title='bbox 643 3810 749 3850; x_wconf 92' lang='lat' dir='ltr'><strong>non</strong></span> <span class='ocrx_word' id='word_1_321' title='bbox 775 3808 858 3851; x_wconf 87' lang='lat' dir='ltr'><strong>est</strong></span> <span class='ocrx_word' id='word_1_322' title='bbox 882 3807 1115 3853; x_wconf 86' lang='lat' dir='ltr'><strong>mutatus</strong></span> <span class='ocrx_word' id='word_1_323' title='bbox 1144 3798 1195 3853; x_wconf 91' lang='lat' dir='ltr'><strong>in</strong></span> <span class='ocrx_word' id='word_1_324' title='bbox 1224 3798 1495 3855; x_wconf 91' lang='lat' dir='ltr'><strong>hominem</strong></span> <span class='ocrx_word' id='word_1_325' title='bbox 1527 3817 1540 3852; x_wconf 91' lang='lat'><strong>:</strong></span> <span class='ocrx_word' id='word_1_326' title='bbox 1568 3801 1835 3871; x_wconf 91' lang='lat' dir='ltr'><strong>quomodo</strong></span> <span class='ocrx_word' id='word_1_327' title='bbox 1872 3819 1978 3858; x_wconf 90' lang='lat' dir='ltr'><strong>non</strong></span> <span class='ocrx_word' id='word_1_328' title='bbox 2010 3818 2105 3874; x_wconf 67' lang='lat' dir='ltr'><strong>poo</strong></span> 
     </span>
    </p>
   </div>
   <div class='ocr_carea' id='block_1_39' title="bbox 512 3885 2096 3959">
    <p class='ocr_par' dir='ltr' id='par_1_39' title="bbox 512 3885 2096 3959">
     <span class='ocr_line' id='line_1_39' title="bbox 512 3885 2096 3959; baseline 0.007 -19"><span class='ocrx_word' id='word_1_329' title='bbox 512 3890 597 3941; x_wconf 82' lang='lat' dir='ltr'><strong>tes</strong></span> <span class='ocrx_word' id='word_1_330' title='bbox 623 3885 800 3942; x_wconf 90' lang='lat' dir='ltr'><strong>dicere</strong></span> <span class='ocrx_word' id='word_1_331' title='bbox 826 3902 932 3943; x_wconf 91' lang='lat' dir='ltr'><strong>non</strong></span> <span class='ocrx_word' id='word_1_332' title='bbox 961 3899 1011 3944; x_wconf 91' lang='lat' dir='ltr'><strong>te</strong></span> <span class='ocrx_word' id='word_1_333' title='bbox 1036 3904 1250 3959; x_wconf 87' lang='lat' dir='ltr'><strong>passum</strong></span> <span class='ocrx_word' id='word_1_334' title='bbox 1278 3890 1521 3959; x_wconf 90' lang='lat' dir='ltr'><strong>injuriam</strong></span> <span class='ocrx_word' id='word_1_335' title='bbox 1540 3932 1556 3959; x_wconf 92' lang='lat'><strong>,</strong></span> <span class='ocrx_word' id='word_1_336' title='bbox 1588 3892 1634 3945; x_wconf 89' lang='lat' dir='ltr'><strong>si</strong></span> <span class='ocrx_word' id='word_1_337' title='bbox 1662 3893 1824 3948; x_wconf 88' lang='lat' dir='ltr'><strong>vestis</strong></span> <span class='ocrx_word' id='word_1_338' title='bbox 1851 3903 1940 3948; x_wconf 75' lang='lat' dir='ltr'><strong>tua</strong></span> <span class='ocrx_word' id='word_1_339' title='bbox 1966 3910 2096 3951; x_wconf 84' lang='lat' dir='ltr'><strong>con-</strong></span> 
     </span>
    </p>
   </div>
   <div class='ocr_carea' id='block_1_40' title="bbox 511 3975 2105 4056">
    <p class='ocr_par' dir='ltr' id='par_1_40' title="bbox 511 3975 2105 4056">
     <span class='ocr_line' id='line_1_40' title="bbox 511 3975 2105 4056; baseline 0.007 -25"><span class='ocrx_word' id='word_1_340' title='bbox 511 3975 803 4031; x_wconf 86' lang='lat' dir='ltr'><strong>scindatur.</strong></span> <span class='ocrx_word' id='word_1_341' title='bbox 840 3978 911 4032; x_wconf 86' lang='lat' dir='ltr'><strong>Et</strong></span> <span class='ocrx_word' id='word_1_342' title='bbox 938 3980 1149 4049; x_wconf 88' lang='lat' dir='ltr'><strong>quando</strong></span> <span class='ocrx_word' id='word_1_343' title='bbox 1178 3982 1419 4050; x_wconf 90' lang='lat' dir='ltr'><strong>quereris</strong></span> <span class='ocrx_word' id='word_1_344' title='bbox 1443 3982 1525 4036; x_wconf 87' lang='lat' dir='ltr'><strong>vel</strong></span> <span class='ocrx_word' id='word_1_345' title='bbox 1554 3982 1740 4038; x_wconf 90' lang='lat' dir='ltr'><strong>amicis</strong></span> <span class='ocrx_word' id='word_1_346' title='bbox 1766 3984 1851 4040; x_wconf 88' lang='lat' dir='ltr'><strong>vel</strong></span> <span class='ocrx_word' id='word_1_347' title='bbox 1880 3985 1935 4040; x_wconf 90' lang='lat' dir='ltr'><strong>in</strong></span> <span class='ocrx_word' id='word_1_348' title='bbox 1961 3986 2105 4056; x_wconf 89' lang='lat' dir='ltr'><strong>judi-</strong></span> 
     </span>
    </p>
   </div>
   <div class='ocr_carea' id='block_1_41' title="bbox 511 4066 2102 4142">
    <p class='ocr_par' dir='ltr' id='par_1_41' title="bbox 511 4066 2102 4142">
     <span class='ocr_line' id='line_1_41' title="bbox 511 4066 2102 4142; baseline 0.008 -20"><span class='ocrx_word' id='word_1_349' title='bbox 511 4066 616 4131; x_wconf 89' lang='lat' dir='ltr'><strong>cio,</strong></span> <span class='ocrx_word' id='word_1_350' title='bbox 657 4066 759 4123; x_wconf 90' lang='lat' dir='ltr'><strong>hoc</strong></span> <span class='ocrx_word' id='word_1_351' title='bbox 788 4067 924 4124; x_wconf 92' lang='lat' dir='ltr'><strong>dicis</strong></span> <span class='ocrx_word' id='word_1_352' title='bbox 960 4069 1145 4140; x_wconf 89' lang='lat' dir='ltr'><strong>judici,</strong></span> <span class='ocrx_word' id='word_1_353' title='bbox 1176 4070 1447 4127; x_wconf 86' lang='lat' dir='ltr'><strong>Conscidit</strong></span> <span class='ocrx_word' id='word_1_354' title='bbox 1472 4087 1560 4129; x_wconf 91' lang='lat' dir='ltr'><strong>me</strong></span> <span class='ocrx_word' id='word_1_355' title='bbox 1589 4092 1601 4127; x_wconf 92' lang='lat'>:</span> <span class='ocrx_word' id='word_1_356' title='bbox 1631 4088 1739 4129; x_wconf 90' lang='lat' dir='ltr'><strong>non</strong></span> <span class='ocrx_word' id='word_1_357' title='bbox 1766 4076 1928 4142; x_wconf 91' lang='lat' dir='ltr'><strong>dicis,</strong></span> <span class='ocrx_word' id='word_1_358' title='bbox 1960 4077 2102 4133; x_wconf 89' lang='lat' dir='ltr'><strong>Con-</strong></span> 
     </span>
    </p>
   </div>
   <div class='ocr_carea' id='block_1_42' title="bbox 512 4157 2103 4237">
    <p class='ocr_par' dir='ltr' id='par_1_42' title="bbox 512 4157 2103 4237">
     <span class='ocr_line' id='line_1_42' title="bbox 512 4157 2103 4237; baseline 0.006 -23"><span class='ocrx_word' id='word_1_359' title='bbox 512 4157 671 4214; x_wconf 87' lang='lat' dir='ltr'><strong>scidit</strong></span> <span class='ocrx_word' id='word_1_360' title='bbox 709 4159 913 4214; x_wconf 89' lang='lat' dir='ltr'><strong>birrum</strong></span> <span class='ocrx_word' id='word_1_361' title='bbox 957 4177 1176 4226; x_wconf 92' lang='lat' dir='ltr'><strong>meum;</strong></span> <span class='ocrx_word' id='word_1_362' title='bbox 1228 4162 1343 4231; x_wconf 90' lang='lat' dir='ltr'><strong>sed,</strong></span> <span class='ocrx_word' id='word_1_363' title='bbox 1386 4162 1658 4220; x_wconf 89' lang='lat' dir='ltr'><strong>Conscidit</strong></span> <span class='ocrx_word' id='word_1_364' title='bbox 1686 4181 1792 4222; x_wconf 92' lang='lat' dir='ltr'><strong>me.</strong></span> <span class='ocrx_word' id='word_1_365' title='bbox 1842 4166 1899 4222; x_wconf 91' lang='lat' dir='ltr'><strong>Si</strong></span> <span class='ocrx_word' id='word_1_366' title='bbox 1928 4169 2103 4237; x_wconf 92' lang='lat' dir='ltr'><strong>potuit</strong></span> 
     </span>
    </p>
   </div>
   <div class='ocr_carea' id='block_1_43' title="bbox 511 4254 2101 4326">
    <p class='ocr_par' dir='ltr' id='par_1_43' title="bbox 511 4254 2101 4326">
     <span class='ocr_line' id='line_1_43' title="bbox 511 4254 2101 4326; baseline 0.005 -17"><span class='ocrx_word' id='word_1_367' title='bbox 511 4261 565 4309; x_wconf 86' lang='lat' dir='ltr'><strong>et</strong></span> <span class='ocrx_word' id='word_1_368' title='bbox 582 4254 782 4309; x_wconf 89' lang='lat' dir='ltr'><strong>meruit</strong></span> <span class='ocrx_word' id='word_1_369' title='bbox 805 4254 968 4309; x_wconf 84' lang='lat' dir='ltr'><strong>vestis</strong></span> <span class='ocrx_word' id='word_1_370' title='bbox 990 4262 1078 4308; x_wconf 92' lang='lat' dir='ltr'><strong>tua</strong></span> <span class='ocrx_word' id='word_1_371' title='bbox 1101 4255 1203 4311; x_wconf 92' lang='lat' dir='ltr'><strong>dici</strong></span> <span class='ocrx_word' id='word_1_372' title='bbox 1234 4264 1309 4323; x_wconf 91' lang='lat' dir='ltr'><strong>tu,</strong></span> <span class='ocrx_word' id='word_1_373' title='bbox 1335 4272 1454 4326; x_wconf 85' lang='lat' dir='ltr'><strong>quae</strong></span> <span class='ocrx_word' id='word_1_374' title='bbox 1478 4272 1586 4313; x_wconf 90' lang='lat' dir='ltr'><strong>non</strong></span> <span class='ocrx_word' id='word_1_375' title='bbox 1614 4268 1696 4314; x_wconf 92' lang='lat' dir='ltr'><strong>est</strong></span> <span class='ocrx_word' id='word_1_376' title='bbox 1720 4266 1798 4325; x_wconf 92' lang='lat' dir='ltr'><strong>tu,</strong></span> <span class='ocrx_word' id='word_1_377' title='bbox 1821 4260 1915 4316; x_wconf 88' lang='lat' dir='ltr'><strong>sed</strong></span> <span class='ocrx_word' id='word_1_378' title='bbox 1935 4261 2101 4318; x_wconf 84' lang='lat' dir='ltr'><strong>vestis</strong></span> 
     </span>
    </p>
   </div>
   <div class='ocr_carea' id='block_1_44' title="bbox 510 4345 2098 4417">
    <p class='ocr_par' dir='ltr' id='par_1_44' title="bbox 510 4345 2098 4417">
     <span class='ocr_line' id='line_1_44' title="bbox 510 4345 2098 4417; baseline 0.006 -19"><span class='ocrx_word' id='word_1_379' title='bbox 510 4352 597 4399; x_wconf 87' lang='lat' dir='ltr'><strong>tua</strong></span> <span class='ocrx_word' id='word_1_380' title='bbox 625 4361 640 4409; x_wconf 90' lang='lat'><strong>;</strong></span> <span class='ocrx_word' id='word_1_381' title='bbox 670 4355 871 4415; x_wconf 90' lang='lat' dir='ltr'><strong>quanto</strong></span> <span class='ocrx_word' id='word_1_382' title='bbox 900 4345 1077 4415; x_wconf 89' lang='lat' dir='ltr'><strong>potius</strong></span> <span class='ocrx_word' id='word_1_383' title='bbox 1106 4348 1303 4401; x_wconf 89' lang='lat' dir='ltr'><strong>meruit</strong></span> <span class='ocrx_word' id='word_1_384' title='bbox 1339 4347 1524 4404; x_wconf 90' lang='lat' dir='ltr'><strong>audire</strong></span> <span class='ocrx_word' id='word_1_385' title='bbox 1552 4364 1680 4405; x_wconf 90' lang='lat' dir='ltr'><strong>caro</strong></span> <span class='ocrx_word' id='word_1_386' title='bbox 1707 4349 1929 4417; x_wconf 88' lang='lat' dir='ltr'><strong>Christi,</strong></span> <span class='ocrx_word' id='word_1_387' title='bbox 1960 4360 2098 4407; x_wconf 89' lang='lat' dir='ltr'><strong>tem-</strong></span> 
     </span>
    </p>
   </div>
   <div class='ocr_carea' id='block_1_45' title="bbox 506 4435 2097 4512">
    <p class='ocr_par' dir='ltr' id='par_1_45' title="bbox 506 4435 2097 4512">
     <span class='ocr_line' id='line_1_45' title="bbox 506 4435 2097 4512; baseline 0.006 -23"><span class='ocrx_word' id='word_1_388' title='bbox 506 4437 657 4506; x_wconf 88' lang='lat' dir='ltr'><strong>plum</strong></span> <span class='ocrx_word' id='word_1_389' title='bbox 678 4435 838 4491; x_wconf 83' lang='lat' dir='ltr'><strong>Verbi</strong></span> <span class='ocrx_word' id='word_1_390' title='bbox 870 4437 1076 4494; x_wconf 91' lang='lat' dir='ltr'><strong>unitum</strong></span> <span class='ocrx_word' id='word_1_391' title='bbox 1106 4452 1227 4492; x_wconf 91' lang='lat' dir='ltr'><strong>cum</strong></span> <span class='ocrx_word' id='word_1_392' title='bbox 1250 4438 1448 4507; x_wconf 90' lang='lat' dir='ltr'><strong>Verbo,</strong></span> <span class='ocrx_word' id='word_1_393' title='bbox 1478 4450 1537 4496; x_wconf 92' lang='lat' dir='ltr'><strong>ut</strong></span> <span class='ocrx_word' id='word_1_394' title='bbox 1563 4440 1820 4512; x_wconf 86' lang='lat' dir='ltr'><strong>quidquid</strong></span> <span class='ocrx_word' id='word_1_395' title='bbox 1850 4443 1904 4497; x_wconf 91' lang='lat' dir='ltr'><strong>in</strong></span> <span class='ocrx_word' id='word_1_396' title='bbox 1934 4456 2097 4500; x_wconf 91' lang='lat' dir='ltr'><strong>carne</strong></span> 
     </span>
    </p>
   </div>
   <div class='ocr_carea' id='block_1_46' title="bbox 509 4529 2099 4603">
    <p class='ocr_par' dir='ltr' id='par_1_46' title="bbox 509 4529 2099 4603">
     <span class='ocr_line' id='line_1_46' title="bbox 509 4529 2099 4603; baseline 0.008 -22"><span class='ocrx_word' id='word_1_397' title='bbox 509 4536 808 4597; x_wconf 78' lang='lat' dir='ltr'><strong>pateretur,</strong></span> <span class='ocrx_word' id='word_1_398' title='bbox 855 4529 993 4585; x_wconf 88' lang='lat' dir='ltr'><strong>Deus</strong></span> <span class='ocrx_word' id='word_1_399' title='bbox 1034 4530 1151 4601; x_wconf 90' lang='lat' dir='ltr'><strong>ipse</strong></span> <span class='ocrx_word' id='word_1_400' title='bbox 1196 4541 1468 4602; x_wconf 91' lang='lat' dir='ltr'><strong>pateretur</strong></span> <span class='ocrx_word' id='word_1_401' title='bbox 1514 4549 1530 4589; x_wconf 87' lang='lat'><strong>:</strong></span> <span class='ocrx_word' id='word_1_402' title='bbox 1575 4534 1817 4603; x_wconf 85' lang='lat' dir='ltr'><strong>quamvis</strong></span> <span class='ocrx_word' id='word_1_403' title='bbox 1860 4534 2099 4593; x_wconf 91' lang='lat' dir='ltr'><strong>Verbum</strong></span> 
     </span>
    </p>
   </div>
   <div class='ocr_carea' id='block_1_47' title="bbox 509 4619 2100 4694">
    <p class='ocr_par' dir='ltr' id='par_1_47' title="bbox 509 4619 2100 4694">
     <span class='ocr_line' id='line_1_47' title="bbox 509 4619 2100 4694; baseline 0.008 -22"><span class='ocrx_word' id='word_1_404' title='bbox 509 4632 611 4673; x_wconf 91' lang='lat' dir='ltr'><strong>nec</strong></span> <span class='ocrx_word' id='word_1_405' title='bbox 651 4619 787 4674; x_wconf 91' lang='lat' dir='ltr'><strong>mori</strong></span> <span class='ocrx_word' id='word_1_406' title='bbox 834 4621 1085 4690; x_wconf 88' lang='lat' dir='ltr'><strong>potuerit,</strong></span> <span class='ocrx_word' id='word_1_407' title='bbox 1132 4637 1232 4678; x_wconf 90' lang='lat' dir='ltr'><strong>nec</strong></span> <span class='ocrx_word' id='word_1_408' title='bbox 1260 4622 1567 4693; x_wconf 87' lang='lat' dir='ltr'><strong>corrumpi,</strong></span> <span class='ocrx_word' id='word_1_409' title='bbox 1606 4638 1705 4680; x_wconf 91' lang='lat' dir='ltr'><strong>nec</strong></span> <span class='ocrx_word' id='word_1_410' title='bbox 1731 4626 1957 4694; x_wconf 87' lang='lat' dir='ltr'><strong>mutari,</strong></span> <span class='ocrx_word' id='word_1_411' title='bbox 1999 4642 2100 4684; x_wconf 90' lang='lat' dir='ltr'><strong>nec</strong></span> 
     </span>
    </p>
   </div>
   <div class='ocr_carea' id='block_1_48' title="bbox 509 4708 2098 4783">
    <p class='ocr_par' dir='ltr' id='par_1_48' title="bbox 509 4708 2098 4783">
     <span class='ocr_line' id='line_1_48' title="bbox 509 4708 2098 4783; baseline 0.008 -21"><span class='ocrx_word' id='word_1_412' title='bbox 509 4708 717 4774; x_wconf 88' lang='lat' dir='ltr'><strong>occidi;</strong></span> <span class='ocrx_word' id='word_1_413' title='bbox 767 4709 859 4764; x_wconf 87' lang='lat' dir='ltr'><strong>sed</strong></span> <span class='ocrx_word' id='word_1_414' title='bbox 890 4710 1147 4780; x_wconf 87' lang='lat' dir='ltr'><strong>quidquid</strong></span> <span class='ocrx_word' id='word_1_415' title='bbox 1191 4712 1382 4770; x_wconf 87' lang='lat' dir='ltr'><strong>horum</strong></span> <span class='ocrx_word' id='word_1_416' title='bbox 1428 4727 1644 4783; x_wconf 91' lang='lat' dir='ltr'><strong>passum</strong></span> <span class='ocrx_word' id='word_1_417' title='bbox 1693 4724 1794 4783; x_wconf 89' lang='lat' dir='ltr'><strong>est,</strong></span> <span class='ocrx_word' id='word_1_418' title='bbox 1842 4716 1895 4771; x_wconf 86' lang='lat' dir='ltr'><strong>in</strong></span> <span class='ocrx_word' id='word_1_419' title='bbox 1936 4731 2098 4776; x_wconf 88' lang='lat' dir='ltr'><strong>carne</strong></span> 
     </span>
    </p>
   </div>
   <div class='ocr_carea' id='block_1_49' title="bbox 508 4801 2098 4878">
    <p class='ocr_par' dir='ltr' id='par_1_49' title="bbox 508 4801 2098 4878">
     <span class='ocr_line' id='line_1_49' title="bbox 508 4801 2098 4878; baseline 0.008 -26"><span class='ocrx_word' id='word_1_420' title='bbox 508 4813 724 4869; x_wconf 85' lang='lat' dir='ltr'><strong>passum</strong></span> <span class='ocrx_word' id='word_1_421' title='bbox 755 4802 873 4856; x_wconf 85' lang='lat' dir='ltr'><strong>est?</strong></span> <span class='ocrx_word' id='word_1_422' title='bbox 904 4801 971 4857; x_wconf 86' lang='lat' dir='ltr'><strong>Et</strong></span> <span class='ocrx_word' id='word_1_423' title='bbox 993 4802 1101 4857; x_wconf 88' lang='lat' dir='ltr'><strong>noli</strong></span> <span class='ocrx_word' id='word_1_424' title='bbox 1127 4803 1309 4858; x_wconf 89' lang='lat' dir='ltr'><strong>mirari</strong></span> <span class='ocrx_word' id='word_1_425' title='bbox 1331 4804 1452 4874; x_wconf 88' lang='lat' dir='ltr'><strong>quia</strong></span> <span class='ocrx_word' id='word_1_426' title='bbox 1466 4804 1700 4861; x_wconf 88' lang='lat' dir='ltr'><strong>Verbum</strong></span> <span class='ocrx_word' id='word_1_427' title='bbox 1726 4804 1857 4861; x_wconf 86' lang='lat' dir='ltr'><strong>nihil</strong></span> <span class='ocrx_word' id='word_1_428' title='bbox 1883 4822 2098 4878; x_wconf 91' lang='lat' dir='ltr'><strong>passum</strong></span> 
     </span>
    </p>
   </div>
   <div class='ocr_carea' id='block_1_50' title="bbox 506 4894 2098 4968">
    <p class='ocr_par' dir='ltr' id='par_1_50' title="bbox 506 4894 2098 4968">
     <span class='ocr_line' id='line_1_50' title="bbox 506 4894 2098 4968; baseline 0.008 -23"><span class='ocrx_word' id='word_1_429' title='bbox 506 4900 591 4946; x_wconf 87' lang='lat' dir='ltr'><strong>cst</strong></span> <span class='ocrx_word' id='word_1_430' title='bbox 620 4909 635 4946; x_wconf 90' lang='lat'><strong>:</strong></span> <span class='ocrx_word' id='word_1_431' title='bbox 669 4908 767 4948; x_wconf 92' lang='lat' dir='ltr'><strong>nec</strong></span> <span class='ocrx_word' id='word_1_432' title='bbox 808 4894 987 4949; x_wconf 87' lang='lat' dir='ltr'><strong>anima</strong></span> <span class='ocrx_word' id='word_1_433' title='bbox 1036 4894 1267 4949; x_wconf 88' lang='lat' dir='ltr'><strong>hominis</strong></span> <span class='ocrx_word' id='word_1_434' title='bbox 1312 4904 1486 4965; x_wconf 87' lang='lat' dir='ltr'><strong>potest</strong></span> <span class='ocrx_word' id='word_1_435' title='bbox 1531 4898 1641 4968; x_wconf 90' lang='lat' dir='ltr'><strong>pati</strong></span> <span class='ocrx_word' id='word_1_436' title='bbox 1682 4897 1883 4968; x_wconf 85' lang='lat' dir='ltr'><strong>aliquid</strong></span> <span class='ocrx_word' id='word_1_437' title='bbox 1922 4903 2098 4957; x_wconf 89' lang='lat' dir='ltr'><strong>occisa</strong></span> 
     </span>
    </p>
   </div>
   <div class='ocr_carea' id='block_1_51' title="bbox 506 4984 2097 5065">
    <p class='ocr_par' dir='ltr' id='par_1_51' title="bbox 506 4984 2097 5065">
     <span class='ocr_line' id='line_1_51' title="bbox 506 4984 2097 5065; baseline 0.008 -27"><span class='ocrx_word' id='word_1_438' title='bbox 506 4997 704 5051; x_wconf 86' lang='lat' dir='ltr'><strong>carne,</strong></span> <span class='ocrx_word' id='word_1_439' title='bbox 746 4984 956 5042; x_wconf 87' lang='lat' dir='ltr'><strong>dicente</strong></span> <span class='ocrx_word' id='word_1_440' title='bbox 998 4986 1114 5055; x_wconf 88' lang='lat' dir='ltr'><strong>ipso</strong></span> <span class='ocrx_word' id='word_1_441' title='bbox 1156 4986 1414 5054; x_wconf 90' lang='lat' dir='ltr'><strong>Domino,</strong></span> <span class='ocrx_word' id='word_1_442' title='bbox 1461 4987 1638 5044; x_wconf 82' lang='lat' dir='ltr'><strong>Nolite</strong></span> <span class='ocrx_word' id='word_1_443' title='bbox 1678 4992 1851 5046; x_wconf 84' lang='lat' dir='ltr'><strong>timere</strong></span> <span class='ocrx_word' id='word_1_444' title='bbox 1892 5010 1976 5049; x_wconf 83' lang='lat' dir='ltr'><strong>eos</strong></span> <span class='ocrx_word' id='word_1_445' title='bbox 2012 4997 2097 5065; x_wconf 85' lang='lat' dir='ltr'><strong>qui</strong></span> 
     </span>
    </p>
   </div>
   <div class='ocr_carea' id='block_1_52' title="bbox 506 5077 2099 5153">
    <p class='ocr_par' dir='ltr' id='par_1_52' title="bbox 506 5077 2099 5153">
     <span class='ocr_line' id='line_1_52' title="bbox 506 5077 2099 5153; baseline 0.01 -25"><span class='ocrx_word' id='word_1_446' title='bbox 506 5088 692 5143; x_wconf 81' lang='lat' dir='ltr'><strong>corpus</strong></span> <span class='ocrx_word' id='word_1_447' title='bbox 735 5077 1007 5141; x_wconf 83' lang='lat' dir='ltr'><strong>occidunt,</strong></span> <span class='ocrx_word' id='word_1_448' title='bbox 1040 5079 1264 5131; x_wconf 84' lang='lat' dir='ltr'><strong>animam</strong></span> <span class='ocrx_word' id='word_1_449' title='bbox 1292 5087 1461 5133; x_wconf 84' lang='lat' dir='ltr'><strong>autem</strong></span> <span class='ocrx_word' id='word_1_450' title='bbox 1490 5097 1593 5136; x_wconf 82' lang='lat' dir='ltr'><strong>non</strong></span> <span class='ocrx_word' id='word_1_451' title='bbox 1622 5094 1831 5153; x_wconf 78' lang='lat' dir='ltr'><strong>possunt</strong></span> <span class='ocrx_word' id='word_1_452' title='bbox 1870 5088 2099 5144; x_wconf 86' lang='lat' dir='ltr'><strong>occidere</strong></span> 
     </span>
    </p>
   </div>
   <div class='ocr_carea' id='block_1_53' title="bbox 508 5164 2097 5245">
    <p class='ocr_par' dir='ltr' id='par_1_53' title="bbox 508 5164 2097 5245">
     <span class='ocr_line' id='line_1_53' title="bbox 508 5164 2097 5245; baseline 0.012 -27"><span class='ocrx_word' id='word_1_453' title='bbox 508 5164 724 5236; x_wconf 74' lang='lat' dir='ltr'><strong>(Matth.</strong></span> <span class='ocrx_word' id='word_1_454' title='bbox 750 5183 802 5233; x_wconf 72' lang='grc' dir='ltr'>ι,</span> <span class='ocrx_word' id='word_1_455' title='bbox 827 5168 943 5237; x_wconf 89' lang='lat'><strong>28).</strong></span> <span class='ocrx_word' id='word_1_456' title='bbox 986 5167 1043 5224; x_wconf 90' lang='lat' dir='ltr'><strong>Si</strong></span> <span class='ocrx_word' id='word_1_457' title='bbox 1080 5170 1257 5224; x_wconf 85' lang='lat' dir='ltr'><strong>anima</strong></span> <span class='ocrx_word' id='word_1_458' title='bbox 1285 5187 1393 5226; x_wconf 87' lang='lat' dir='ltr'><strong>non</strong></span> <span class='ocrx_word' id='word_1_459' title='bbox 1421 5181 1597 5242; x_wconf 90' lang='lat' dir='ltr'><strong>potest</strong></span> <span class='ocrx_word' id='word_1_460' title='bbox 1626 5176 1795 5242; x_wconf 82' lang='lat' dir='ltr'><strong>occidi</strong></span> <span class='ocrx_word' id='word_1_461' title='bbox 1817 5219 1833 5245; x_wconf 93' lang='lat'><strong>,</strong></span> <span class='ocrx_word' id='word_1_462' title='bbox 1860 5177 2097 5237; x_wconf 89' lang='lat' dir='ltr'><strong>Verbum</strong></span> 
     </span>
    </p>
   </div>
   <div class='ocr_carea' id='block_1_54' title="bbox 504 5254 2099 5340">
    <p class='ocr_par' dir='ltr' id='par_1_54' title="bbox 504 5254 2099 5340">
     <span class='ocr_line' id='line_1_54' title="bbox 504 5254 2099 5340; baseline 0.011 -29"><span class='ocrx_word' id='word_1_463' title='bbox 504 5254 602 5312; x_wconf 90' lang='lat' dir='ltr'><strong>Dei</strong></span> <span class='ocrx_word' id='word_1_464' title='bbox 631 5264 839 5326; x_wconf 88' lang='lat' dir='ltr'><strong>poterat</strong></span> <span class='ocrx_word' id='word_1_465' title='bbox 861 5258 1079 5313; x_wconf 81' lang='lat' dir='ltr'><strong>occidi?</strong></span> <span class='ocrx_word' id='word_1_466' title='bbox 1108 5258 1176 5315; x_wconf 88' lang='lat' dir='ltr'><strong>Et</strong></span> <span class='ocrx_word' id='word_1_467' title='bbox 1218 5268 1398 5318; x_wconf 91' lang='lat' dir='ltr'><strong>tamen</strong></span> <span class='ocrx_word' id='word_1_468' title='bbox 1432 5264 1557 5335; x_wconf 91' lang='lat' dir='ltr'><strong>quid</strong></span> <span class='ocrx_word' id='word_1_469' title='bbox 1585 5265 1757 5322; x_wconf 75' lang='lat' dir='ltr'><strong>dicit?</strong></span> <span class='ocrx_word' id='word_1_470' title='bbox 1785 5268 2099 5340; x_wconf 81' lang='lat' dir='ltr'><strong>Flagellavit</strong></span> 
     </span>
    </p>
   </div>
   <div class='ocr_carea' id='block_1_55' title="bbox 505 5347 2092 5423">
    <p class='ocr_par' dir='ltr' id='par_1_55' title="bbox 505 5347 2092 5423">
     <span class='ocr_line' id='line_1_55' title="bbox 505 5347 2092 5423; baseline 0.011 -22"><span class='ocrx_word' id='word_1_471' title='bbox 505 5360 629 5412; x_wconf 89' lang='lat' dir='ltr'><strong>me,</strong></span> <span class='ocrx_word' id='word_1_472' title='bbox 661 5347 1017 5418; x_wconf 81' lang='lat' dir='ltr'><strong>colaphizavit</strong></span> <span class='ocrx_word' id='word_1_473' title='bbox 1059 5366 1167 5419; x_wconf 90' lang='lat' dir='ltr'><strong>me,</strong></span> <span class='ocrx_word' id='word_1_474' title='bbox 1210 5354 1475 5422; x_wconf 85' lang='lat' dir='ltr'><strong>percussit</strong></span> <span class='ocrx_word' id='word_1_475' title='bbox 1514 5370 1621 5423; x_wconf 87' lang='lat' dir='ltr'><strong>me,</strong></span> <span class='ocrx_word' id='word_1_476' title='bbox 1667 5357 1940 5416; x_wconf 85' lang='lat' dir='ltr'><strong>dilaniavit</strong></span> <span class='ocrx_word' id='word_1_477' title='bbox 1965 5377 2092 5419; x_wconf 88' lang='lat' dir='ltr'><strong>me:</strong></span> 
     </span>
    </p>
   </div>
   <div class='ocr_carea' id='block_1_56' title="bbox 505 5438 2092 5525">
    <p class='ocr_par' dir='ltr' id='par_1_56' title="bbox 505 5438 2092 5525">
     <span class='ocr_line' id='line_1_56' title="bbox 505 5438 2092 5525; baseline 0.012 -34"><span class='ocrx_word' id='word_1_478' title='bbox 505 5446 677 5493; x_wconf 90' lang='lat' dir='ltr'><strong>t0tum</strong></span> <span class='ocrx_word' id='word_1_479' title='bbox 707 5438 810 5494; x_wconf 90' lang='lat' dir='ltr'><strong>hoc</strong></span> <span class='ocrx_word' id='word_1_480' title='bbox 835 5455 943 5495; x_wconf 88' lang='lat' dir='ltr'><strong>non</strong></span> <span class='ocrx_word' id='word_1_481' title='bbox 968 5441 1027 5495; x_wconf 83' lang='lat' dir='ltr'><strong>tit</strong></span> <span class='ocrx_word' id='word_1_482' title='bbox 1052 5441 1108 5497; x_wconf 91' lang='lat' dir='ltr'><strong>in</strong></span> <span class='ocrx_word' id='word_1_483' title='bbox 1132 5443 1344 5512; x_wconf 89' lang='lat' dir='ltr'><strong>anima;</strong></span> <span class='ocrx_word' id='word_1_484' title='bbox 1377 5454 1431 5502; x_wconf 92' lang='lat' dir='ltr'><strong>et</strong></span> <span class='ocrx_word' id='word_1_485' title='bbox 1458 5454 1639 5504; x_wconf 89' lang='lat' dir='ltr'><strong>tamen</strong></span> <span class='ocrx_word' id='word_1_486' title='bbox 1662 5463 1770 5506; x_wconf 92' lang='lat' dir='ltr'><strong>non</strong></span> <span class='ocrx_word' id='word_1_487' title='bbox 1793 5449 1943 5521; x_wconf 88' lang='lat' dir='ltr'><strong>dicit,</strong></span> <span class='ocrx_word' id='word_1_488' title='bbox 1967 5453 2092 5525; x_wconf 89' lang='lat' dir='ltr'><strong>nisi,</strong></span> 
     </span>
    </p>
   </div>
   <div class='ocr_carea' id='block_1_57' title="bbox 505 5537 1647 5617">
    <p class='ocr_par' dir='ltr' id='par_1_57' title="bbox 505 5537 1647 5617">
     <span class='ocr_line' id='line_1_57' title="bbox 505 5537 1647 5617; baseline 0.012 -31"><span class='ocrx_word' id='word_1_489' title='bbox 505 5546 619 5600; x_wconf 91' lang='lat' dir='ltr'><strong>me,</strong></span> <span class='ocrx_word' id='word_1_490' title='bbox 650 5542 867 5605; x_wconf 83' lang='lat' dir='ltr'><strong>propter</strong></span> <span class='ocrx_word' id='word_1_491' title='bbox 894 5537 1153 5594; x_wconf 89' lang='lat' dir='ltr'><strong>unitatem</strong></span> <span class='ocrx_word' id='word_1_492' title='bbox 1182 5542 1437 5598; x_wconf 90' lang='lat' dir='ltr'><strong>consortii</strong></span> <span class='ocrx_word' id='word_1_493' title='bbox 1464 5543 1647 5617; x_wconf 88' lang='lat' dir='ltr'><strong>ipsius.</strong></span> 
     </span>
    </p>
   </div>
   <div class='ocr_carea' id='block_1_58' title="bbox 574 5646 2029 5725">
    <p class='ocr_par' dir='ltr' id='par_1_58' title="bbox 574 5646 2029 5725">
     <span class='ocr_line' id='line_1_58' title="bbox 574 5646 2029 5725; baseline 0.011 -32"><span class='ocrx_word' id='word_1_494' title='bbox 574 5646 595 5725; x_wconf 60' lang='grc' dir='ltr'><strong>ξ</strong></span> <span class='ocrx_word' id='word_1_495' title='bbox 616 5646 958 5725; x_wconf 32' lang='grc' dir='ltr'>ξιῖθριιᾳέιιιι.</span> <span class='ocrx_word' id='word_1_496' title='bbox 982 5656 1058 5725; x_wconf 60' lang='lat' dir='ltr'><strong>Et“.</strong></span> <span class='ocrx_word' id='word_1_497' title='bbox 1080 5657 1133 5725; x_wconf 81' lang='lat' dir='ltr'><strong>et</strong></span> <span class='ocrx_word' id='word_1_498' title='bbox 1286 5655 1477 5725; x_wconf 56' lang='lat' dir='ltr'><strong>stapud</strong></span> <span class='ocrx_word' id='word_1_499' title='bbox 1498 5663 1609 5725; x_wconf 75' lang='lat' dir='ltr'><strong>_I_.ov.</strong></span> <span class='ocrx_word' id='word_1_500' title='bbox 1635 5659 1795 5725; x_wconf 85' lang='lat' dir='ltr'><strong>deest,</strong></span> <span class='ocrx_word' id='word_1_501' title='bbox 1811 5658 2029 5720; x_wconf 77' lang='lat' dir='ltr'><strong>spiritus.</strong></span> 
     </span>
    </p>
   </div>
   <div class='ocr_carea' id='block_1_59' title="bbox 506 5709 2097 5823">
    <p class='ocr_par' dir='ltr' id='par_1_59' title="bbox 506 5709 2097 5823">
     <span class='ocr_line' id='line_1_59' title="bbox 506 5709 2097 5823; baseline 0.013 -68"><span class='ocrx_word' id='word_1_502' title='bbox 506 5709 746 5823; x_wconf 38' lang='lat' dir='ltr'><strong>mystea,</strong></span> <span class='ocrx_word' id='word_1_503' title='bbox 769 5716 822 5759; x_wconf 89' lang='lat' dir='ltr'><strong>ut</strong></span> <span class='ocrx_word' id='word_1_504' title='bbox 842 5709 949 5774; x_wconf 86' lang='lat' dir='ltr'><strong>ipsa</strong></span> <span class='ocrx_word' id='word_1_505' title='bbox 970 5711 1231 5764; x_wconf 78' lang='lat' dir='ltr'><strong>substantia</strong></span> <span class='ocrx_word' id='word_1_506' title='bbox 1259 5709 1400 5768; x_wconf 81' lang='lat' dir='ltr'><strong>Verbi</strong></span> <span class='ocrx_word' id='word_1_507' title='bbox 1428 5730 1445 5767; x_wconf 92' lang='lat'><strong><em>:</em></strong></span> <span class='ocrx_word' id='word_1_508' title='bbox 1482 5709 1881 5778; x_wconf 70' lang='lat' dir='ltr'><strong>dissentientibus</strong></span> <span class='ocrx_word' id='word_1_509' title='bbox 1901 5709 2097 5776; x_wconf 58' lang='lat' dir='ltr'><strong>deteris</strong></span> 
     </span>
    </p>
   </div>
   <div class='ocr_carea' id='block_1_60' title="bbox 560 5830 1533 5907">
    <p class='ocr_par' dir='ltr' id='par_1_60' title="bbox 560 5830 1533 5907">
     <span class='ocr_line' id='line_1_60' title="bbox 560 5830 1533 5907; baseline 0.01 -21"><span class='ocrx_word' id='word_1_510' title='bbox 560 5830 593 5907; x_wconf 26' lang='grc' dir='ltr'><strong>ι’</strong></span> <span class='ocrx_word' id='word_1_511' title='bbox 618 5832 701 5888; x_wconf 74' lang='lat' dir='ltr'><strong>Hic</strong></span> <span class='ocrx_word' id='word_1_512' title='bbox 721 5833 771 5888; x_wconf 88' lang='lat' dir='ltr'><strong>in</strong></span> <span class='ocrx_word' id='word_1_513' title='bbox 788 5840 994 5902; x_wconf 81' lang='lat' dir='ltr'><strong>quatuor</strong></span> <span class='ocrx_word' id='word_1_514' title='bbox 1013 5841 1121 5891; x_wconf 72' lang='lat' dir='ltr'><strong>uss.</strong></span> <span class='ocrx_word' id='word_1_515' title='bbox 1146 5836 1355 5903; x_wconf 79' lang='lat' dir='ltr'><strong>additur,</strong></span> <span class='ocrx_word' id='word_1_516' title='bbox 1378 5838 1533 5896; x_wconf 76' lang='lat' dir='ltr'><strong>homo.</strong></span> 
     </span>
    </p>
   </div>
   <div class='ocr_carea' id='block_1_61' title="bbox 1828 368 2619 430">
    <p class='ocr_par' dir='ltr' id='par_1_61' title="bbox 1828 368 2619 430">
     <span class='ocr_line' id='line_1_61' title="bbox 1828 368 2619 430; baseline 0.003 -3"><span class='ocrx_word' id='word_1_517' title='bbox 1828 371 1887 428; x_wconf 91' lang='lat' dir='ltr'><strong>S.</strong></span> <span class='ocrx_word' id='word_1_518' title='bbox 1911 368 2281 430; x_wconf 81' lang='lat' dir='ltr'><strong>AUGUSTINI</strong></span> <span class='ocrx_word' id='word_1_519' title='bbox 2318 369 2619 429; x_wconf 85' lang='lat' dir='ltr'><strong>EPlSCOPl</strong></span> 
     </span>
    </p>
   </div>
   <div class='ocr_carea' id='block_1_62' title="bbox 3694 384 3835 444">
    <p class='ocr_par' dir='ltr' id='par_1_62' title="bbox 3694 384 3835 444">
     <span class='ocr_line' id='line_1_62' title="bbox 3694 384 3835 444; baseline 0.014 -2"><span class='ocrx_word' id='word_1_520' title='bbox 3694 384 3835 444; x_wconf 67' lang='lat' dir='ltr'><strong>I712</strong></span> 
     </span>
    </p>
   </div>
   <div class='ocr_carea' id='block_1_63' title="bbox 2322 489 3832 569">
    <p class='ocr_par' dir='ltr' id='par_1_63' title="bbox 2322 489 3832 569">
     <span class='ocr_line' id='line_1_63' title="bbox 2322 489 3832 569; baseline 0.011 -25"><span class='ocrx_word' id='word_1_521' title='bbox 2322 489 2412 544; x_wconf 88' lang='grc'><strong>11.</strong></span> <span class='ocrx_word' id='word_1_522' title='bbox 2453 489 2710 545; x_wconf 91' lang='lat' dir='ltr'><strong>Dominus</strong></span> <span class='ocrx_word' id='word_1_523' title='bbox 2735 503 2865 561; x_wconf 78' lang='lat' dir='ltr'><strong>ergo</strong></span> <span class='ocrx_word' id='word_1_524' title='bbox 2892 498 3076 546; x_wconf 88' lang='lat' dir='ltr'><strong>uoster</strong></span> <span class='ocrx_word' id='word_1_525' title='bbox 3101 490 3259 549; x_wconf 74' lang='lat' dir='ltr'><strong>Iesus</strong></span> <span class='ocrx_word' id='word_1_526' title='bbox 3284 492 3526 553; x_wconf 87' lang='lat' dir='ltr'><strong>Christus</strong></span> <span class='ocrx_word' id='word_1_527' title='bbox 3551 501 3704 568; x_wconf 87' lang='lat' dir='ltr'><strong>panis</strong></span> <span class='ocrx_word' id='word_1_528' title='bbox 3724 545 3741 569; x_wconf 86' lang='lat'><strong>,</strong></span> <span class='ocrx_word' id='word_1_529' title='bbox 3771 519 3832 561; x_wconf 87' lang='lat' dir='ltr'><strong>se</strong></span> 
     </span>
    </p>
   </div>
   <div class='ocr_carea' id='block_1_64' title="bbox 2247 580 3833 660">
    <p class='ocr_par' dir='ltr' id='par_1_64' title="bbox 2247 580 3833 660">
     <span class='ocr_line' id='line_1_64' title="bbox 2247 580 3833 660; baseline 0.01 -24"><span class='ocrx_word' id='word_1_530' title='bbox 2247 580 2374 637; x_wconf 90' lang='lat' dir='ltr'><strong>fecit</strong></span> <span class='ocrx_word' id='word_1_531' title='bbox 2397 581 2552 637; x_wconf 91' lang='lat' dir='ltr'><strong>nobis</strong></span> <span class='ocrx_word' id='word_1_532' title='bbox 2579 580 2680 646; x_wconf 91' lang='lat' dir='ltr'><strong>lac,</strong></span> <span class='ocrx_word' id='word_1_533' title='bbox 2708 582 3015 639; x_wconf 88' lang='lat' dir='ltr'><strong>incarnatus</strong></span> <span class='ocrx_word' id='word_1_534' title='bbox 3038 593 3092 639; x_wconf 93' lang='lat' dir='ltr'><strong>et</strong></span> <span class='ocrx_word' id='word_1_535' title='bbox 3116 600 3380 656; x_wconf 90' lang='lat' dir='ltr'><strong>apparens</strong></span> <span class='ocrx_word' id='word_1_536' title='bbox 3409 592 3650 647; x_wconf 89' lang='lat' dir='ltr'><strong>mortalis</strong></span> <span class='ocrx_word' id='word_1_537' title='bbox 3674 594 3729 660; x_wconf 83' lang='grc'><strong>¹;</strong></span> <span class='ocrx_word' id='word_1_538' title='bbox 3768 605 3833 652; x_wconf 87' lang='grc' dir='ltr'><strong>ιιι</strong></span> 
     </span>
    </p>
   </div>
   <div class='ocr_carea' id='block_1_65' title="bbox 2248 673 3827 753">
    <p class='ocr_par' dir='ltr' id='par_1_65' title="bbox 2248 673 3827 753">
     <span class='ocr_line' id='line_1_65' title="bbox 2248 673 3827 753; baseline 0.009 -25"><span class='ocrx_word' id='word_1_539' title='bbox 2248 673 2303 729; x_wconf 88' lang='lat' dir='ltr'><strong>in</strong></span> <span class='ocrx_word' id='word_1_540' title='bbox 2328 689 2393 729; x_wconf 92' lang='lat' dir='ltr'><strong>eo</strong></span> <span class='ocrx_word' id='word_1_541' title='bbox 2436 674 2676 730; x_wconf 81' lang='lat' dir='ltr'><strong>finiretur</strong></span> <span class='ocrx_word' id='word_1_542' title='bbox 2714 690 2880 740; x_wconf 92' lang='lat' dir='ltr'><strong>mors,</strong></span> <span class='ocrx_word' id='word_1_543' title='bbox 2921 684 2975 730; x_wconf 89' lang='lat' dir='ltr'><strong>et</strong></span> <span class='ocrx_word' id='word_1_544' title='bbox 3016 690 3123 731; x_wconf 89' lang='lat' dir='ltr'><strong>non</strong></span> <span class='ocrx_word' id='word_1_545' title='bbox 3162 678 3538 737; x_wconf 88' lang='lat' dir='ltr'><strong>aberraremus</strong></span> <span class='ocrx_word' id='word_1_546' title='bbox 3575 684 3827 753; x_wconf 89' lang='lat' dir='ltr'><strong>aVerbo,</strong></span> 
     </span>
    </p>
   </div>
   <div class='ocr_carea' id='block_1_66' title="bbox 2249 766 3830 837">
    <p class='ocr_par' dir='ltr' id='par_1_66' title="bbox 2249 766 3830 837">
     <span class='ocr_line' id='line_1_66' title="bbox 2249 766 3830 837; baseline 0.009 -16"><span class='ocrx_word' id='word_1_547' title='bbox 2249 766 2530 822; x_wconf 88' lang='lat' dir='ltr'><strong>credentes</strong></span> <span class='ocrx_word' id='word_1_548' title='bbox 2558 767 2611 820; x_wconf 88' lang='lat' dir='ltr'><strong>in</strong></span> <span class='ocrx_word' id='word_1_549' title='bbox 2639 781 2854 821; x_wconf 90' lang='lat' dir='ltr'><strong>carnem</strong></span> <span class='ocrx_word' id='word_1_550' title='bbox 2881 766 3022 837; x_wconf 90' lang='lat' dir='ltr'><strong>quod</strong></span> <span class='ocrx_word' id='word_1_551' title='bbox 3060 766 3258 824; x_wconf 85' lang='lat' dir='ltr'><strong>factum</strong></span> <span class='ocrx_word' id='word_1_552' title='bbox 3291 780 3375 826; x_wconf 90' lang='lat' dir='ltr'><strong>est</strong></span> <span class='ocrx_word' id='word_1_553' title='bbox 3392 771 3649 829; x_wconf 87' lang='lat' dir='ltr'><strong>Verbum.</strong></span> <span class='ocrx_word' id='word_1_554' title='bbox 3696 777 3830 836; x_wconf 85' lang='lat' dir='ltr'><strong>Hinc</strong></span> 
     </span>
    </p>
   </div>
   <div class='ocr_carea' id='block_1_67' title="bbox 2247 856 3829 934">
    <p class='ocr_par' dir='ltr' id='par_1_67' title="bbox 2247 856 3829 934">
     <span class='ocr_line' id='line_1_67' title="bbox 2247 856 3829 934; baseline 0.007 -22"><span class='ocrx_word' id='word_1_555' title='bbox 2247 870 2583 923; x_wconf 90' lang='lat' dir='ltr'><strong>crescamus,</strong></span> <span class='ocrx_word' id='word_1_556' title='bbox 2630 856 2747 928; x_wconf 88' lang='lat' dir='ltr'><strong>ipso</strong></span> <span class='ocrx_word' id='word_1_557' title='bbox 2787 857 2925 913; x_wconf 86' lang='lat' dir='ltr'><strong>lacte</strong></span> <span class='ocrx_word' id='word_1_558' title='bbox 2965 858 3303 925; x_wconf 90' lang='lat' dir='ltr'><strong>nutriamur;</strong></span> <span class='ocrx_word' id='word_1_559' title='bbox 3342 871 3630 934; x_wconf 89' lang='lat' dir='ltr'><strong>antequam</strong></span> <span class='ocrx_word' id='word_1_560' title='bbox 3667 867 3829 924; x_wconf 84' lang='lat' dir='ltr'><strong>validi</strong></span> 
     </span>
    </p>
   </div>
   <div class='ocr_carea' id='block_1_68' title="bbox 2244 949 3827 1021">
    <p class='ocr_par' dir='ltr' id='par_1_68' title="bbox 2244 949 3827 1021">
     <span class='ocr_line' id='line_1_68' title="bbox 2244 949 3827 1021; baseline 0.007 -15"><span class='ocrx_word' id='word_1_561' title='bbox 2244 950 2413 1006; x_wconf 86' lang='lat' dir='ltr'><strong>simus</strong></span> <span class='ocrx_word' id='word_1_562' title='bbox 2450 949 2517 1005; x_wconf 90' lang='lat' dir='ltr'><strong>ad</strong></span> <span class='ocrx_word' id='word_1_563' title='bbox 2554 950 2867 1021; x_wconf 89' lang='lat' dir='ltr'><strong>capiendum</strong></span> <span class='ocrx_word' id='word_1_564' title='bbox 2894 950 3127 1007; x_wconf 91' lang='lat' dir='ltr'><strong>Verbum</strong></span> <span class='ocrx_word' id='word_1_565' title='bbox 3147 994 3162 1020; x_wconf 88' lang='lat'><strong>,</strong></span> <span class='ocrx_word' id='word_1_566' title='bbox 3190 968 3298 1008; x_wconf 88' lang='lat' dir='ltr'><strong>non</strong></span> <span class='ocrx_word' id='word_1_567' title='bbox 3322 956 3636 1013; x_wconf 88' lang='lat' dir='ltr'><strong>recedamus</strong></span> <span class='ocrx_word' id='word_1_568' title='bbox 3661 974 3691 1013; x_wconf 91' lang='lat' dir='ltr'><strong>a</strong></span> <span class='ocrx_word' id='word_1_569' title='bbox 3721 960 3827 1019; x_wconf 81' lang='lat' dir='ltr'><strong>[ide</strong></span> 
     </span>
    </p>
   </div>
   <div class='ocr_carea' id='block_1_69' title="bbox 2244 1040 3826 1120">
    <p class='ocr_par' dir='ltr' id='par_1_69' title="bbox 2244 1040 3826 1120">
     <span class='ocr_line' id='line_1_69' title="bbox 2244 1040 3826 1120; baseline 0.008 -24"><span class='ocrx_word' id='word_1_570' title='bbox 2244 1040 2397 1097; x_wconf 89' lang='lat' dir='ltr'><strong>lactis</strong></span> <span class='ocrx_word' id='word_1_571' title='bbox 2429 1041 2621 1097; x_wconf 90' lang='lat' dir='ltr'><strong>nostri.</strong></span> <span class='ocrx_word' id='word_1_572' title='bbox 2663 1041 2744 1097; x_wconf 85' lang='lat' dir='ltr'><strong>Illi</strong></span> <span class='ocrx_word' id='word_1_573' title='bbox 2782 1050 2960 1097; x_wconf 90' lang='lat' dir='ltr'><strong>autem</strong></span> <span class='ocrx_word' id='word_1_574' title='bbox 2998 1042 3238 1100; x_wconf 66' lang='lat' dir='ltr'><strong>haeretici</strong></span> <span class='ocrx_word' id='word_1_575' title='bbox 3271 1046 3515 1103; x_wconf 86' lang='lat' dir='ltr'><strong>volentes</strong></span> <span class='ocrx_word' id='word_1_576' title='bbox 3552 1048 3826 1120; x_wconf 83' lang='lat' dir='ltr'><strong>disputare</strong></span> 
     </span>
    </p>
   </div>
   <div class='ocr_carea' id='block_1_70' title="bbox 2241 1131 3823 1210">
    <p class='ocr_par' dir='ltr' id='par_1_70' title="bbox 2241 1131 3823 1210">
     <span class='ocr_line' id='line_1_70' title="bbox 2241 1131 3823 1210; baseline 0.008 -22"><span class='ocrx_word' id='word_1_577' title='bbox 2241 1133 2310 1189; x_wconf 90' lang='lat' dir='ltr'><strong>de</strong></span> <span class='ocrx_word' id='word_1_578' title='bbox 2334 1147 2399 1188; x_wconf 91' lang='lat' dir='ltr'><strong>eo</strong></span> <span class='ocrx_word' id='word_1_579' title='bbox 2419 1131 2561 1203; x_wconf 89' lang='lat' dir='ltr'><strong>quod</strong></span> <span class='ocrx_word' id='word_1_580' title='bbox 2586 1147 2693 1188; x_wconf 90' lang='lat' dir='ltr'><strong>non</strong></span> <span class='ocrx_word' id='word_1_581' title='bbox 2718 1142 2967 1203; x_wconf 86' lang='lat' dir='ltr'><strong>poterant</strong></span> <span class='ocrx_word' id='word_1_582' title='bbox 2989 1149 3204 1205; x_wconf 89' lang='lat' dir='ltr'><strong>capere,</strong></span> <span class='ocrx_word' id='word_1_583' title='bbox 3233 1136 3483 1193; x_wconf 83' lang='lat' dir='ltr'><strong>dixerunt</strong></span> <span class='ocrx_word' id='word_1_584' title='bbox 3511 1142 3634 1210; x_wconf 84' lang='lat' dir='ltr'><strong>quia</strong></span> <span class='ocrx_word' id='word_1_585' title='bbox 3654 1141 3823 1200; x_wconf 82' lang='lat' dir='ltr'><strong>Filius</strong></span> 
     </span>
    </p>
   </div>
   <div class='ocr_carea' id='block_1_71' title="bbox 2239 1223 3825 1299">
    <p class='ocr_par' dir='ltr' id='par_1_71' title="bbox 2239 1223 3825 1299">
     <span class='ocr_line' id='line_1_71' title="bbox 2239 1223 3825 1299; baseline 0.007 -20"><span class='ocrx_word' id='word_1_586' title='bbox 2239 1223 2417 1280; x_wconf 90' lang='lat' dir='ltr'><strong>minor</strong></span> <span class='ocrx_word' id='word_1_587' title='bbox 2444 1232 2526 1279; x_wconf 91' lang='lat' dir='ltr'><strong>est</strong></span> <span class='ocrx_word' id='word_1_588' title='bbox 2551 1238 2711 1295; x_wconf 91' lang='lat' dir='ltr'><strong>quam</strong></span> <span class='ocrx_word' id='word_1_589' title='bbox 2735 1223 2914 1291; x_wconf 89' lang='lat' dir='ltr'><strong>Pater,</strong></span> <span class='ocrx_word' id='word_1_590' title='bbox 2942 1233 2997 1281; x_wconf 92' lang='lat' dir='ltr'><strong>et</strong></span> <span class='ocrx_word' id='word_1_591' title='bbox 3023 1225 3273 1282; x_wconf 77' lang='lat' dir='ltr'><strong>dixerunt</strong></span> <span class='ocrx_word' id='word_1_592' title='bbox 3297 1228 3421 1299; x_wconf 90' lang='lat' dir='ltr'><strong>quia</strong></span> <span class='ocrx_word' id='word_1_593' title='bbox 3446 1228 3674 1299; x_wconf 89' lang='lat' dir='ltr'><strong>Spiritus</strong></span> <span class='ocrx_word' id='word_1_594' title='bbox 3701 1248 3825 1290; x_wconf 85' lang='lat' dir='ltr'><strong>san-</strong></span> 
     </span>
    </p>
   </div>
   <div class='ocr_carea' id='block_1_72' title="bbox 2238 1317 3825 1393">
    <p class='ocr_par' dir='ltr' id='par_1_72' title="bbox 2238 1317 3825 1393">
     <span class='ocr_line' id='line_1_72' title="bbox 2238 1317 3825 1393; baseline 0.007 -21"><span class='ocrx_word' id='word_1_595' title='bbox 2238 1325 2356 1372; x_wconf 92' lang='lat' dir='ltr'><strong>ctus</strong></span> <span class='ocrx_word' id='word_1_596' title='bbox 2394 1317 2570 1373; x_wconf 86' lang='lat' dir='ltr'><strong>minor</strong></span> <span class='ocrx_word' id='word_1_597' title='bbox 2607 1324 2690 1373; x_wconf 89' lang='lat' dir='ltr'><strong>est</strong></span> <span class='ocrx_word' id='word_1_598' title='bbox 2727 1332 2887 1388; x_wconf 89' lang='lat' dir='ltr'><strong>quam</strong></span> <span class='ocrx_word' id='word_1_599' title='bbox 2912 1318 3115 1384; x_wconf 84' lang='lat' dir='ltr'><strong>Filius;</strong></span> <span class='ocrx_word' id='word_1_600' title='bbox 3147 1328 3201 1375; x_wconf 92' lang='lat' dir='ltr'><strong>et</strong></span> <span class='ocrx_word' id='word_1_601' title='bbox 3237 1320 3479 1377; x_wconf 84' lang='lat' dir='ltr'><strong>fecerunt</strong></span> <span class='ocrx_word' id='word_1_602' title='bbox 3514 1323 3729 1393; x_wconf 82' lang='lat' dir='ltr'><strong>gradus,</strong></span> <span class='ocrx_word' id='word_1_603' title='bbox 3770 1335 3825 1383; x_wconf 84' lang='lat' dir='ltr'><strong>ct</strong></span> 
     </span>
    </p>
   </div>
   <div class='ocr_carea' id='block_1_73' title="bbox 2237 1406 3821 1485">
    <p class='ocr_par' dir='ltr' id='par_1_73' title="bbox 2237 1406 3821 1485">
     <span class='ocr_line' id='line_1_73' title="bbox 2237 1406 3821 1485; baseline 0.007 -23"><span class='ocrx_word' id='word_1_604' title='bbox 2237 1406 2574 1463; x_wconf 88' lang='lat' dir='ltr'><strong>immiserunt</strong></span> <span class='ocrx_word' id='word_1_605' title='bbox 2618 1408 2672 1463; x_wconf 90' lang='lat' dir='ltr'><strong>in</strong></span> <span class='ocrx_word' id='word_1_606' title='bbox 2702 1407 2997 1464; x_wconf 85' lang='lat' dir='ltr'><strong>Ecclesiam</strong></span> <span class='ocrx_word' id='word_1_607' title='bbox 3043 1416 3153 1465; x_wconf 87' lang='lat' dir='ltr'><strong>tres</strong></span> <span class='ocrx_word' id='word_1_608' title='bbox 3179 1408 3329 1466; x_wconf 90' lang='lat' dir='ltr'><strong>deos.</strong></span> <span class='ocrx_word' id='word_1_609' title='bbox 3360 1410 3479 1467; x_wconf 85' lang='lat' dir='ltr'><strong>Non</strong></span> <span class='ocrx_word' id='word_1_610' title='bbox 3519 1414 3664 1469; x_wconf 91' lang='lat' dir='ltr'><strong>enim</strong></span> <span class='ocrx_word' id='word_1_611' title='bbox 3694 1430 3821 1485; x_wconf 83' lang='lat' dir='ltr'><strong>pos-</strong></span> 
     </span>
    </p>
   </div>
   <div class='ocr_carea' id='block_1_74' title="bbox 2236 1499 3822 1577">
    <p class='ocr_par' dir='ltr' id='par_1_74' title="bbox 2236 1499 3822 1577">
     <span class='ocr_line' id='line_1_74' title="bbox 2236 1499 3822 1577; baseline 0.005 -22"><span class='ocrx_word' id='word_1_612' title='bbox 2236 1509 2362 1555; x_wconf 85' lang='lat' dir='ltr'><strong>sunt</strong></span> <span class='ocrx_word' id='word_1_613' title='bbox 2399 1514 2594 1570; x_wconf 83' lang='lat' dir='ltr'><strong>negare</strong></span> <span class='ocrx_word' id='word_1_614' title='bbox 2616 1500 2785 1555; x_wconf 89' lang='lat' dir='ltr'><strong>Deum</strong></span> <span class='ocrx_word' id='word_1_615' title='bbox 2822 1515 2942 1556; x_wconf 88' lang='lat' dir='ltr'><strong>esse</strong></span> <span class='ocrx_word' id='word_1_616' title='bbox 2963 1499 3195 1568; x_wconf 86' lang='lat' dir='ltr'><strong>Patrem,</strong></span> <span class='ocrx_word' id='word_1_617' title='bbox 3224 1516 3326 1558; x_wconf 91' lang='lat' dir='ltr'><strong>nec</strong></span> <span class='ocrx_word' id='word_1_618' title='bbox 3365 1513 3588 1573; x_wconf 90' lang='lat' dir='ltr'><strong>possunt</strong></span> <span class='ocrx_word' id='word_1_619' title='bbox 3624 1521 3822 1577; x_wconf 79' lang='lat' dir='ltr'><strong>negare</strong></span> 
     </span>
    </p>
   </div>
   <div class='ocr_carea' id='block_1_75' title="bbox 2235 1591 3818 1667">
    <p class='ocr_par' dir='ltr' id='par_1_75' title="bbox 2235 1591 3818 1667">
     <span class='ocr_line' id='line_1_75' title="bbox 2235 1591 3818 1667; baseline 0.006 -20"><span class='ocrx_word' id='word_1_620' title='bbox 2235 1591 2404 1648; x_wconf 92' lang='lat' dir='ltr'><strong>Deum</strong></span> <span class='ocrx_word' id='word_1_621' title='bbox 2429 1607 2548 1648; x_wconf 89' lang='lat' dir='ltr'><strong>esse</strong></span> <span class='ocrx_word' id='word_1_622' title='bbox 2568 1592 2785 1660; x_wconf 87' lang='lat' dir='ltr'><strong>Filium,</strong></span> <span class='ocrx_word' id='word_1_623' title='bbox 2813 1607 2912 1648; x_wconf 93' lang='lat' dir='ltr'><strong>nec</strong></span> <span class='ocrx_word' id='word_1_624' title='bbox 2944 1605 3169 1663; x_wconf 90' lang='lat' dir='ltr'><strong>possunt</strong></span> <span class='ocrx_word' id='word_1_625' title='bbox 3194 1611 3389 1666; x_wconf 76' lang='lat' dir='ltr'><strong>negare</strong></span> <span class='ocrx_word' id='word_1_626' title='bbox 3409 1597 3663 1667; x_wconf 85' lang='lat' dir='ltr'><strong>Spiritum</strong></span> <span class='ocrx_word' id='word_1_627' title='bbox 3691 1615 3818 1656; x_wconf 87' lang='lat' dir='ltr'><strong>san-</strong></span> 
     </span>
    </p>
   </div>
   <div class='ocr_carea' id='block_1_76' title="bbox 2233 1684 3820 1761">
    <p class='ocr_par' dir='ltr' id='par_1_76' title="bbox 2233 1684 3820 1761">
     <span class='ocr_line' id='line_1_76' title="bbox 2233 1684 3820 1761; baseline 0.005 -22"><span class='ocrx_word' id='word_1_628' title='bbox 2233 1693 2377 1739; x_wconf 91' lang='lat' dir='ltr'><strong>ctum</strong></span> <span class='ocrx_word' id='word_1_629' title='bbox 2392 1699 2511 1740; x_wconf 89' lang='lat' dir='ltr'><strong>esse</strong></span> <span class='ocrx_word' id='word_1_630' title='bbox 2528 1684 2716 1739; x_wconf 89' lang='lat' dir='ltr'><strong>Deum.</strong></span> <span class='ocrx_word' id='word_1_631' title='bbox 2739 1686 2808 1739; x_wconf 87' lang='lat' dir='ltr'><strong>At</strong></span> <span class='ocrx_word' id='word_1_632' title='bbox 2823 1684 2868 1739; x_wconf 92' lang='lat' dir='ltr'><strong>si</strong></span> <span class='ocrx_word' id='word_1_633' title='bbox 2886 1685 3042 1741; x_wconf 90' lang='lat' dir='ltr'><strong>Pater</strong></span> <span class='ocrx_word' id='word_1_634' title='bbox 3058 1685 3198 1741; x_wconf 91' lang='lat' dir='ltr'><strong>Deus</strong></span> <span class='ocrx_word' id='word_1_635' title='bbox 3212 1695 3267 1742; x_wconf 93' lang='lat' dir='ltr'><strong>et</strong></span> <span class='ocrx_word' id='word_1_636' title='bbox 3279 1686 3446 1743; x_wconf 89' lang='lat' dir='ltr'><strong>Filius</strong></span> <span class='ocrx_word' id='word_1_637' title='bbox 3465 1688 3609 1744; x_wconf 90' lang='lat' dir='ltr'><strong>Deus</strong></span> <span class='ocrx_word' id='word_1_638' title='bbox 3626 1699 3679 1746; x_wconf 90' lang='lat' dir='ltr'><strong>et</strong></span> <span class='ocrx_word' id='word_1_639' title='bbox 3699 1690 3820 1761; x_wconf 85' lang='lat' dir='ltr'><strong>Spi-</strong></span> 
     </span>
    </p>
   </div>
   <div class='ocr_carea' id='block_1_77' title="bbox 2231 1774 3819 1850">
    <p class='ocr_par' dir='ltr' id='par_1_77' title="bbox 2231 1774 3819 1850">
     <span class='ocr_line' id='line_1_77' title="bbox 2231 1774 3819 1850; baseline 0.004 -19"><span class='ocrx_word' id='word_1_640' title='bbox 2231 1775 2364 1831; x_wconf 91' lang='lat' dir='ltr'><strong>ritus</strong></span> <span class='ocrx_word' id='word_1_641' title='bbox 2378 1784 2593 1830; x_wconf 91' lang='lat' dir='ltr'><strong>sanctus</strong></span> <span class='ocrx_word' id='word_1_642' title='bbox 2612 1774 2755 1831; x_wconf 88' lang='lat' dir='ltr'><strong>Deus</strong></span> <span class='ocrx_word' id='word_1_643' title='bbox 2772 1775 3059 1845; x_wconf 70' lang='lat' dir='ltr'><strong>inaequales</strong></span> <span class='ocrx_word' id='word_1_644' title='bbox 3082 1785 3226 1844; x_wconf 89' lang='lat' dir='ltr'><strong>sunt,</strong></span> <span class='ocrx_word' id='word_1_645' title='bbox 3242 1785 3296 1833; x_wconf 91' lang='lat' dir='ltr'><strong>et</strong></span> <span class='ocrx_word' id='word_1_646' title='bbox 3314 1792 3421 1833; x_wconf 91' lang='lat' dir='ltr'><strong>non</strong></span> <span class='ocrx_word' id='word_1_647' title='bbox 3438 1786 3563 1835; x_wconf 88' lang='lat' dir='ltr'><strong>sunt</strong></span> <span class='ocrx_word' id='word_1_648' title='bbox 3576 1780 3819 1850; x_wconf 88' lang='lat' dir='ltr'><strong>ejusdem</strong></span> 
     </span>
    </p>
   </div>
   <div class='ocr_carea' id='block_1_78' title="bbox 2231 1866 3819 1942">
    <p class='ocr_par' dir='ltr' id='par_1_78' title="bbox 2231 1866 3819 1942">
     <span class='ocr_line' id='line_1_78' title="bbox 2231 1866 3819 1942; baseline 0.003 -19"><span class='ocrx_word' id='word_1_649' title='bbox 2231 1866 2584 1932; x_wconf 63' lang='lat' dir='ltr'><strong>substantias;</strong></span> <span class='ocrx_word' id='word_1_650' title='bbox 2627 1880 2736 1921; x_wconf 87' lang='lat' dir='ltr'><strong>non</strong></span> <span class='ocrx_word' id='word_1_651' title='bbox 2762 1874 2845 1922; x_wconf 88' lang='lat' dir='ltr'><strong>est</strong></span> <span class='ocrx_word' id='word_1_652' title='bbox 2872 1880 3012 1921; x_wconf 90' lang='lat' dir='ltr'><strong>unus</strong></span> <span class='ocrx_word' id='word_1_653' title='bbox 3035 1866 3197 1935; x_wconf 90' lang='lat' dir='ltr'><strong>Deus,</strong></span> <span class='ocrx_word' id='word_1_654' title='bbox 3225 1867 3321 1923; x_wconf 92' lang='lat' dir='ltr'><strong>sed</strong></span> <span class='ocrx_word' id='word_1_655' title='bbox 3348 1875 3457 1924; x_wconf 90' lang='lat' dir='ltr'><strong>tres</strong></span> <span class='ocrx_word' id='word_1_656' title='bbox 3482 1868 3575 1924; x_wconf 89' lang='lat' dir='ltr'><strong>dii.</strong></span> <span class='ocrx_word' id='word_1_657' title='bbox 3623 1871 3819 1942; x_wconf 89' lang='lat' dir='ltr'><strong>Dispu-</strong></span> 
     </span>
    </p>
   </div>
   <div class='ocr_carea' id='block_1_79' title="bbox 2230 1958 3817 2030">
    <p class='ocr_par' dir='ltr' id='par_1_79' title="bbox 2230 1958 3817 2030">
     <span class='ocr_line' id='line_1_79' title="bbox 2230 1958 3817 2030; baseline 0.004 -16"><span class='ocrx_word' id='word_1_658' title='bbox 2230 1966 2404 2014; x_wconf 90' lang='lat' dir='ltr'><strong>tantes</strong></span> <span class='ocrx_word' id='word_1_659' title='bbox 2428 1973 2556 2029; x_wconf 82' lang='lat' dir='ltr'><strong>ergo</strong></span> <span class='ocrx_word' id='word_1_660' title='bbox 2578 1958 2721 2029; x_wconf 89' lang='lat' dir='ltr'><strong>quod</strong></span> <span class='ocrx_word' id='word_1_661' title='bbox 2760 1972 2952 2028; x_wconf 89' lang='lat' dir='ltr'><strong>capere</strong></span> <span class='ocrx_word' id='word_1_662' title='bbox 2982 1973 3088 2013; x_wconf 92' lang='lat' dir='ltr'><strong>non</strong></span> <span class='ocrx_word' id='word_1_663' title='bbox 3129 1968 3395 2030; x_wconf 88' lang='lat' dir='ltr'><strong>poterant,</strong></span> <span class='ocrx_word' id='word_1_664' title='bbox 3435 1961 3555 2017; x_wconf 88' lang='lat' dir='ltr'><strong>elati</strong></span> <span class='ocrx_word' id='word_1_665' title='bbox 3593 1974 3722 2020; x_wconf 91' lang='lat' dir='ltr'><strong>sunt</strong></span> <span class='ocrx_word' id='word_1_666' title='bbox 3761 1966 3817 2022; x_wconf 88' lang='lat' dir='ltr'><strong>in</strong></span> 
     </span>
    </p>
   </div>
   <div class='ocr_carea' id='block_1_80' title="bbox 2229 2051 3816 2125">
    <p class='ocr_par' dir='ltr' id='par_1_80' title="bbox 2229 2051 3816 2125">
     <span class='ocr_line' id='line_1_80' title="bbox 2229 2051 3816 2125; baseline 0.004 -18"><span class='ocrx_word' id='word_1_667' title='bbox 2229 2051 2537 2122; x_wconf 88' lang='lat' dir='ltr'><strong>superbiam</strong></span> <span class='ocrx_word' id='word_1_668' title='bbox 2563 2069 2578 2117; x_wconf 90' lang='lat'><strong>;</strong></span> <span class='ocrx_word' id='word_1_669' title='bbox 2620 2060 2674 2108; x_wconf 91' lang='lat' dir='ltr'><strong>et</strong></span> <span class='ocrx_word' id='word_1_670' title='bbox 2711 2052 2905 2107; x_wconf 82' lang='lat' dir='ltr'><strong>factum</strong></span> <span class='ocrx_word' id='word_1_671' title='bbox 2942 2060 3024 2108; x_wconf 91' lang='lat' dir='ltr'><strong>est</strong></span> <span class='ocrx_word' id='word_1_672' title='bbox 3046 2052 3101 2107; x_wconf 88' lang='lat' dir='ltr'><strong>in</strong></span> <span class='ocrx_word' id='word_1_673' title='bbox 3126 2054 3206 2109; x_wconf 90' lang='lat' dir='ltr'><strong>eis</strong></span> <span class='ocrx_word' id='word_1_674' title='bbox 3231 2054 3376 2125; x_wconf 92' lang='lat' dir='ltr'><strong>quod</strong></span> <span class='ocrx_word' id='word_1_675' title='bbox 3403 2055 3595 2111; x_wconf 90' lang='lat' dir='ltr'><strong>dicitur</strong></span> <span class='ocrx_word' id='word_1_676' title='bbox 3625 2058 3681 2112; x_wconf 90' lang='lat' dir='ltr'><strong>in</strong></span> <span class='ocrx_word' id='word_1_677' title='bbox 3710 2059 3816 2115; x_wconf 90' lang='lat' dir='ltr'><strong>isto</strong></span> 
     </span>
    </p>
   </div>
   <div class='ocr_carea' id='block_1_81' title="bbox 2228 2143 3813 2214">
    <p class='ocr_par' dir='ltr' id='par_1_81' title="bbox 2228 2143 3813 2214">
     <span class='ocr_line' id='line_1_81' title="bbox 2228 2143 3813 2214; baseline 0.003 -16"><span class='ocrx_word' id='word_1_678' title='bbox 2228 2143 2456 2214; x_wconf 84' lang='lat' dir='ltr'><strong>psalmo,</strong></span> <span class='ocrx_word' id='word_1_679' title='bbox 2486 2144 2547 2198; x_wconf 89' lang='lat' dir='ltr'><strong>Si</strong></span> <span class='ocrx_word' id='word_1_680' title='bbox 2574 2159 2677 2197; x_wconf 85' lang='lat' dir='ltr'><strong>non</strong></span> <span class='ocrx_word' id='word_1_681' title='bbox 2707 2144 2966 2197; x_wconf 85' lang='lat' dir='ltr'><strong>humiliter</strong></span> <span class='ocrx_word' id='word_1_682' title='bbox 2992 2144 3264 2199; x_wconf 82' lang='lat' dir='ltr'><strong>sentiebam</strong></span> <span class='ocrx_word' id='word_1_683' title='bbox 3286 2187 3300 2209; x_wconf 92' lang='lat'><strong>,</strong></span> <span class='ocrx_word' id='word_1_684' title='bbox 3329 2146 3417 2200; x_wconf 80' lang='lat' dir='ltr'><strong>sed</strong></span> <span class='ocrx_word' id='word_1_685' title='bbox 3455 2148 3673 2201; x_wconf 68' lang='lat' dir='ltr'><strong>exaltari</strong></span> <span class='ocrx_word' id='word_1_686' title='bbox 3695 2151 3813 2203; x_wconf 85' lang='lat' dir='ltr'><strong>ani-</strong></span> 
     </span>
    </p>
   </div>
   <div class='ocr_carea' id='block_1_82' title="bbox 2226 2236 3815 2308">
    <p class='ocr_par' dir='ltr' id='par_1_82' title="bbox 2226 2236 3815 2308">
     <span class='ocr_line' id='line_1_82' title="bbox 2226 2236 3815 2308; baseline 0.004 -19"><span class='ocrx_word' id='word_1_687' title='bbox 2226 2253 2364 2290; x_wconf 90' lang='lat' dir='ltr'><strong>mam</strong></span> <span class='ocrx_word' id='word_1_688' title='bbox 2406 2253 2609 2301; x_wconf 88' lang='lat' dir='ltr'><strong>meam;</strong></span> <span class='ocrx_word' id='word_1_689' title='bbox 2651 2236 3077 2306; x_wconf 86' lang='lat' dir='ltr'><strong>quemadmodum</strong></span> <span class='ocrx_word' id='word_1_690' title='bbox 3119 2237 3205 2308; x_wconf 87' lang='lat' dir='ltr'><strong>qui</strong></span> <span class='ocrx_word' id='word_1_691' title='bbox 3249 2237 3450 2294; x_wconf 83' lang='lat' dir='ltr'><strong>ablatus</strong></span> <span class='ocrx_word' id='word_1_692' title='bbox 3491 2249 3565 2294; x_wconf 76' lang='lat' dir='ltr'><strong>est</strong></span> <span class='ocrx_word' id='word_1_693' title='bbox 3608 2256 3642 2293; x_wconf 87' lang='lat' dir='ltr'><strong>a</strong></span> <span class='ocrx_word' id='word_1_694' title='bbox 3686 2242 3815 2297; x_wconf 79' lang='lat' dir='ltr'><strong>lacte</strong></span> 
     </span>
    </p>
   </div>
   <div class='ocr_carea' id='block_1_83' title="bbox 2224 2326 3809 2397">
    <p class='ocr_par' dir='ltr' id='par_1_83' title="bbox 2224 2326 3809 2397">
     <span class='ocr_line' id='line_1_83' title="bbox 2224 2326 3809 2397; baseline 0.003 -15"><span class='ocrx_word' id='word_1_695' title='bbox 2224 2343 2375 2397; x_wconf 83' lang='lat' dir='ltr'><strong>super</strong></span> <span class='ocrx_word' id='word_1_696' title='bbox 2416 2336 2626 2380; x_wconf 89' lang='lat' dir='ltr'><strong>matrem</strong></span> <span class='ocrx_word' id='word_1_697' title='bbox 2652 2343 2817 2391; x_wconf 88' lang='lat' dir='ltr'><strong>suam,</strong></span> <span class='ocrx_word' id='word_1_698' title='bbox 2860 2328 2933 2381; x_wconf 77' lang='lat' dir='ltr'><strong>sic</strong></span> <span class='ocrx_word' id='word_1_699' title='bbox 2972 2326 3230 2382; x_wconf 83' lang='lat' dir='ltr'><strong>retributio</strong></span> <span class='ocrx_word' id='word_1_700' title='bbox 3271 2328 3325 2382; x_wconf 80' lang='lat' dir='ltr'><strong>in</strong></span> <span class='ocrx_word' id='word_1_701' title='bbox 3362 2330 3588 2383; x_wconf 79' lang='lat' dir='ltr'><strong>animum</strong></span> <span class='ocrx_word' id='word_1_702' title='bbox 3626 2348 3809 2387; x_wconf 85' lang='lat' dir='ltr'><strong>meam.</strong></span> 
     </span>
    </p>
   </div>
   <div class='ocr_carea' id='block_1_84' title="bbox 2224 2417 3807 2489">
    <p class='ocr_par' dir='ltr' id='par_1_84' title="bbox 2224 2417 3807 2489">
     <span class='ocr_line' id='line_1_84' title="bbox 2224 2417 3807 2489; baseline 0.002 -16"><span class='ocrx_word' id='word_1_703' title='bbox 2224 2418 2393 2473; x_wconf 86' lang='lat' dir='ltr'><strong>Mater</strong></span> <span class='ocrx_word' id='word_1_704' title='bbox 2421 2418 2563 2474; x_wconf 90' lang='lat' dir='ltr'><strong>enim</strong></span> <span class='ocrx_word' id='word_1_705' title='bbox 2587 2417 2827 2473; x_wconf 86' lang='lat' dir='ltr'><strong>Ecclesia</strong></span> <span class='ocrx_word' id='word_1_706' title='bbox 2850 2417 2946 2472; x_wconf 91' lang='lat' dir='ltr'><strong>Dei</strong></span> <span class='ocrx_word' id='word_1_707' title='bbox 2973 2425 3076 2485; x_wconf 91' lang='lat' dir='ltr'><strong>est,</strong></span> <span class='ocrx_word' id='word_1_708' title='bbox 3104 2417 3247 2473; x_wconf 91' lang='lat' dir='ltr'><strong>unde</strong></span> <span class='ocrx_word' id='word_1_709' title='bbox 3288 2417 3363 2473; x_wconf 91' lang='lat' dir='ltr'><strong>illi</strong></span> <span class='ocrx_word' id='word_1_710' title='bbox 3392 2422 3623 2489; x_wconf 87' lang='lat' dir='ltr'><strong>separati</strong></span> <span class='ocrx_word' id='word_1_711' title='bbox 3646 2429 3807 2478; x_wconf 89' lang='lat' dir='ltr'><strong>sunt:</strong></span> 
     </span>
    </p>
   </div>
   <div class='ocr_carea' id='block_1_85' title="bbox 2224 2508 3809 2574">
    <p class='ocr_par' dir='ltr' id='par_1_85' title="bbox 2224 2508 3809 2574">
     <span class='ocr_line' id='line_1_85' title="bbox 2224 2508 3809 2574; baseline 0.002 -8"><span class='ocrx_word' id='word_1_712' title='bbox 2224 2510 2298 2566; x_wconf 90' lang='lat' dir='ltr'><strong>ibi</strong></span> <span class='ocrx_word' id='word_1_713' title='bbox 2339 2510 2523 2565; x_wconf 89' lang='lat' dir='ltr'><strong>lactari</strong></span> <span class='ocrx_word' id='word_1_714' title='bbox 2547 2518 2602 2565; x_wconf 92' lang='lat' dir='ltr'><strong>et</strong></span> <span class='ocrx_word' id='word_1_715' title='bbox 2640 2509 2830 2565; x_wconf 87' lang='lat' dir='ltr'><strong>nutriri</strong></span> <span class='ocrx_word' id='word_1_716' title='bbox 2868 2508 3151 2574; x_wconf 89' lang='lat' dir='ltr'><strong>debebant,</strong></span> <span class='ocrx_word' id='word_1_717' title='bbox 3193 2517 3254 2565; x_wconf 90' lang='lat' dir='ltr'><strong>ut</strong></span> <span class='ocrx_word' id='word_1_718' title='bbox 3289 2521 3594 2568; x_wconf 87' lang='lat' dir='ltr'><strong>crescerent</strong></span> <span class='ocrx_word' id='word_1_719' title='bbox 3620 2513 3689 2568; x_wconf 90' lang='lat' dir='ltr'><strong>ad</strong></span> <span class='ocrx_word' id='word_1_720' title='bbox 3717 2529 3809 2569; x_wconf 86' lang='lat' dir='ltr'><strong>ca-</strong></span> 
     </span>
    </p>
   </div>
   <div class='ocr_carea' id='block_1_86' title="bbox 2222 2602 3809 2674">
    <p class='ocr_par' dir='ltr' id='par_1_86' title="bbox 2222 2602 3809 2674">
     <span class='ocr_line' id='line_1_86' title="bbox 2222 2602 3809 2674; baseline 0.003 -16"><span class='ocrx_word' id='word_1_721' title='bbox 2222 2603 2473 2673; x_wconf 90' lang='lat' dir='ltr'><strong>piendum</strong></span> <span class='ocrx_word' id='word_1_722' title='bbox 2514 2602 2750 2659; x_wconf 87' lang='lat' dir='ltr'><strong>Verbum</strong></span> <span class='ocrx_word' id='word_1_723' title='bbox 2789 2602 2957 2658; x_wconf 91' lang='lat' dir='ltr'><strong>Deum</strong></span> <span class='ocrx_word' id='word_1_724' title='bbox 3000 2602 3141 2674; x_wconf 87' lang='lat' dir='ltr'><strong>apud</strong></span> <span class='ocrx_word' id='word_1_725' title='bbox 3181 2602 3373 2672; x_wconf 89' lang='lat' dir='ltr'><strong>Deum,</strong></span> <span class='ocrx_word' id='word_1_726' title='bbox 3415 2602 3471 2660; x_wconf 90' lang='lat' dir='ltr'><strong>in</strong></span> <span class='ocrx_word' id='word_1_727' title='bbox 3506 2604 3676 2661; x_wconf 90' lang='lat' dir='ltr'><strong>forma</strong></span> <span class='ocrx_word' id='word_1_728' title='bbox 3713 2606 3809 2663; x_wconf 89' lang='lat' dir='ltr'><strong>Dei</strong></span> 
     </span>
    </p>
   </div>
   <div class='ocr_carea' id='block_1_87' title="bbox 2221 2696 3759 2767">
    <p class='ocr_par' dir='ltr' id='par_1_87' title="bbox 2221 2696 3759 2767">
     <span class='ocr_line' id='line_1_87' title="bbox 2221 2696 3759 2767; baseline -0.001 -14"><span class='ocrx_word' id='word_1_729' title='bbox 2221 2697 2481 2767; x_wconf 64' lang='lat' dir='ltr'><strong>aequalem</strong></span> <span class='ocrx_word' id='word_1_730' title='bbox 2510 2696 2677 2752; x_wconf 87' lang='lat' dir='ltr'><strong>Patri.</strong></span> <span class='ocrx_word' id='word_1_731' title='bbox 3756 2722 3759 2727; x_wconf 88' lang='grc'>·</span> 
     </span>
    </p>
   </div>
   <div class='ocr_carea' id='block_1_88' title="bbox 2293 2788 3806 2861">
    <p class='ocr_par' dir='ltr' id='par_1_88' title="bbox 2293 2788 3806 2861">
     <span class='ocr_line' id='line_1_88' title="bbox 2293 2788 3806 2861; baseline 0.005 -19"><span class='ocrx_word' id='word_1_732' title='bbox 2293 2790 2380 2843; x_wconf 75' lang='grc'><strong>12.</strong></span> <span class='ocrx_word' id='word_1_733' title='bbox 2423 2789 2545 2844; x_wconf 91' lang='lat' dir='ltr'><strong>Visa</strong></span> <span class='ocrx_word' id='word_1_734' title='bbox 2570 2801 2650 2845; x_wconf 90' lang='lat' dir='ltr'><strong>est</strong></span> <span class='ocrx_word' id='word_1_735' title='bbox 2675 2788 2761 2844; x_wconf 92' lang='lat' dir='ltr'><strong>hic</strong></span> <span class='ocrx_word' id='word_1_736' title='bbox 2789 2789 3005 2860; x_wconf 90' lang='lat' dir='ltr'><strong>quidem</strong></span> <span class='ocrx_word' id='word_1_737' title='bbox 3034 2790 3103 2846; x_wconf 90' lang='lat' dir='ltr'><strong>ab</strong></span> <span class='ocrx_word' id='word_1_738' title='bbox 3142 2789 3226 2845; x_wconf 90' lang='lat' dir='ltr'><strong>his</strong></span> <span class='ocrx_word' id='word_1_739' title='bbox 3265 2790 3356 2861; x_wconf 89' lang='lat' dir='ltr'><strong>qui</strong></span> <span class='ocrx_word' id='word_1_740' title='bbox 3398 2798 3522 2848; x_wconf 88' lang='lat' dir='ltr'><strong>ante</strong></span> <span class='ocrx_word' id='word_1_741' title='bbox 3560 2805 3659 2847; x_wconf 88' lang='lat' dir='ltr'><strong>nos</strong></span> <span class='ocrx_word' id='word_1_742' title='bbox 3701 2791 3806 2849; x_wconf 78' lang='lat' dir='ltr'><strong>ista</strong></span> 
     </span>
    </p>
   </div>
   <div class='ocr_carea' id='block_1_89' title="bbox 2220 2881 3804 2949">
    <p class='ocr_par' dir='ltr' id='par_1_89' title="bbox 2220 2881 3804 2949">
     <span class='ocr_line' id='line_1_89' title="bbox 2220 2881 3804 2949; baseline 0.003 -13"><span class='ocrx_word' id='word_1_743' title='bbox 2220 2888 2550 2947; x_wconf 88' lang='lat' dir='ltr'><strong>tractarunt,</strong></span> <span class='ocrx_word' id='word_1_744' title='bbox 2575 2889 2629 2936; x_wconf 91' lang='lat' dir='ltr'><strong>et</strong></span> <span class='ocrx_word' id='word_1_745' title='bbox 2655 2881 2759 2935; x_wconf 90' lang='lat' dir='ltr'><strong>alia</strong></span> <span class='ocrx_word' id='word_1_746' title='bbox 2786 2882 3045 2937; x_wconf 90' lang='lat' dir='ltr'><strong>sententia</strong></span> <span class='ocrx_word' id='word_1_747' title='bbox 3070 2922 3085 2949; x_wconf 93' lang='lat'><strong>,</strong></span> <span class='ocrx_word' id='word_1_748' title='bbox 3132 2892 3187 2938; x_wconf 92' lang='lat' dir='ltr'><strong>et</strong></span> <span class='ocrx_word' id='word_1_749' title='bbox 3225 2882 3363 2937; x_wconf 90' lang='lat' dir='ltr'><strong>alius</strong></span> <span class='ocrx_word' id='word_1_750' title='bbox 3406 2882 3708 2939; x_wconf 86' lang='lat' dir='ltr'><strong>intellectus</strong></span> <span class='ocrx_word' id='word_1_751' title='bbox 3747 2884 3804 2940; x_wconf 89' lang='lat' dir='ltr'><strong>in</strong></span> 
     </span>
    </p>
   </div>
   <div class='ocr_carea' id='block_1_90' title="bbox 2218 2971 3801 3043">
    <p class='ocr_par' dir='ltr' id='par_1_90' title="bbox 2218 2971 3801 3043">
     <span class='ocr_line' id='line_1_90' title="bbox 2218 2971 3801 3043; baseline 0.003 -16"><span class='ocrx_word' id='word_1_752' title='bbox 2218 2971 2301 3028; x_wconf 89' lang='lat' dir='ltr'><strong>his</strong></span> <span class='ocrx_word' id='word_1_753' title='bbox 2330 2973 2504 3029; x_wconf 82' lang='lat' dir='ltr'><strong>verbis</strong></span> <span class='ocrx_word' id='word_1_754' title='bbox 2531 3014 2546 3039; x_wconf 94' lang='lat'><strong>,</strong></span> <span class='ocrx_word' id='word_1_755' title='bbox 2574 2988 2733 3043; x_wconf 90' lang='lat' dir='ltr'><strong>quem</strong></span> <span class='ocrx_word' id='word_1_756' title='bbox 2777 2988 2884 3028; x_wconf 90' lang='lat' dir='ltr'><strong>non</strong></span> <span class='ocrx_word' id='word_1_757' title='bbox 2932 2973 3119 3029; x_wconf 91' lang='lat' dir='ltr'><strong>tacebo</strong></span> <span class='ocrx_word' id='word_1_758' title='bbox 3155 2973 3415 3029; x_wconf 88' lang='lat' dir='ltr'><strong>Charitati</strong></span> <span class='ocrx_word' id='word_1_759' title='bbox 3443 2985 3655 3030; x_wconf 64' lang='lat' dir='ltr'><strong>vestras.</strong></span> <span class='ocrx_word' id='word_1_760' title='bbox 3682 2976 3801 3033; x_wconf 81' lang='lat' dir='ltr'><strong>Hoc</strong></span> 
     </span>
    </p>
   </div>
   <div class='ocr_carea' id='block_1_91' title="bbox 2219 3063 3805 3134">
    <p class='ocr_par' dir='ltr' id='par_1_91' title="bbox 2219 3063 3805 3134">
     <span class='ocr_line' id='line_1_91' title="bbox 2219 3063 3805 3134; baseline 0.003 -15"><span class='ocrx_word' id='word_1_761' title='bbox 2219 3064 2360 3120; x_wconf 90' lang='lat' dir='ltr'><strong>enim</strong></span> <span class='ocrx_word' id='word_1_762' title='bbox 2405 3063 2698 3118; x_wconf 80' lang='lat' dir='ltr'><strong>dixerunt:</strong></span> <span class='ocrx_word' id='word_1_763' title='bbox 2747 3063 2932 3118; x_wconf 91' lang='lat' dir='ltr'><strong>Omnis</strong></span> <span class='ocrx_word' id='word_1_764' title='bbox 2972 3063 3232 3133; x_wconf 88' lang='lat' dir='ltr'><strong>superbus</strong></span> <span class='ocrx_word' id='word_1_765' title='bbox 3274 3064 3521 3134; x_wconf 88' lang='lat' dir='ltr'><strong>displicet</strong></span> <span class='ocrx_word' id='word_1_766' title='bbox 3567 3066 3717 3132; x_wconf 89' lang='lat' dir='ltr'><strong>Deo,</strong></span> <span class='ocrx_word' id='word_1_767' title='bbox 3749 3075 3805 3123; x_wconf 85' lang='lat' dir='ltr'><strong>et</strong></span> 
     </span>
    </p>
   </div>
   <div class='ocr_carea' id='block_1_92' title="bbox 2182 3150 3798 3227">
    <p class='ocr_par' dir='ltr' id='par_1_92' title="bbox 2182 3150 3798 3227">
     <span class='ocr_line' id='line_1_92' title="bbox 2182 3150 3798 3227; baseline 0.001 -16"><span class='ocrx_word' id='word_1_768' title='bbox 2182 3150 2187 3157; x_wconf 74' lang='grc'><em>’</em></span> <span class='ocrx_word' id='word_1_769' title='bbox 2216 3155 2375 3211; x_wconf 89' lang='lat' dir='ltr'><strong>debet</strong></span> <span class='ocrx_word' id='word_1_770' title='bbox 2400 3170 2460 3211; x_wconf 89' lang='lat' dir='ltr'><strong>se</strong></span> <span class='ocrx_word' id='word_1_771' title='bbox 2480 3154 2709 3209; x_wconf 91' lang='lat' dir='ltr'><strong>humana</strong></span> <span class='ocrx_word' id='word_1_772' title='bbox 2732 3155 2906 3209; x_wconf 86' lang='lat' dir='ltr'><strong>anima</strong></span> <span class='ocrx_word' id='word_1_773' title='bbox 2928 3154 3208 3210; x_wconf 87' lang='lat' dir='ltr'><strong>humiliare</strong></span> <span class='ocrx_word' id='word_1_774' title='bbox 3227 3196 3243 3223; x_wconf 96' lang='lat'><strong>,</strong></span> <span class='ocrx_word' id='word_1_775' title='bbox 3265 3170 3334 3211; x_wconf 89' lang='lat' dir='ltr'><strong>ne</strong></span> <span class='ocrx_word' id='word_1_776' title='bbox 3354 3156 3464 3211; x_wconf 90' lang='lat' dir='ltr'><strong>Deo</strong></span> <span class='ocrx_word' id='word_1_777' title='bbox 3487 3156 3798 3227; x_wconf 86' lang='lat' dir='ltr'><strong>displiceat,</strong></span> 
     </span>
    </p>
   </div>
   <div class='ocr_carea' id='block_1_93' title="bbox 2216 3247 3804 3321">
    <p class='ocr_par' dir='ltr' id='par_1_93' title="bbox 2216 3247 3804 3321">
     <span class='ocr_line' id='line_1_93' title="bbox 2216 3247 3804 3321; baseline 0.001 -17"><span class='ocrx_word' id='word_1_778' title='bbox 2216 3257 2269 3305; x_wconf 93' lang='lat' dir='ltr'><strong>et</strong></span> <span class='ocrx_word' id='word_1_779' title='bbox 2298 3257 2409 3304; x_wconf 93' lang='lat' dir='ltr'><strong>toto</strong></span> <span class='ocrx_word' id='word_1_780' title='bbox 2434 3247 2596 3303; x_wconf 90' lang='lat' dir='ltr'><strong>corde</strong></span> <span class='ocrx_word' id='word_1_781' title='bbox 2621 3247 2817 3302; x_wconf 89' lang='lat' dir='ltr'><strong>intueri</strong></span> <span class='ocrx_word' id='word_1_782' title='bbox 2835 3247 2977 3317; x_wconf 90' lang='lat' dir='ltr'><strong>quod</strong></span> <span class='ocrx_word' id='word_1_783' title='bbox 2997 3248 3195 3303; x_wconf 90' lang='lat' dir='ltr'><strong>dictum</strong></span> <span class='ocrx_word' id='word_1_784' title='bbox 3218 3258 3300 3304; x_wconf 90' lang='lat' dir='ltr'><strong>est</strong></span> <span class='ocrx_word' id='word_1_785' title='bbox 3321 3290 3337 3315; x_wconf 93' lang='lat'><strong>,</strong></span> <span class='ocrx_word' id='word_1_786' title='bbox 3364 3248 3565 3315; x_wconf 84' lang='lat' dir='ltr'><strong>Quanto</strong></span> <span class='ocrx_word' id='word_1_787' title='bbox 3586 3267 3804 3321; x_wconf 74' lang='lat' dir='ltr'><strong>magnus</strong></span> 
     </span>
    </p>
   </div>
   <div class='ocr_carea' id='block_1_94' title="bbox 2213 3339 3802 3409">
    <p class='ocr_par' dir='ltr' id='par_1_94' title="bbox 2213 3339 3802 3409">
     <span class='ocr_line' id='line_1_94' title="bbox 2213 3339 3802 3409; baseline 0.001 -13"><span class='ocrx_word' id='word_1_788' title='bbox 2213 3358 2265 3396; x_wconf 88' lang='lat' dir='ltr'><strong>es</strong></span> <span class='ocrx_word' id='word_1_789' title='bbox 2285 3383 2298 3406; x_wconf 96' lang='lat'><strong>,</strong></span> <span class='ocrx_word' id='word_1_790' title='bbox 2329 3349 2466 3395; x_wconf 84' lang='lat' dir='ltr'><strong>tanta</strong></span> <span class='ocrx_word' id='word_1_791' title='bbox 2500 3340 2713 3394; x_wconf 81' lang='lat' dir='ltr'><strong>humilia</strong></span> <span class='ocrx_word' id='word_1_792' title='bbox 2738 3349 2785 3394; x_wconf 85' lang='lat' dir='ltr'><strong>te</strong></span> <span class='ocrx_word' id='word_1_793' title='bbox 2807 3340 2859 3393; x_wconf 84' lang='lat' dir='ltr'><strong>in</strong></span> <span class='ocrx_word' id='word_1_794' title='bbox 2889 3339 3118 3395; x_wconf 87' lang='lat' dir='ltr'><strong>omnibus</strong></span> <span class='ocrx_word' id='word_1_795' title='bbox 3136 3381 3152 3409; x_wconf 89' lang='lat'><strong>,</strong></span> <span class='ocrx_word' id='word_1_796' title='bbox 3184 3349 3230 3395; x_wconf 87' lang='lat' dir='ltr'><strong>et</strong></span> <span class='ocrx_word' id='word_1_797' title='bbox 3252 3356 3424 3395; x_wconf 88' lang='lat' dir='ltr'><strong>coram</strong></span> <span class='ocrx_word' id='word_1_798' title='bbox 3448 3340 3556 3397; x_wconf 87' lang='lat' dir='ltr'><strong>Deo</strong></span> <span class='ocrx_word' id='word_1_799' title='bbox 3581 3343 3802 3398; x_wconf 77' lang='lat' dir='ltr'><strong>invenies</strong></span> 
     </span>
    </p>
   </div>
   <div class='ocr_carea' id='block_1_95' title="bbox 2211 3428 3803 3504">
    <p class='ocr_par' dir='ltr' id='par_1_95' title="bbox 2211 3428 3803 3504">
     <span class='ocr_line' id='line_1_95' title="bbox 2211 3428 3803 3504; baseline 0.003 -19"><span class='ocrx_word' id='word_1_800' title='bbox 2211 3432 2429 3503; x_wconf 84' lang='lat' dir='ltr'><strong>gratiam</strong></span> <span class='ocrx_word' id='word_1_801' title='bbox 2455 3431 2475 3504; x_wconf 96' lang='lat'><strong>(</strong></span> <span class='ocrx_word' id='word_1_802' title='bbox 2501 3430 2665 3485; x_wconf 73' lang='lat' dir='ltr'><strong>Ereti.</strong></span> <span class='ocrx_word' id='word_1_803' title='bbox 2696 3446 2752 3486; x_wconf 86' lang='grc' dir='ltr'>ιιι</span> <span class='ocrx_word' id='word_1_804' title='bbox 2777 3474 2792 3496; x_wconf 85' lang='grc'><em>,</em></span> <span class='ocrx_word' id='word_1_805' title='bbox 2818 3428 2955 3502; x_wconf 85' lang='lat'><strong>20).</strong></span> <span class='ocrx_word' id='word_1_806' title='bbox 2980 3430 3086 3487; x_wconf 89' lang='lat' dir='ltr'><strong>Sed</strong></span> <span class='ocrx_word' id='word_1_807' title='bbox 3112 3446 3299 3487; x_wconf 88' lang='lat' dir='ltr'><strong>rursus</strong></span> <span class='ocrx_word' id='word_1_808' title='bbox 3319 3440 3444 3487; x_wconf 92' lang='lat' dir='ltr'><strong>sunt</strong></span> <span class='ocrx_word' id='word_1_809' title='bbox 3464 3432 3678 3502; x_wconf 88' lang='lat' dir='ltr'><strong>quidam</strong></span> <span class='ocrx_word' id='word_1_810' title='bbox 3706 3434 3803 3490; x_wconf 84' lang='lat' dir='ltr'><strong>ho-</strong></span> 
     </span>
    </p>
   </div>
   <div class='ocr_carea' id='block_1_96' title="bbox 2211 3522 3798 3594">
    <p class='ocr_par' dir='ltr' id='par_1_96' title="bbox 2211 3522 3798 3594">
     <span class='ocr_line' id='line_1_96' title="bbox 2211 3522 3798 3594; baseline 0 -15"><span class='ocrx_word' id='word_1_811' title='bbox 2211 3524 2384 3580; x_wconf 89' lang='lat' dir='ltr'><strong>mines</strong></span> <span class='ocrx_word' id='word_1_812' title='bbox 2409 3564 2424 3589; x_wconf 94' lang='lat'><strong>,</strong></span> <span class='ocrx_word' id='word_1_813' title='bbox 2456 3523 2546 3593; x_wconf 89' lang='lat' dir='ltr'><strong>qui</strong></span> <span class='ocrx_word' id='word_1_814' title='bbox 2572 3538 2693 3577; x_wconf 92' lang='lat' dir='ltr'><strong>cum</strong></span> <span class='ocrx_word' id='word_1_815' title='bbox 2723 3522 2990 3578; x_wconf 88' lang='lat' dir='ltr'><strong>audierint</strong></span> <span class='ocrx_word' id='word_1_816' title='bbox 3017 3524 3139 3592; x_wconf 89' lang='lat' dir='ltr'><strong>quia</strong></span> <span class='ocrx_word' id='word_1_817' title='bbox 3171 3522 3534 3578; x_wconf 88' lang='lat' dir='ltr'><strong>humilesesse</strong></span> <span class='ocrx_word' id='word_1_818' title='bbox 3561 3523 3798 3594; x_wconf 88' lang='lat' dir='ltr'><strong>debent,</strong></span> 
     </span>
    </p>
   </div>
   <div class='ocr_carea' id='block_1_97' title="bbox 2211 3613 3801 3684">
    <p class='ocr_par' dir='ltr' id='par_1_97' title="bbox 2211 3613 3801 3684">
     <span class='ocr_line' id='line_1_97' title="bbox 2211 3613 3801 3684; baseline 0.001 -15"><span class='ocrx_word' id='word_1_819' title='bbox 2211 3614 2484 3669; x_wconf 89' lang='lat' dir='ltr'><strong>dimittunt</strong></span> <span class='ocrx_word' id='word_1_820' title='bbox 2508 3628 2568 3669; x_wconf 90' lang='lat' dir='ltr'><strong>se</strong></span> <span class='ocrx_word' id='word_1_821' title='bbox 2592 3655 2607 3681; x_wconf 92' lang='lat'><strong>,</strong></span> <span class='ocrx_word' id='word_1_822' title='bbox 2651 3613 2785 3668; x_wconf 90' lang='lat' dir='ltr'><strong>nihil</strong></span> <span class='ocrx_word' id='word_1_823' title='bbox 2828 3614 3018 3668; x_wconf 86' lang='lat' dir='ltr'><strong>volunt</strong></span> <span class='ocrx_word' id='word_1_824' title='bbox 3049 3613 3257 3669; x_wconf 89' lang='lat' dir='ltr'><strong>discere</strong></span> <span class='ocrx_word' id='word_1_825' title='bbox 3280 3654 3296 3680; x_wconf 90' lang='lat'><strong>,</strong></span> <span class='ocrx_word' id='word_1_826' title='bbox 3327 3622 3573 3684; x_wconf 87' lang='lat' dir='ltr'><strong>putantes</strong></span> <span class='ocrx_word' id='word_1_827' title='bbox 3600 3615 3726 3684; x_wconf 88' lang='lat' dir='ltr'><strong>quia</strong></span> <span class='ocrx_word' id='word_1_828' title='bbox 3754 3616 3801 3672; x_wconf 90' lang='lat' dir='ltr'><strong>si</strong></span> 
     </span>
    </p>
   </div>
   <div class='ocr_carea' id='block_1_98' title="bbox 2208 3705 3801 3777">
    <p class='ocr_par' dir='ltr' id='par_1_98' title="bbox 2208 3705 3801 3777">
     <span class='ocr_line' id='line_1_98' title="bbox 2208 3705 3801 3777; baseline 0.001 -16"><span class='ocrx_word' id='word_1_829' title='bbox 2208 3706 2408 3777; x_wconf 90' lang='lat' dir='ltr'><strong>aliquid</strong></span> <span class='ocrx_word' id='word_1_830' title='bbox 2435 3705 2720 3761; x_wconf 91' lang='lat' dir='ltr'><strong>didicerint</strong></span> <span class='ocrx_word' id='word_1_831' title='bbox 2744 3706 2959 3776; x_wconf 91' lang='lat' dir='ltr'><strong>superbi</strong></span> <span class='ocrx_word' id='word_1_832' title='bbox 2988 3714 3178 3770; x_wconf 91' lang='lat' dir='ltr'><strong>erunt;</strong></span> <span class='ocrx_word' id='word_1_833' title='bbox 3210 3712 3265 3759; x_wconf 90' lang='lat' dir='ltr'><strong>et</strong></span> <span class='ocrx_word' id='word_1_834' title='bbox 3293 3712 3570 3760; x_wconf 89' lang='lat' dir='ltr'><strong>remanent</strong></span> <span class='ocrx_word' id='word_1_835' title='bbox 3594 3705 3651 3759; x_wconf 86' lang='lat' dir='ltr'><strong>in</strong></span> <span class='ocrx_word' id='word_1_836' title='bbox 3680 3707 3801 3762; x_wconf 93' lang='lat' dir='ltr'><strong>solo</strong></span> 
     </span>
    </p>
   </div>
   <div class='ocr_carea' id='block_1_99' title="bbox 2209 3796 3799 3869">
    <p class='ocr_par' dir='ltr' id='par_1_99' title="bbox 2209 3796 3799 3869">
     <span class='ocr_line' id='line_1_99' title="bbox 2209 3796 3799 3869; baseline 0.001 -17"><span class='ocrx_word' id='word_1_837' title='bbox 2209 3797 2345 3853; x_wconf 90' lang='lat' dir='ltr'><strong>lacte</strong></span> <span class='ocrx_word' id='word_1_838' title='bbox 2368 3800 2412 3851; x_wconf 81' lang='grc'><strong>³.</strong></span> <span class='ocrx_word' id='word_1_839' title='bbox 2442 3797 2589 3867; x_wconf 83' lang='lat' dir='ltr'><strong>Quos</strong></span> <span class='ocrx_word' id='word_1_840' title='bbox 2617 3797 2963 3867; x_wconf 86' lang='lat' dir='ltr'><strong>reprehendit</strong></span> <span class='ocrx_word' id='word_1_841' title='bbox 2989 3797 3261 3869; x_wconf 90' lang='lat' dir='ltr'><strong>Scriptura</strong></span> <span class='ocrx_word' id='word_1_842' title='bbox 3285 3838 3302 3865; x_wconf 94' lang='lat'><strong>,</strong></span> <span class='ocrx_word' id='word_1_843' title='bbox 3329 3797 3511 3853; x_wconf 88' lang='lat' dir='ltr'><strong>dicens</strong></span> <span class='ocrx_word' id='word_1_844' title='bbox 3535 3814 3549 3850; x_wconf 90' lang='lat'>:</span> <span class='ocrx_word' id='word_1_845' title='bbox 3579 3796 3650 3850; x_wconf 88' lang='lat' dir='ltr'><strong>Et</strong></span> <span class='ocrx_word' id='word_1_846' title='bbox 3674 3798 3799 3867; x_wconf 77' lang='lat' dir='ltr'><strong>facti</strong></span> 
     </span>
    </p>
   </div>
   <div class='ocr_carea' id='block_1_100' title="bbox 2207 3885 3796 3960">
    <p class='ocr_par' dir='ltr' id='par_1_100' title="bbox 2207 3885 3796 3960">
     <span class='ocr_line' id='line_1_100' title="bbox 2207 3885 3796 3960; baseline -0.001 -17"><span class='ocrx_word' id='word_1_847' title='bbox 2207 3890 2325 3944; x_wconf 86' lang='lat' dir='ltr'><strong>estis</strong></span> <span class='ocrx_word' id='word_1_848' title='bbox 2347 3905 2474 3960; x_wconf 80' lang='lat' dir='ltr'><strong>Opus</strong></span> <span class='ocrx_word' id='word_1_849' title='bbox 2512 3887 2747 3944; x_wconf 85' lang='lat' dir='ltr'><strong>habentes</strong></span> <span class='ocrx_word' id='word_1_850' title='bbox 2793 3888 2921 3942; x_wconf 81' lang='lat' dir='ltr'><strong>lacte</strong></span> <span class='ocrx_word' id='word_1_851' title='bbox 2940 3928 2955 3955; x_wconf 96' lang='lat'><strong>,</strong></span> <span class='ocrx_word' id='word_1_852' title='bbox 3004 3903 3107 3942; x_wconf 86' lang='lat' dir='ltr'><strong>non</strong></span> <span class='ocrx_word' id='word_1_853' title='bbox 3152 3887 3315 3941; x_wconf 85' lang='lat' dir='ltr'><strong>solido</strong></span> <span class='ocrx_word' id='word_1_854' title='bbox 3356 3887 3467 3942; x_wconf 85' lang='lat' dir='ltr'><strong>cibo</strong></span> <span class='ocrx_word' id='word_1_855' title='bbox 3499 3885 3708 3957; x_wconf 83' lang='lat' dir='ltr'><strong>(Hebr.</strong></span> <span class='ocrx_word' id='word_1_856' title='bbox 3740 3903 3796 3955; x_wconf 90' lang='lat' dir='ltr'><strong>v,</strong></span> 
     </span>
    </p>
   </div>
   <div class='ocr_carea' id='block_1_101' title="bbox 2208 3978 3799 4051">
    <p class='ocr_par' dir='ltr' id='par_1_101' title="bbox 2208 3978 3799 4051">
     <span class='ocr_line' id='line_1_101' title="bbox 2208 3978 3799 4051; baseline -0.001 -16"><span class='ocrx_word' id='word_1_857' title='bbox 2208 3979 2338 4051; x_wconf 74' lang='lat' dir='ltr'><strong>i2).</strong></span> <span class='ocrx_word' id='word_1_858' title='bbox 2368 3979 2457 4037; x_wconf 91' lang='lat' dir='ltr'><strong>Sic</strong></span> <span class='ocrx_word' id='word_1_859' title='bbox 2484 3980 2625 4035; x_wconf 93' lang='lat' dir='ltr'><strong>enim</strong></span> <span class='ocrx_word' id='word_1_860' title='bbox 2674 3993 2773 4034; x_wconf 88' lang='lat' dir='ltr'><strong>nos</strong></span> <span class='ocrx_word' id='word_1_861' title='bbox 2816 3980 2958 4034; x_wconf 91' lang='lat' dir='ltr'><strong>Deus</strong></span> <span class='ocrx_word' id='word_1_862' title='bbox 3001 3978 3114 4033; x_wconf 84' lang='lat' dir='ltr'><strong>vult</strong></span> <span class='ocrx_word' id='word_1_863' title='bbox 3152 3978 3344 4033; x_wconf 90' lang='lat' dir='ltr'><strong>nutriri</strong></span> <span class='ocrx_word' id='word_1_864' title='bbox 3390 3978 3527 4034; x_wconf 91' lang='lat' dir='ltr'><strong>lacte</strong></span> <span class='ocrx_word' id='word_1_865' title='bbox 3551 4019 3567 4045; x_wconf 90' lang='lat'><strong>,</strong></span> <span class='ocrx_word' id='word_1_866' title='bbox 3599 3990 3660 4033; x_wconf 89' lang='lat' dir='ltr'><strong>ut</strong></span> <span class='ocrx_word' id='word_1_867' title='bbox 3687 3994 3799 4034; x_wconf 87' lang='lat' dir='ltr'><strong>non</strong></span> 
     </span>
    </p>
   </div>
   <div class='ocr_carea' id='block_1_102' title="bbox 2205 4070 3799 4140">
    <p class='ocr_par' dir='ltr' id='par_1_102' title="bbox 2205 4070 3799 4140">
     <span class='ocr_line' id='line_1_102' title="bbox 2205 4070 3799 4140; baseline -0.003 -11"><span class='ocrx_word' id='word_1_868' title='bbox 2205 4072 2280 4129; x_wconf 89' lang='lat' dir='ltr'><strong>ibi</strong></span> <span class='ocrx_word' id='word_1_869' title='bbox 2307 4087 2714 4138; x_wconf 88' lang='lat' dir='ltr'><strong>remaneamus;</strong></span> <span class='ocrx_word' id='word_1_870' title='bbox 2745 4071 2838 4127; x_wconf 91' lang='lat' dir='ltr'><strong>sed</strong></span> <span class='ocrx_word' id='word_1_871' title='bbox 2866 4070 3157 4126; x_wconf 89' lang='lat' dir='ltr'><strong>crescendo</strong></span> <span class='ocrx_word' id='word_1_872' title='bbox 3188 4085 3284 4140; x_wconf 89' lang='lat' dir='ltr'><strong>per</strong></span> <span class='ocrx_word' id='word_1_873' title='bbox 3308 4070 3391 4125; x_wconf 92' lang='lat' dir='ltr'><strong>lac</strong></span> <span class='ocrx_word' id='word_1_874' title='bbox 3412 4111 3427 4135; x_wconf 95' lang='lat'><strong>,</strong></span> <span class='ocrx_word' id='word_1_875' title='bbox 3460 4070 3526 4124; x_wconf 89' lang='lat' dir='ltr'><strong>ad</strong></span> <span class='ocrx_word' id='word_1_876' title='bbox 3562 4070 3799 4125; x_wconf 88' lang='lat' dir='ltr'><strong>solidum</strong></span> 
     </span>
    </p>
   </div>
   <div class='ocr_carea' id='block_1_103' title="bbox 2207 4160 3799 4234">
    <p class='ocr_par' dir='ltr' id='par_1_103' title="bbox 2207 4160 3799 4234">
     <span class='ocr_line' id='line_1_103' title="bbox 2207 4160 3799 4234; baseline -0.003 -14"><span class='ocrx_word' id='word_1_877' title='bbox 2207 4164 2386 4221; x_wconf 88' lang='lat' dir='ltr'><strong>cibum</strong></span> <span class='ocrx_word' id='word_1_878' title='bbox 2414 4165 2802 4234; x_wconf 88' lang='lat' dir='ltr'><strong>perveniamus.</strong></span> <span class='ocrx_word' id='word_1_879' title='bbox 2837 4163 2978 4233; x_wconf 75' lang='lat' dir='ltr'><strong>Ergo</strong></span> <span class='ocrx_word' id='word_1_880' title='bbox 3013 4177 3119 4217; x_wconf 89' lang='lat' dir='ltr'><strong>non</strong></span> <span class='ocrx_word' id='word_1_881' title='bbox 3161 4162 3320 4217; x_wconf 89' lang='lat' dir='ltr'><strong>debet</strong></span> <span class='ocrx_word' id='word_1_882' title='bbox 3348 4160 3511 4216; x_wconf 92' lang='lat' dir='ltr'><strong>homo</strong></span> <span class='ocrx_word' id='word_1_883' title='bbox 3536 4160 3799 4216; x_wconf 78' lang='lat' dir='ltr'><strong>extollere</strong></span> 
     </span>
    </p>
   </div>
   <div class='ocr_carea' id='block_1_104' title="bbox 2206 4249 3799 4325">
    <p class='ocr_par' dir='ltr' id='par_1_104' title="bbox 2206 4249 3799 4325">
     <span class='ocr_line' id='line_1_104' title="bbox 2206 4249 3799 4325; baseline -0.005 -13"><span class='ocrx_word' id='word_1_884' title='bbox 2206 4271 2301 4313; x_wconf 93' lang='lat' dir='ltr'><strong>cor</strong></span> <span class='ocrx_word' id='word_1_885' title='bbox 2326 4271 2481 4311; x_wconf 90' lang='lat' dir='ltr'><strong>suum</strong></span> <span class='ocrx_word' id='word_1_886' title='bbox 2504 4256 2558 4310; x_wconf 92' lang='lat' dir='ltr'><strong>in</strong></span> <span class='ocrx_word' id='word_1_887' title='bbox 2586 4255 2890 4325; x_wconf 89' lang='lat' dir='ltr'><strong>superbiam</strong></span> <span class='ocrx_word' id='word_1_888' title='bbox 2912 4295 2928 4321; x_wconf 90' lang='lat'><strong>,</strong></span> <span class='ocrx_word' id='word_1_889' title='bbox 2956 4252 3052 4309; x_wconf 88' lang='lat' dir='ltr'><strong>sed</strong></span> <span class='ocrx_word' id='word_1_890' title='bbox 3093 4251 3250 4307; x_wconf 90' lang='lat' dir='ltr'><strong>debet</strong></span> <span class='ocrx_word' id='word_1_891' title='bbox 3283 4251 3461 4307; x_wconf 88' lang='lat' dir='ltr'><strong>levare</strong></span> <span class='ocrx_word' id='word_1_892' title='bbox 3499 4250 3555 4304; x_wconf 88' lang='lat' dir='ltr'><strong>in</strong></span> <span class='ocrx_word' id='word_1_893' title='bbox 3596 4249 3799 4305; x_wconf 83' lang='lat' dir='ltr'><strong>doctri-</strong></span> 
     </span>
    </p>
   </div>
   <div class='ocr_carea' id='block_1_105' title="bbox 2205 4342 3796 4408">
    <p class='ocr_par' dir='ltr' id='par_1_105' title="bbox 2205 4342 3796 4408">
     <span class='ocr_line' id='line_1_105' title="bbox 2205 4342 3796 4408; baseline -0.005 -6"><span class='ocrx_word' id='word_1_894' title='bbox 2205 4362 2329 4402; x_wconf 90' lang='lat' dir='ltr'><strong>nam</strong></span> <span class='ocrx_word' id='word_1_895' title='bbox 2359 4345 2506 4402; x_wconf 90' lang='lat' dir='ltr'><strong>verbi</strong></span> <span class='ocrx_word' id='word_1_896' title='bbox 2551 4346 2667 4401; x_wconf 89' lang='lat' dir='ltr'><strong>Dei.</strong></span> <span class='ocrx_word' id='word_1_897' title='bbox 2710 4344 2845 4399; x_wconf 89' lang='lat' dir='ltr'><strong>Nam</strong></span> <span class='ocrx_word' id='word_1_898' title='bbox 2891 4344 2937 4398; x_wconf 85' lang='lat' dir='ltr'><strong>si</strong></span> <span class='ocrx_word' id='word_1_899' title='bbox 2984 4342 3208 4398; x_wconf 89' lang='lat' dir='ltr'><strong>levanda</strong></span> <span class='ocrx_word' id='word_1_900' title='bbox 3251 4342 3427 4396; x_wconf 86' lang='lat' dir='ltr'><strong>anima</strong></span> <span class='ocrx_word' id='word_1_901' title='bbox 3468 4356 3576 4395; x_wconf 91' lang='lat' dir='ltr'><strong>non</strong></span> <span class='ocrx_word' id='word_1_902' title='bbox 3614 4347 3796 4408; x_wconf 89' lang='lat' dir='ltr'><strong>esset,</strong></span> 
     </span>
    </p>
   </div>
   <div class='ocr_carea' id='block_1_106' title="bbox 2202 4428 3795 4504">
    <p class='ocr_par' dir='ltr' id='par_1_106' title="bbox 2202 4428 3795 4504">
     <span class='ocr_line' id='line_1_106' title="bbox 2202 4428 3795 4504; baseline -0.006 -10"><span class='ocrx_word' id='word_1_903' title='bbox 2202 4453 2311 4493; x_wconf 86' lang='lat' dir='ltr'><strong>non</strong></span> <span class='ocrx_word' id='word_1_904' title='bbox 2342 4437 2609 4492; x_wconf 87' lang='lat' dir='ltr'><strong>diceretur</strong></span> <span class='ocrx_word' id='word_1_905' title='bbox 2634 4436 2689 4489; x_wconf 91' lang='lat' dir='ltr'><strong>in</strong></span> <span class='ocrx_word' id='word_1_906' title='bbox 2715 4435 2817 4489; x_wconf 90' lang='lat' dir='ltr'><strong>alia</strong></span> <span class='ocrx_word' id='word_1_907' title='bbox 2845 4448 2979 4488; x_wconf 90' lang='lat' dir='ltr'><strong>voce</strong></span> <span class='ocrx_word' id='word_1_908' title='bbox 3023 4432 3217 4504; x_wconf 87' lang='lat' dir='ltr'><strong>psalmi</strong></span> <span class='ocrx_word' id='word_1_909' title='bbox 3246 4448 3259 4485; x_wconf 94' lang='lat'><strong>:</strong></span> <span class='ocrx_word' id='word_1_910' title='bbox 3302 4431 3384 4484; x_wconf 82' lang='lat' dir='ltr'><strong>Ad</strong></span> <span class='ocrx_word' id='word_1_911' title='bbox 3417 4440 3465 4485; x_wconf 86' lang='lat' dir='ltr'><strong>te</strong></span> <span class='ocrx_word' id='word_1_912' title='bbox 3486 4471 3502 4497; x_wconf 91' lang='lat'><strong>,</strong></span> <span class='ocrx_word' id='word_1_913' title='bbox 3541 4428 3795 4497; x_wconf 82' lang='lat' dir='ltr'><strong>Domine,</strong></span> 
     </span>
    </p>
   </div>
   <div class='ocr_carea' id='block_1_107' title="bbox 2205 4519 3796 4595">
    <p class='ocr_par' dir='ltr' id='par_1_107' title="bbox 2205 4519 3796 4595">
     <span class='ocr_line' id='line_1_107' title="bbox 2205 4519 3796 4595; baseline -0.006 -11"><span class='ocrx_word' id='word_1_914' title='bbox 2205 4519 2363 4585; x_wconf 74' lang='lat' dir='ltr'><strong>tevabi</strong></span> <span class='ocrx_word' id='word_1_915' title='bbox 2385 4527 2609 4582; x_wconf 78' lang='lat' dir='ltr'><strong>animum</strong></span> <span class='ocrx_word' id='word_1_916' title='bbox 2636 4540 2800 4579; x_wconf 86' lang='lat' dir='ltr'><strong>meam</strong></span> <span class='ocrx_word' id='word_1_917' title='bbox 2826 4523 2847 4595; x_wconf 92' lang='lat'><strong>(</strong></span> <span class='ocrx_word' id='word_1_918' title='bbox 2876 4522 3024 4578; x_wconf 82' lang='lat' dir='ltr'><strong>Psat.</strong></span> <span class='ocrx_word' id='word_1_919' title='bbox 3050 4537 3197 4589; x_wconf 70' lang='lat' dir='ltr'><strong>xxxv,</strong></span> <span class='ocrx_word' id='word_1_920' title='bbox 3230 4522 3257 4577; x_wconf 87' lang='grc'><strong>1</strong></span> <span class='ocrx_word' id='word_1_921' title='bbox 3289 4523 3329 4592; x_wconf 94' lang='grc'>).</span> <span class='ocrx_word' id='word_1_922' title='bbox 3358 4521 3427 4577; x_wconf 87' lang='grc' dir='ltr'>Ει</span> <span class='ocrx_word' id='word_1_923' title='bbox 3459 4520 3563 4577; x_wconf 87' lang='lat' dir='ltr'><strong>nisi</strong></span> <span class='ocrx_word' id='word_1_924' title='bbox 3590 4535 3652 4576; x_wconf 89' lang='lat' dir='ltr'><strong>se</strong></span> <span class='ocrx_word' id='word_1_925' title='bbox 3682 4521 3796 4591; x_wconf 84' lang='lat' dir='ltr'><strong>ipsa</strong></span> 
     </span>
    </p>
   </div>
   <div class='ocr_carea' id='block_1_108' title="bbox 2203 4610 3798 4687">
    <p class='ocr_par' dir='ltr' id='par_1_108' title="bbox 2203 4610 3798 4687">
     <span class='ocr_line' id='line_1_108' title="bbox 2203 4610 3798 4687; baseline -0.004 -13"><span class='ocrx_word' id='word_1_926' title='bbox 2203 4620 2379 4675; x_wconf 80' lang='lat' dir='ltr'><strong>anima</strong></span> <span class='ocrx_word' id='word_1_927' title='bbox 2405 4633 2567 4687; x_wconf 89' lang='lat' dir='ltr'><strong>super</strong></span> <span class='ocrx_word' id='word_1_928' title='bbox 2593 4631 2652 4671; x_wconf 89' lang='lat' dir='ltr'><strong>se</strong></span> <span class='ocrx_word' id='word_1_929' title='bbox 2681 4614 2917 4671; x_wconf 78' lang='lat' dir='ltr'><strong>etfuudat</strong></span> <span class='ocrx_word' id='word_1_930' title='bbox 2935 4654 2952 4680; x_wconf 93' lang='lat'><strong>,</strong></span> <span class='ocrx_word' id='word_1_931' title='bbox 2983 4628 3089 4669; x_wconf 87' lang='lat' dir='ltr'><strong>non</strong></span> <span class='ocrx_word' id='word_1_932' title='bbox 3134 4612 3375 4683; x_wconf 86' lang='lat' dir='ltr'><strong>pervenit</strong></span> <span class='ocrx_word' id='word_1_933' title='bbox 3413 4610 3483 4667; x_wconf 90' lang='lat' dir='ltr'><strong>ad</strong></span> <span class='ocrx_word' id='word_1_934' title='bbox 3532 4611 3798 4667; x_wconf 89' lang='lat' dir='ltr'><strong>visionem</strong></span> 
     </span>
    </p>
   </div>
   <div class='ocr_carea' id='block_1_109' title="bbox 2203 4703 3799 4778">
    <p class='ocr_par' dir='ltr' id='par_1_109' title="bbox 2203 4703 3799 4778">
     <span class='ocr_line' id='line_1_109' title="bbox 2203 4703 3799 4778; baseline -0.006 -12"><span class='ocrx_word' id='word_1_935' title='bbox 2203 4710 2301 4767; x_wconf 87' lang='lat' dir='ltr'><strong>Dei</strong></span> <span class='ocrx_word' id='word_1_936' title='bbox 2325 4751 2338 4777; x_wconf 91' lang='lat'><strong>,</strong></span> <span class='ocrx_word' id='word_1_937' title='bbox 2368 4718 2423 4765; x_wconf 93' lang='lat' dir='ltr'><strong>et</strong></span> <span class='ocrx_word' id='word_1_938' title='bbox 2450 4709 2517 4763; x_wconf 92' lang='lat' dir='ltr'><strong>ad</strong></span> <span class='ocrx_word' id='word_1_939' title='bbox 2544 4708 2903 4778; x_wconf 77' lang='lat' dir='ltr'><strong>cognitionem</strong></span> <span class='ocrx_word' id='word_1_940' title='bbox 2937 4705 3248 4761; x_wconf 81' lang='lat' dir='ltr'><strong>substantiae</strong></span> <span class='ocrx_word' id='word_1_941' title='bbox 3274 4704 3414 4759; x_wconf 89' lang='lat' dir='ltr'><strong>illius</strong></span> <span class='ocrx_word' id='word_1_942' title='bbox 3443 4703 3799 4758; x_wconf 82' lang='lat' dir='ltr'><strong>incommuta-</strong></span> 
     </span>
    </p>
   </div>
   <div class='ocr_carea' id='block_1_110' title="bbox 2202 4790 3795 4859">
    <p class='ocr_par' dir='ltr' id='par_1_110' title="bbox 2202 4790 3795 4859">
     <span class='ocr_line' id='line_1_110' title="bbox 2202 4790 3795 4859; baseline -0.006 -3"><span class='ocrx_word' id='word_1_943' title='bbox 2202 4801 2345 4857; x_wconf 89' lang='lat' dir='ltr'><strong>bilis.</strong></span> <span class='ocrx_word' id='word_1_944' title='bbox 2376 4798 2512 4854; x_wconf 84' lang='lat' dir='ltr'><strong>Nam</strong></span> <span class='ocrx_word' id='word_1_945' title='bbox 2540 4790 2703 4852; x_wconf 86' lang='lat' dir='ltr'><strong>modo</strong></span> <span class='ocrx_word' id='word_1_946' title='bbox 2728 4811 2850 4851; x_wconf 90' lang='lat' dir='ltr'><strong>cum</strong></span> <span class='ocrx_word' id='word_1_947' title='bbox 2876 4794 3051 4850; x_wconf 89' lang='lat' dir='ltr'><strong>adhuc</strong></span> <span class='ocrx_word' id='word_1_948' title='bbox 3079 4794 3132 4849; x_wconf 88' lang='lat' dir='ltr'><strong>iu</strong></span> <span class='ocrx_word' id='word_1_949' title='bbox 3153 4808 3315 4849; x_wconf 90' lang='lat' dir='ltr'><strong>carne</strong></span> <span class='ocrx_word' id='word_1_950' title='bbox 3343 4801 3426 4849; x_wconf 84' lang='lat' dir='ltr'><strong>est</strong></span> <span class='ocrx_word' id='word_1_951' title='bbox 3444 4834 3459 4859; x_wconf 94' lang='lat'><strong>,</strong></span> <span class='ocrx_word' id='word_1_952' title='bbox 3485 4792 3683 4849; x_wconf 89' lang='lat' dir='ltr'><strong>dicitur</strong></span> <span class='ocrx_word' id='word_1_953' title='bbox 3706 4793 3758 4847; x_wconf 89' lang='lat' dir='ltr'><strong>ei</strong></span> <span class='ocrx_word' id='word_1_954' title='bbox 3780 4808 3795 4846; x_wconf 93' lang='lat'>:</span> 
     </span>
    </p>
   </div>
   <div class='ocr_carea' id='block_1_111' title="bbox 2207 4882 3798 4953">
    <p class='ocr_par' dir='ltr' id='par_1_111' title="bbox 2207 4882 3798 4953">
     <span class='ocr_line' id='line_1_111' title="bbox 2207 4882 3798 4953; baseline -0.004 -7"><span class='ocrx_word' id='word_1_955' title='bbox 2207 4889 2305 4946; x_wconf 85' lang='lat' dir='ltr'><strong>Ubi</strong></span> <span class='ocrx_word' id='word_1_956' title='bbox 2329 4896 2402 4943; x_wconf 82' lang='lat' dir='ltr'><strong>est</strong></span> <span class='ocrx_word' id='word_1_957' title='bbox 2427 4887 2566 4943; x_wconf 86' lang='lat' dir='ltr'><strong>Deus</strong></span> <span class='ocrx_word' id='word_1_958' title='bbox 2594 4896 2707 4941; x_wconf 88' lang='lat' dir='ltr'><strong>tuus</strong></span> <span class='ocrx_word' id='word_1_959' title='bbox 2726 4887 2752 4940; x_wconf 70' lang='lat'><strong>.9</strong></span> <span class='ocrx_word' id='word_1_960' title='bbox 2786 4885 2893 4942; x_wconf 89' lang='lat' dir='ltr'><strong>Sed</strong></span> <span class='ocrx_word' id='word_1_961' title='bbox 2922 4886 3064 4940; x_wconf 90' lang='lat' dir='ltr'><strong>intus</strong></span> <span class='ocrx_word' id='word_1_962' title='bbox 3087 4893 3170 4940; x_wconf 89' lang='lat' dir='ltr'><strong>est</strong></span> <span class='ocrx_word' id='word_1_963' title='bbox 3198 4884 3337 4939; x_wconf 91' lang='lat' dir='ltr'><strong>Deus</strong></span> <span class='ocrx_word' id='word_1_964' title='bbox 3362 4883 3478 4953; x_wconf 86' lang='lat' dir='ltr'><strong>ejus</strong></span> <span class='ocrx_word' id='word_1_965' title='bbox 3501 4924 3518 4950; x_wconf 90' lang='lat'><strong>,</strong></span> <span class='ocrx_word' id='word_1_966' title='bbox 3549 4892 3602 4937; x_wconf 91' lang='lat' dir='ltr'><strong>et</strong></span> <span class='ocrx_word' id='word_1_967' title='bbox 3629 4882 3798 4953; x_wconf 84' lang='lat' dir='ltr'><strong>spiri-</strong></span> 
     </span>
    </p>
   </div>
   <div class='ocr_carea' id='block_1_112' title="bbox 2202 4975 3799 5049">
    <p class='ocr_par' dir='ltr' id='par_1_112' title="bbox 2202 4975 3799 5049">
     <span class='ocr_line' id='line_1_112' title="bbox 2202 4975 3799 5049; baseline -0.006 -11"><span class='ocrx_word' id='word_1_968' title='bbox 2202 4982 2417 5038; x_wconf 87' lang='lat' dir='ltr'><strong>tualiter</strong></span> <span class='ocrx_word' id='word_1_969' title='bbox 2443 4982 2586 5035; x_wconf 89' lang='lat' dir='ltr'><strong>intus</strong></span> <span class='ocrx_word' id='word_1_970' title='bbox 2613 4990 2696 5036; x_wconf 86' lang='lat' dir='ltr'><strong>est</strong></span> <span class='ocrx_word' id='word_1_971' title='bbox 2716 5020 2731 5046; x_wconf 90' lang='lat'><strong>,</strong></span> <span class='ocrx_word' id='word_1_972' title='bbox 2762 4987 2817 5034; x_wconf 90' lang='lat' dir='ltr'><strong>et</strong></span> <span class='ocrx_word' id='word_1_973' title='bbox 2859 4976 3209 5049; x_wconf 86' lang='lat' dir='ltr'><strong>spiritualiter</strong></span> <span class='ocrx_word' id='word_1_974' title='bbox 3251 4975 3494 5031; x_wconf 81' lang='lat' dir='ltr'><strong>excelsus</strong></span> <span class='ocrx_word' id='word_1_975' title='bbox 3525 4983 3654 5040; x_wconf 88' lang='lat' dir='ltr'><strong>est;</strong></span> <span class='ocrx_word' id='word_1_976' title='bbox 3688 4988 3799 5029; x_wconf 88' lang='lat' dir='ltr'><strong>non</strong></span> 
     </span>
    </p>
   </div>
   <div class='ocr_carea' id='block_1_113' title="bbox 2200 5056 3799 5146">
    <p class='ocr_par' dir='ltr' id='par_1_113' title="bbox 2200 5056 3799 5146">
     <span class='ocr_line' id='line_1_113' title="bbox 2200 5056 3799 5146; baseline -0.008 -15"><span class='ocrx_word' id='word_1_977' title='bbox 2200 5075 2354 5146; x_wconf 90' lang='lat' dir='ltr'><strong>quasi</strong></span> <span class='ocrx_word' id='word_1_978' title='bbox 2391 5072 2688 5130; x_wconf 89' lang='lat' dir='ltr'><strong>intervallis</strong></span> <span class='ocrx_word' id='word_1_979' title='bbox 2728 5071 2968 5126; x_wconf 88' lang='lat' dir='ltr'><strong>locorum</strong></span> <span class='ocrx_word' id='word_1_980' title='bbox 2992 5056 3013 5135; x_wconf 75' lang='grc'><em>,’</em></span> <span class='ocrx_word' id='word_1_981' title='bbox 3056 5066 3325 5139; x_wconf 85' lang='lat' dir='ltr'><strong>quomodo</strong></span> <span class='ocrx_word' id='word_1_982' title='bbox 3372 5082 3469 5138; x_wconf 87' lang='lat' dir='ltr'><strong>per</strong></span> <span class='ocrx_word' id='word_1_983' title='bbox 3512 5064 3799 5121; x_wconf 84' lang='lat' dir='ltr'><strong>intervalla</strong></span> 
     </span>
    </p>
   </div>
   <div class='ocr_carea' id='block_1_114' title="bbox 2203 5154 3797 5226">
    <p class='ocr_par' dir='ltr' id='par_1_114' title="bbox 2203 5154 3797 5226">
     <span class='ocr_line' id='line_1_114' title="bbox 2203 5154 3797 5226; baseline -0.007 -5"><span class='ocrx_word' id='word_1_984' title='bbox 2203 5165 2321 5222; x_wconf 88' lang='lat' dir='ltr'><strong>loca</strong></span> <span class='ocrx_word' id='word_1_985' title='bbox 2348 5165 2539 5220; x_wconf 90' lang='lat' dir='ltr'><strong>altiora</strong></span> <span class='ocrx_word' id='word_1_986' title='bbox 2562 5171 2707 5220; x_wconf 89' lang='lat' dir='ltr'><strong>sunt.</strong></span> <span class='ocrx_word' id='word_1_987' title='bbox 2733 5161 2867 5217; x_wconf 85' lang='lat' dir='ltr'><strong>Nam</strong></span> <span class='ocrx_word' id='word_1_988' title='bbox 2892 5161 2938 5216; x_wconf 91' lang='lat' dir='ltr'><strong>si</strong></span> <span class='ocrx_word' id='word_1_989' title='bbox 2960 5159 3080 5215; x_wconf 88' lang='lat' dir='ltr'><strong>talis</strong></span> <span class='ocrx_word' id='word_1_990' title='bbox 3104 5158 3332 5214; x_wconf 89' lang='lat' dir='ltr'><strong>altitudo</strong></span> <span class='ocrx_word' id='word_1_991' title='bbox 3357 5154 3645 5226; x_wconf 63' lang='lat' dir='ltr'><strong>quaerenda</strong></span> <span class='ocrx_word' id='word_1_992' title='bbox 3673 5163 3759 5211; x_wconf 91' lang='lat' dir='ltr'><strong>cst</strong></span> <span class='ocrx_word' id='word_1_993' title='bbox 3776 5194 3797 5224; x_wconf 84' lang='lat'><strong>,</strong></span> 
     </span>
    </p>
   </div>
   <div class='ocr_carea' id='block_1_115' title="bbox 2200 5248 3796 5323">
    <p class='ocr_par' dir='ltr' id='par_1_115' title="bbox 2200 5248 3796 5323">
     <span class='ocr_line' id='line_1_115' title="bbox 2200 5248 3796 5323; baseline -0.008 -8"><span class='ocrx_word' id='word_1_994' title='bbox 2200 5260 2421 5315; x_wconf 85' lang='lat' dir='ltr'><strong>vincunt</strong></span> <span class='ocrx_word' id='word_1_995' title='bbox 2444 5272 2546 5313; x_wconf 90' lang='lat' dir='ltr'><strong>nos</strong></span> <span class='ocrx_word' id='word_1_996' title='bbox 2570 5271 2697 5312; x_wconf 88' lang='lat' dir='ltr'><strong>aves</strong></span> <span class='ocrx_word' id='word_1_997' title='bbox 2714 5254 2783 5310; x_wconf 91' lang='lat' dir='ltr'><strong>ad</strong></span> <span class='ocrx_word' id='word_1_998' title='bbox 2804 5255 2990 5311; x_wconf 92' lang='lat' dir='ltr'><strong>Deum.</strong></span> <span class='ocrx_word' id='word_1_999' title='bbox 3014 5253 3155 5323; x_wconf 78' lang='lat' dir='ltr'><strong>Ergo</strong></span> <span class='ocrx_word' id='word_1_1000' title='bbox 3177 5253 3320 5307; x_wconf 88' lang='lat' dir='ltr'><strong>intus</strong></span> <span class='ocrx_word' id='word_1_1001' title='bbox 3340 5248 3482 5306; x_wconf 86' lang='lat' dir='ltr'><strong>Deus</strong></span> <span class='ocrx_word' id='word_1_1002' title='bbox 3506 5249 3650 5304; x_wconf 87' lang='lat' dir='ltr'><strong>altus</strong></span> <span class='ocrx_word' id='word_1_1003' title='bbox 3675 5256 3762 5303; x_wconf 87' lang='lat' dir='ltr'><strong>est</strong></span> <span class='ocrx_word' id='word_1_1004' title='bbox 3777 5289 3796 5316; x_wconf 95' lang='lat'><strong>,</strong></span> 
     </span>
    </p>
   </div>
   <div class='ocr_carea' id='block_1_116' title="bbox 2201 5342 3801 5423">
    <p class='ocr_par' dir='ltr' id='par_1_116' title="bbox 2201 5342 3801 5423">
     <span class='ocr_line' id='line_1_116' title="bbox 2201 5342 3801 5423; baseline -0.009 -14"><span class='ocrx_word' id='word_1_1005' title='bbox 2201 5362 2257 5409; x_wconf 90' lang='lat' dir='ltr'><strong>et</strong></span> <span class='ocrx_word' id='word_1_1006' title='bbox 2280 5350 2626 5423; x_wconf 87' lang='lat' dir='ltr'><strong>spiritualiter</strong></span> <span class='ocrx_word' id='word_1_1007' title='bbox 2652 5345 2791 5403; x_wconf 83' lang='lat' dir='ltr'><strong>altus</strong></span> <span class='ocrx_word' id='word_1_1008' title='bbox 2813 5365 2828 5413; x_wconf 92' lang='lat'><strong>;</strong></span> <span class='ocrx_word' id='word_1_1009' title='bbox 2861 5360 2963 5403; x_wconf 91' lang='lat' dir='ltr'><strong>nec</strong></span> <span class='ocrx_word' id='word_1_1010' title='bbox 2980 5346 3227 5416; x_wconf 82' lang='lat' dir='ltr'><strong>pervenit</strong></span> <span class='ocrx_word' id='word_1_1011' title='bbox 3245 5344 3421 5399; x_wconf 84' lang='lat' dir='ltr'><strong>anima</strong></span> <span class='ocrx_word' id='word_1_1012' title='bbox 3442 5350 3502 5399; x_wconf 89' lang='lat' dir='ltr'><strong>ut</strong></span> <span class='ocrx_word' id='word_1_1013' title='bbox 3520 5342 3801 5410; x_wconf 79' lang='lat' dir='ltr'><strong>contingat</strong></span> 
     </span>
    </p>
   </div>
   <div class='ocr_carea' id='block_1_117' title="bbox 2201 5433 3800 5512">
    <p class='ocr_par' dir='ltr' id='par_1_117' title="bbox 2201 5433 3800 5512">
     <span class='ocr_line' id='line_1_117' title="bbox 2201 5433 3800 5512; baseline -0.009 -10"><span class='ocrx_word' id='word_1_1014' title='bbox 2201 5460 2325 5503; x_wconf 89' lang='lat' dir='ltr'><strong>eum</strong></span> <span class='ocrx_word' id='word_1_1015' title='bbox 2348 5485 2365 5512; x_wconf 94' lang='lat'><strong>,</strong></span> <span class='ocrx_word' id='word_1_1016' title='bbox 2395 5444 2496 5499; x_wconf 91' lang='lat' dir='ltr'><strong>nisi</strong></span> <span class='ocrx_word' id='word_1_1017' title='bbox 2527 5440 2801 5497; x_wconf 88' lang='lat' dir='ltr'><strong>transierit</strong></span> <span class='ocrx_word' id='word_1_1018' title='bbox 2822 5454 2900 5496; x_wconf 89' lang='lat' dir='ltr'><strong>se.</strong></span> <span class='ocrx_word' id='word_1_1019' title='bbox 2925 5437 3058 5493; x_wconf 85' lang='lat' dir='ltr'><strong>Nam</strong></span> <span class='ocrx_word' id='word_1_1020' title='bbox 3085 5434 3339 5509; x_wconf 89' lang='lat' dir='ltr'><strong>quidquid</strong></span> <span class='ocrx_word' id='word_1_1021' title='bbox 3365 5435 3434 5490; x_wconf 90' lang='lat' dir='ltr'><strong>de</strong></span> <span class='ocrx_word' id='word_1_1022' title='bbox 3472 5433 3588 5490; x_wconf 90' lang='lat' dir='ltr'><strong>Deo</strong></span> <span class='ocrx_word' id='word_1_1023' title='bbox 3627 5433 3800 5488; x_wconf 86' lang='lat' dir='ltr'><strong>sentis</strong></span> 
     </span>
    </p>
   </div>
   <div class='ocr_carea' id='block_1_118' title="bbox 2199 5524 3798 5605">
    <p class='ocr_par' dir='ltr' id='par_1_118' title="bbox 2199 5524 3798 5605">
     <span class='ocr_line' id='line_1_118' title="bbox 2199 5524 3798 5605; baseline -0.009 -11"><span class='ocrx_word' id='word_1_1024' title='bbox 2199 5535 2492 5594; x_wconf 84' lang='lat' dir='ltr'><strong>secundum</strong></span> <span class='ocrx_word' id='word_1_1025' title='bbox 2519 5547 2715 5605; x_wconf 90' lang='lat' dir='ltr'><strong>corpus</strong></span> <span class='ocrx_word' id='word_1_1026' title='bbox 2738 5573 2755 5602; x_wconf 93' lang='lat'><strong>,</strong></span> <span class='ocrx_word' id='word_1_1027' title='bbox 2783 5532 3010 5588; x_wconf 88' lang='lat' dir='ltr'><strong>multum</strong></span> <span class='ocrx_word' id='word_1_1028' title='bbox 3034 5544 3205 5589; x_wconf 85' lang='lat' dir='ltr'><strong>erras.</strong></span> <span class='ocrx_word' id='word_1_1029' title='bbox 3237 5527 3463 5586; x_wconf 77' lang='lat' dir='ltr'><strong>Multum</strong></span> <span class='ocrx_word' id='word_1_1030' title='bbox 3486 5524 3667 5582; x_wconf 85' lang='lat' dir='ltr'><strong>infans</strong></span> <span class='ocrx_word' id='word_1_1031' title='bbox 3687 5538 3754 5582; x_wconf 87' lang='lat' dir='ltr'><strong>es</strong></span> <span class='ocrx_word' id='word_1_1032' title='bbox 3777 5562 3798 5593; x_wconf 88' lang='lat'><strong>,</strong></span> 
     </span>
    </p>
   </div>
   <div class='ocr_carea' id='block_1_119' title="bbox 2266 5705 3799 5822">
    <p class='ocr_par' dir='ltr' id='par_1_119' title="bbox 2266 5705 3799 5822">
     <span class='ocr_line' id='line_1_119' title="bbox 2266 5705 3799 5822; baseline -0.003 -60"><span class='ocrx_word' id='word_1_1033' title='bbox 2266 5717 2799 5822; x_wconf 39' lang='lat' dir='ltr'><strong>:amﬁwproggbﬁsq</strong></span> <span class='ocrx_word' id='word_1_1034' title='bbox 2821 5722 2998 5773; x_wconf 79' lang='lat' dir='ltr'><strong>partem</strong></span> <span class='ocrx_word' id='word_1_1035' title='bbox 3018 5708 3130 5775; x_wconf 77' lang='lat' dir='ltr'><strong>fecit</strong></span> <span class='ocrx_word' id='word_1_1036' title='bbox 3164 5708 3299 5765; x_wconf 75' lang='lat' dir='ltr'><strong>nobis</strong></span> <span class='ocrx_word' id='word_1_1037' title='bbox 3320 5706 3418 5772; x_wconf 68' lang='lat' dir='ltr'><strong>lae,</strong></span> <span class='ocrx_word' id='word_1_1038' title='bbox 3440 5705 3730 5761; x_wconf 67' lang='lat' dir='ltr'><strong>meantem</strong></span> <span class='ocrx_word' id='word_1_1039' title='bbox 3747 5707 3799 5758; x_wconf 68' lang='grc' dir='ltr'><em>α</em></span> 
     </span>
    </p>
   </div>
   <div class='ocr_carea' id='block_1_120' title="bbox 2200 5772 2979 5907">
    <p class='ocr_par' dir='ltr' id='par_1_120' title="bbox 2200 5772 2979 5907">
     <span class='ocr_line' id='line_1_120' title="bbox 2200 5772 2829 5877; baseline -0.005 -52"><span class='ocrx_word' id='word_1_1040' title='bbox 2200 5789 2439 5877; x_wconf 61' lang='lat' dir='ltr'><strong>apparens</strong></span> <span class='ocrx_word' id='word_1_1041' title='bbox 2459 5772 2753 5845; x_wconf 66' lang='lat' dir='ltr'><strong>mortalibus.</strong></span> <span class='ocrx_word' id='word_1_1042' title='bbox 2823 5772 2829 5773; x_wconf 58' lang='grc'><strong><em>⁷</em></strong></span> 
     </span>
     <span class='ocr_line' id='line_1_121' title="bbox 2307 5833 2979 5907; baseline -0.003 -17"><span class='ocrx_word' id='word_1_1043' title='bbox 2307 5837 2495 5907; x_wconf 67' lang='lat' dir='ltr'><strong>Aliquot</strong></span> <span class='ocrx_word' id='word_1_1044' title='bbox 2515 5843 2643 5901; x_wconf 73' lang='lat' dir='ltr'><strong>Mss,</strong></span> <span class='ocrx_word' id='word_1_1045' title='bbox 2666 5848 2717 5893; x_wconf 78' lang='lat' dir='ltr'><strong>ut</strong></span> <span class='ocrx_word' id='word_1_1046' title='bbox 2730 5847 2818 5891; x_wconf 83' lang='lat' dir='ltr'><strong>suo</strong></span> <span class='ocrx_word' id='word_1_1047' title='bbox 2839 5833 2979 5890; x_wconf 77' lang='lat' dir='ltr'><strong>tacte.</strong></span> 
     </span>
    </p>
   </div>
  </div>
