4074 6466
267 336 404 402 1713

265 464 310 522 si
333 443 499 518 sentis
521 439 596 514 de
615 441 730 514 Deo
751 454 912 513 etiam
931 453 1224 512 secundum
1248 455 1479 513 animam
1503 457 1793 518 humanam
1815 498 1834 526 ,

265 551 399 624 quod
426 551 566 606 Deus
587 556 680 605 aut
698 548 1040 605 obliviscatur
1062 590 1079 619 ,
1104 556 1196 605 aut
1220 549 1296 606 ita
1321 551 1490 620 sapiat
1509 559 1571 607 ut
1588 549 1835 620 desipiat,

265 651 349 700 aut
371 640 530 697 faciat
552 640 752 712 aliquid
779 649 834 697 et
853 642 1108 712 poeniteat
1134 657 1258 698 eum
1287 661 1301 698 :
1328 643 1507 728 omnia
1548 641 1692 698 enim
1733 642 1837 698 ista

263 735 422 809 posita
453 744 577 790 sunt
600 733 654 789 in
683 733 972 804 Scripturis
995 777 1010 804 ,
1041 742 1104 792 ut
1136 736 1290 792 nobis
1325 735 1642 792 lactentibus
1683 750 1836 791 com-

263 825 595 884 mendaretur
622 826 762 882 Deus
786 842 802 892 ;
831 842 938 883 non
965 835 1024 883 ut
1051 829 1265 898 proprie
1293 828 1362 884 de
1404 827 1497 884 illo
1535 828 1613 884 sic
1653 827 1836 883 audia-

261 933 372 976 mus
399 918 496 972 ista
521 957 537 984 ,
567 925 621 973 et
663 917 1016 990 intelligamus
1057 919 1208 990 quasi
1249 920 1504 992 poeniteat
1542 920 1712 976 Deum
1738 959 1755 985 ,
1782 925 1837 973 et

261 1010 411 1067 modo
436 1009 608 1064 discat
633 1009 832 1081 aliquid
865 1011 1007 1083 quod
1037 1026 1144 1068 non
1183 1021 1438 1080 noverat,
1483 1021 1539 1068 et
1578 1012 1836 1083 intelligat

260 1100 390 1172 quod
419 1115 522 1155 non
551 1100 920 1172 intelligebat,
951 1109 1007 1158 et
1043 1104 1414 1161 reminiscatur
1455 1105 1595 1175 quod
1637 1104 1836 1162 oblitus

261 1203 385 1250 erat.
427 1191 576 1247 Talia
616 1193 761 1248 enim
807 1195 1000 1250 anima:
1043 1205 1206 1264 sunt,
1251 1211 1360 1252 non
1407 1197 1524 1253 Dei.
1568 1196 1681 1254 Nisi
1706 1211 1834 1268 ergo

261 1283 514 1339 transierit
542 1291 598 1340 et
636 1285 854 1340 modum
887 1287 1080 1342 anima:
1119 1303 1267 1354 sure,
1314 1303 1422 1344 non
1463 1288 1666 1344 videbit
1712 1289 1834 1359 quia

261 1376 390 1430 Deus
436 1381 518 1429 est
565 1376 709 1446 quod
759 1385 878 1443 est;
919 1379 1010 1448 qui
1053 1378 1219 1446 dixit,
1276 1378 1388 1452 Ego
1427 1397 1540 1434 sum
1585 1381 1673 1451 qui
1721 1395 1835 1434 sum

262 1465 461 1536 (Exod.
493 1483 592 1534 ιιι,
621 1469 751 1538 14).
794 1470 976 1540 Itaque
1022 1472 1112 1527 ille
1153 1473 1238 1528 cui
1279 1473 1591 1541 dicebatur,
1636 1473 1734 1530 Ubi
1761 1483 1835 1528 est

257 1556 383 1611 Deus
416 1567 525 1612 tuus
545 1599 560 1622 ,
593 1559 720 1629 quid
747 1560 920 1616 dixit?
947 1561 1124 1618 Facta:
1144 1572 1262 1618 sunt
1283 1565 1409 1619 mihi
1438 1565 1674 1636 lacrymaz
1711 1581 1835 1620 mea:

259 1651 393 1717 panis
412 1649 495 1704 die
518 1665 578 1702 ac
603 1660 776 1718 nocte,
812 1654 933 1708 dum
961 1655 1146 1710 dicitur
1171 1657 1295 1710 mihi
1323 1657 1544 1724 quotidie
1567 1697 1582 1721 ,
1630 1656 1727 1711 Ubi
1758 1665 1834 1712 est

255 1739 386 1797 Deus
427 1745 577 1799 tuus?
623 1743 693 1800 Ut
733 1754 912 1802 autem
953 1748 1218 1804 inveniret
1253 1749 1418 1803 Deum
1464 1763 1660 1815 suum,
1706 1748 1832 1818 quid

255 1835 393 1905 egit?
419 1834 547 1891 Ηιεε
572 1838 842 1893 meditatus
867 1856 979 1894 sum
1001 1881 1017 1910 ,
1046 1835 1218 1910 inquit
1239 1882 1255 1910 ,
1293 1849 1340 1894 et
1375 1839 1533 1907 eﬂudi
1578 1857 1727 1912 super
1755 1856 1834 1896 me

255 1928 466 1982 animam
492 1946 656 1985 meam
681 1931 866 2002 (Psal.
891 1948 980 1988 xu
1005 1974 1020 2000 ,
1043 1935 1078 1988 4
1101 1973 1116 2000 ,
1142 1932 1236 2004 5).
1260 1933 1332 1990 Ut
1356 1934 1618 1990 inveniret
1638 1934 1826 2001 Deum,

256 2016 430 2074 effudit
455 2033 618 2091 super
643 2037 702 2078 se
726 2023 957 2078 animam
986 2039 1158 2080 suam.
1180 2024 1298 2080 Non
1325 2040 1452 2096 ergo
1480 2025 1557 2082 sic
1584 2025 1676 2081 tibi
1700 2025 1832 2082 dici-

258 2117 335 2164 tur
353 2151 370 2178 ,
397 2109 627 2167 Humilis
653 2122 769 2170 esto
787 2154 804 2180 ,
833 2123 894 2170 ut
921 2130 1026 2170 non
1052 2117 1247 2186 sapias.
1274 2116 1500 2172 Humilis
1530 2125 1647 2173 esto
1671 2158 1688 2185 ,
1716 2131 1832 2186 pro-

255 2207 366 2269 pter
387 2201 690 2270 superbiam
716 2221 730 2270 ;
754 2205 891 2260 altus
913 2213 1029 2261 esto
1052 2246 1067 2271 ,
1093 2216 1309 2276 propter
1333 2208 1666 2276 sapientiam.
1690 2206 1831 2262 Audi

253 2291 542 2350 evidentem
567 2299 885 2354 sententiam
911 2298 978 2355 de
1002 2299 1103 2354 hac
1139 2315 1199 2356 re
1242 2319 1256 2358 :
1307 2299 1481 2356 Nolite
1521 2303 1664 2372 pueri
1705 2301 1830 2372 εθῑεὶ

251 2389 525 2454 mentibus;
543 2392 634 2446 sed
652 2395 845 2448 malitia
872 2395 1090 2465 infantes
1116 2404 1270 2451 estote
1291 2439 1308 2464 ,
1335 2406 1390 2451 ut
1423 2395 1670 2452 mentibus
1709 2412 1828 2466 per—

249 2475 360 2545 fecti
384 2480 497 2534 sitis
523 2482 541 2552 (
569 2481 589 2536 l
615 2482 730 2538 Cor.
755 2501 863 2552 xiv,
888 2485 958 2540 20
986 2486 1026 2557 ).
1050 2486 1209 2543 Certe
1237 2487 1554 2557 explicatum
1580 2494 1702 2553 est,
1730 2485 1830 2542 fra-

250 2573 354 2623 tres
375 2571 480 2626 mei
502 2614 518 2639 ,
543 2573 634 2628 ubi
654 2590 752 2632 nos
772 2577 912 2632 Deus
927 2579 1095 2633 voluit
1110 2594 1229 2635 esse
1253 2579 1483 2637 humiles
1498 2623 1515 2648 ,
1540 2581 1628 2637 ubi
1653 2580 1824 2636 altos:

245 2654 475 2715 humiles
498 2703 513 2728 ,
542 2673 757 2734 propter
789 2667 1073 2723 cavendam
1115 2671 1416 2740 superbiam
1445 2689 1460 2740 ;
1491 2673 1630 2728 altos
1655 2712 1672 2740 ,
1703 2687 1828 2743 pro-

245 2758 362 2818 pter
410 2753 721 2822 capiendam
763 2760 1094 2828 sapientiam.
1136 2762 1399 2831 Lactare,
1441 2771 1499 2819 ut
1537 2764 1822 2833 nutriaris;

248 2839 321 2897 sic
359 2843 566 2900 nutrire
589 2887 604 2911 ,
635 2855 692 2901 ut
716 2863 956 2918 crescas;
994 2853 1070 2906 sic
1095 2868 1275 2910 cresce
1297 2896 1314 2923 ,
1355 2863 1415 2910 ut
1451 2869 1646 2926 panem
1675 2871 1827 2912 man-

246 2930 422 2989 duces.
449 2934 585 2992 Cum
615 2939 755 2994 enim
782 2946 1012 3014 coeperis
1037 2961 1229 3016 panem
1268 2948 1590 3006 manducare
1611 2991 1627 3016 ,
1671 2949 1824 3005 abla-

245 3025 490 3096 ctaberis,
525 3029 578 3084 id
615 3040 696 3087 est
716 3074 733 3101 ,
755 3034 867 3103 jam
893 3038 985 3093 tibi
1026 3054 1130 3095 non
1163 3055 1299 3112 opus
1327 3043 1428 3098 erit
1455 3042 1538 3098 lac
1558 3084 1575 3110 ,
1609 3042 1704 3098 sed
1731 3057 1821 3100 50¢

243 3115 376 3172 lidus
401 3120 573 3178 cibus.
601 3125 668 3180 Et
697 3126 798 3182 hoc
824 3129 1035 3187 videtur
1059 3133 1257 3190 dixisse
1283 3154 1298 3190 :
1344 3136 1406 3191 Si
1433 3153 1535 3191 non
1565 3137 1825 3192 humiliter

243 3208 509 3267 sentiebam
530 3255 547 3282 ,
577 3216 666 3270 sed
687 3221 908 3274 exaltari
931 3224 1154 3278 animam
1173 3241 1336 3287 meam
1360 3243 1380 3292 ;
1409 3227 1462 3284 id
1489 3235 1572 3284 est
1595 3269 1612 3296 ,
1643 3228 1689 3283 si
1715 3242 1822 3284 non

245 3309 417 3390 tuente
439 3344 455 3371 ,
483 3305 581 3361 sed
623 3309 820 3364 malitia
856 3316 1108 3382 parvulus
1141 3315 1239 3372 fui.
1275 3317 1427 3386 Quod
1472 3317 1775 3390 signiﬁcans
1801 3360 1818 3388 ,

243 3387 370 3447 dixit
395 3397 670 3465 superiora
701 3401 862 3456 verba
892 3422 904 3457 :
931 3403 1150 3461 Domine
1171 3447 1188 3475 ,
1210 3424 1312 3462 non
1341 3416 1412 3464 est
1437 3387 1710 3464 exaltatum
1733 3387 1823 3466 cor

243 3499 397 3539 meum
418 3529 434 3555 ,
466 3506 626 3563 neque
652 3494 706 3548 in
731 3495 891 3551 altum
916 3498 1036 3554 elati
1057 3509 1172 3556 sunt
1201 3503 1334 3557 oculi
1372 3505 1505 3570 mei;
1536 3521 1695 3577 neque
1734 3507 1820 3560 in-

242 3591 432 3668 gressus
455 3599 570 3638 sum
597 3585 651 3639 in
680 3590 876 3660 magnis
898 3631 913 3658 ,
941 3608 1100 3664 neque
1121 3594 1176 3648 in
1203 3596 1516 3652 mirabilibus
1541 3615 1694 3668 super
1716 3615 1817 3655 me.

243 3662 372 3759 βοαὶ
399 3674 524 3743 quia
553 3677 750 3734 malitia
779 3662 1032 3751 parvulus
1071 3684 1166 3740 fui.
1204 3685 1309 3742 Sed
1348 3690 1470 3759 quia
1512 3662 1674 3745 senisu
1710 3706 1820 3748 non

242 3753 308 3811 fui
337 3766 623 3832 parvulus;
653 3768 715 3822 Si
739 3786 839 3824 non
865 3772 1124 3828 humiliter
1146 3753 1418 3832 sentiebam
1440 3821 1456 3846 ,
1486 3780 1576 3833 sed
1601 3782 1820 3836 exaltari

240 3853 454 3909 animam
480 3875 684 3926 meam;
707 3864 1032 3920 retribuatur
1049 3867 1178 3922 mihi
1203 3869 1345 3939 quod
1365 3871 1675 3928 retribuitur
1697 3889 1820 3945 par-

240 3942 353 3997 V010
381 3949 472 4017 qui
502 3951 796 4007 ablactatur
819 3969 851 4010 a
876 3965 1048 4014 matre
1066 3998 1083 4025 ,
1115 3967 1172 4014 ut
1195 3959 1306 4030 jam
1340 3977 1533 4032 panem
1572 3965 1676 4020 sim
1699 3942 1819 4023 ido-

239 4047 362 4093 ncus
388 4041 733 4100 manducare.

300 4129 390 4224 ιδ.
433 4131 501 4186 Ει
527 4131 642 4190 haec
666 4151 794 4208 ergo
816 4180 831 4206 ,
859 4137 1052 4199 fratres
1073 4184 1090 4209 ,
1120 4147 1380 4204 sententia
1404 4163 1512 4205 non
1537 4149 1815 4224 displicet,

238 4219 351 4286 quia
373 4236 484 4278 non
510 4233 594 4280 est
629 4240 814 4286 contra
853 4233 1032 4289 (idem.
1075 4236 1252 4294 Movet
1292 4255 1381 4296 me
1427 4219 1644 4312 tamen,
1694 4219 1816 4315 quia

238 4321 337 4364 non
367 4320 574 4370 tantum
616 4317 815 4376 dictum
853 4333 974 4392 est,
1025 4327 1461 4395 Quemadmodum
1497 4336 1581 4405 qui
1619 4337 1818 4394 ablatus

238 4409 303 4453 est
329 4419 359 4456 a
385 4405 515 4461 laete
531 4449 547 4475 ,
577 4409 650 4463 sic
676 4413 934 4470 retributio
957 4418 1012 4470 in
1037 4419 1261 4474 animam
1284 4439 1487 4491 meam;
1526 4426 1621 4482 sed
1661 4427 1816 4483 addi-

238 4499 342 4548 tum
366 4507 487 4567 est,
515 4499 950 4568 Quemadmodum
977 4511 1064 4580 qui
1087 4511 1285 4568 ablatus
1324 4525 1399 4570 est
1431 4533 1463 4570 a
1507 4519 1635 4574 lacte
1665 4535 1818 4591 super

239 4596 441 4646 matrem
487 4610 634 4649 suam
656 4637 672 4664 ,
716 4600 788 4654 sic
827 4601 1083 4658 retributio
1120 4607 1174 4660 in
1222 4609 1444 4664 anintam
1487 4628 1670 4668 meam.
1718 4614 1817 4671 llic

237 4673 360 4772 mihi
391 4685 577 4740 nescio
603 4687 728 4757 quid
757 4691 860 4746 tale
884 4695 1151 4763 occurrit,
1181 4705 1240 4751 ut
1265 4699 1474 4756 videam
1499 4703 1620 4772 quia
1647 4704 1815 4761 male-

238 4762 428 4828 dictum
468 4784 570 4830 est.
616 4779 925 4838 Ahlaclatur
963 4785 1106 4840 enim
1139 4762 1256 4843 non
1306 4790 1480 4847 infans
1500 4762 1533 4859 ,-
1563 4795 1656 4850 sed
1702 4795 1816 4866 jam

237 4861 636 4952 grandiusculus
666 4888 679 4926 :
705 4873 794 4942 qui
823 4882 998 4930 autem
1042 4877 1284 4936 inﬁrmus
1325 4891 1407 4938 est
1439 4886 1606 4952 prima
1643 4861 1817 4944 inian—

239 4947 340 5049 tia:
371 4969 490 5024 qua:
519 4975 643 5016 vera
671 4962 888 5021 infantia
918 4977 1001 5023 est
1025 5009 1040 5035 ,
1073 4985 1234 5040 super
1260 4947 1485 5031 matrem
1515 4993 1666 5033 suam
1692 4989 1815 5049 est;

239 5037 280 5094 si
307 5042 438 5104 forte
464 5051 626 5109 fuerit
649 5070 678 5109 a
703 5056 841 5114 lacte
866 5059 1077 5118 ablatus
1099 5103 1116 5128 ,
1139 5037 1526 5138 exstinguitur.
1557 5070 1674 5128 Non
1703 5037 1816 5129 fru:

239 5138 342 5191 stra
369 5153 497 5214 ergo
526 5146 764 5205 additum
791 5161 909 5220 est,
933 5172 1084 5225 super
1108 5169 1319 5213 matrem
1349 5178 1511 5216 suam.
1545 5166 1814 5224 Ahlactari

239 5225 373 5323 enim
403 5247 592 5294 omnes
616 5251 840 5310 possunt
866 5248 1177 5305 crescendo.
1220 5250 1323 5320 Qui
1358 5257 1593 5323 crescit,
1641 5267 1695 5311 et
1736 5259 1816 5315 sic

241 5313 527 5383 ablactatur
547 5371 564 5398 ,
595 5330 795 5390 bonum
822 5344 906 5392 est
939 5337 1052 5406 illi;
1096 5341 1185 5410 qui
1221 5313 1400 5400 autem
1447 5313 1622 5402 adhuc
1655 5313 1817 5420 super

241 5418 456 5512 t'natrem
495 5434 647 5478 suam
693 5434 810 5494 est,
862 5430 1238 5499 perniciosum.
1289 5437 1430 5510 Ergo
1470 5418 1768 5497 cavendum
1796 5484 1814 5512 ,

243 5493 466 5580 fratres,
492 5523 549 5570 et
576 5493 978 5577 timendum'est
999 5537 1068 5579 ne
1103 5527 1224 5594 quis
1261 5493 1391 5586 ante
1423 5539 1631 5602 tempus
1673 5493 1819 5592 abla:

246 5602 428 5694 fletur.
471 5607 602 5665 Nam
640 5613 814 5670 omnis
853 5616 1068 5687 grandis
1107 5634 1240 5690 puer
1281 5634 1558 5694 separatur
1594 5643 1624 5682 a
1657 5627 1816 5688 lacte.

245 5681 345 5746 Sed
373 5710 441 5756 ne
467 5704 586 5773 quis
615 5713 741 5764 tunc
779 5723 809 5764 a
849 5681 989 5768 lacte
1031 5681 1309 5784 separetur
1329 5681 1358 5784 ,-
1394 5681 1819 5788 quando

251 5792 402 5857 Super
426 5806 650 5864 matrem
672 5815 823 5866 suam
847 5812 948 5866 est.
981 5803 1117 5865 Cum
1153 5814 1334 5868 autem
1370 5819 1612 5884 portatur
1645 5815 1820 5878 mani-

1309 330 1705 393 ENARRATIO
1740 329 1808 389 ΙΝ
1843 328 2168 394 PSALMUM
2204 338 2417 398 CXXX.

3383 365 3525 427 17η

1947 455 2046 513 bus
2071 461 2256 518 matris
2277 503 2293 529 ,
2319 463 2410 535 qui
2435 471 2672 536 portatus
2691 475 2774 526 est
2793 477 2947 532 utero
2965 473 3246 550 (portatus
3269 493 3352 540 est
3375 490 3521 547 enim

1945 558 2098 654 utero
2120 595 2136 621 ,
2166 563 2226 610 ut
2251 567 2596 627 nasceretur;
2618 572 2860 634 portatur
2877 571 3155 641 manibus,
3178 582 3238 631 ut
3254 589 3460 638 crescat
3478 582 3524 654 ),

1943 640 2082 698 lacte
2124 659 2258 715 opus
2300 646 2498 717 habet;
2540 653 2715 711 adhuc
2759 671 2921 730 super
2965 640 3188 723 matrem
3227 682 3377 726 suam
3417 640 3526 730 est:

1941 732 2058 790 Non
2108 751 2234 808 ergo
2275 740 2404 795 velit
2445 750 2571 799 tunc
2613 748 2848 807 exaltare
2888 754 3120 811 animam
3160 773 3312 817 suam
3337 802 3354 829 ,
3399 778 3525 822 cum

1941 823 2080 881 forte
2111 828 2286 885 minus
2333 832 2555 889 idoneus
2593 845 2676 893 est
2719 839 2786 895 ad
2817 843 3131 913 capiendum
3168 823 3350 908 cibum
3370 896 3387 923 ,
3428 857 3528 914 sed

1940 915 2160 987 impleat
2188 934 2449 994 praecepta
2474 926 2807 988 humilitatis.
2839 933 3010 993 Habet
3035 939 3124 996 ubi
3149 957 3208 1000 se
3233 915 3522 1006 exerceat:

1939 1009 2124 1104 credat
2158 1012 2222 1104 in
2248 1013 2519 1077 Christum
2545 1062 2560 1088 ,
2593 1031 2653 1077 ut
2688 1026 2856 1093 possit
2899 1028 3192 1104 intelligere
3230 1037 3524 1102 Christum.

1940 1098 2138 1206 fidere
2157 1102 2392 1206 Y'erbum
2421 1125 2526 1166 non
2553 1121 2730 1181 potest
2755 1155 2775 1184 ,
2795 1131 2989 1189 capere
3015 1098 3119 1180 non
3146 1136 3323 1196 potest
3347 1098 3526 1206 aequa;

1939 1189 2142 1287 litatein
2173 1193 2331 1252 Verbi
2353 1213 2474 1254 cum
2497 1201 2652 1260 Patre
2674 1248 2690 1272 ,
2722 1210 3075 1278 aequalitatem
3101 1189 3330 1287 spiritus
3353 1189 3524 1283 sancti

1938 1296 2061 1380 eum
2087 1283 2244 1343 Patre
2286 1297 2342 1343 et
2381 1290 2556 1348 Verbo
2594 1297 2827 1354 nondum
2871 1312 3045 1372 potest
3093 1283 3309 1380 videre;
3341 1316 3527 1376 credat

1940 1371 2080 1440 hoc,
2121 1386 2174 1432 et
2217 1381 2431 1451 sugat“.
2480 1382 2712 1442 Securus
2755 1371 2887 1458 est,
2915 1396 3037 1466 quia
3080 1415 3203 1457 cum
3244 1371 3521 1478 creverit,

1939 1469 2314 1540 manducabit,
2367 1475 2509 1544 quod
2549 1491 2656 1533 non
2697 1490 2903 1550 poterat
2952 1496 3235 1562 antequam
3281 1469 3524 1569 sugendo

1938 1573 2206 1620 cresceret
2239 1584 2252 1621 :
2292 1576 2345 1624 et
2384 1567 2545 1624 habet
2587 1571 2676 1627 ubi
2715 1588 2774 1630 se
2821 1583 3089 1638 extendat.
3136 1567 3418 1649 Altiora‘te
3457 1612 3526 1652 ne

1937 1656 2192 1724 quaesieris
2215 1697 2230 1724 ,
2261 1667 2307 1712 et
2335 1661 2547 1729 fortiora
2573 1671 2620 1717 te
2647 1681 2710 1719 ne
2731 1677 2983 1727 scrutatus
3010 1679 3201 1745 fueris;
3225 1681 3278 1737 id
3307 1695 3388 1741 est
3411 1728 3426 1754 ,
3451 1687 3522 1746 ad

1937 1748 2336 1818 qnzncapienda
2361 1752 2538 1808 minus
2569 1754 2795 1815 idoneus
2833 1777 2912 1818 es.
2953 1764 3025 1820 Et
3064 1771 3189 1838 quid
3228 1775 3364 1833 facio
3387 1748 3522 1846 ,Iin-

1937 1837 2092 1942 quis?
2115 1839 2193 1894 sic
2221 1844 2552 1900 remancbo?
2581 1846 2689 1903 Sed
2711 1868 2827 1922 qua:
2855 1837 3095 1930 praecepit
3120 1864 3210 1918 tibi
3233 1837 3518 1942 Dominus,

1935 1928 2026 2036 illa
2051 1933 2436 2036 cogitaﬁsemper
2506 1939 2666 1996 Eceli.
2701 1958 2756 1998 ιιι
2781 1987 2796 2012 ,
2822 1945 2894 2000 22
2914 1947 2956 2019 ).
2984 1928 3115 2019 Qua:
3145 1955 3238 2012 tibi
3263 1928 3522 2036 prtecepii

1936 2020 2234 2079 Dominus?
2264 2026 2371 2083 Fac
2397 2029 2820 2092 misericordiam
2845 2079 2860 2104 ,
2890 2055 3077 2110 pacem
3116 2020 3369 2109 Ecclesia:
3411 2020 3520 2116 noli
3557 2070 3566 2080 ‘

1934 2111 2201 2172 dimittere
2222 2157 2238 2184 ,
2263 2117 2317 2173 in
2347 2119 2562 2178 homine
2583 2138 2731 2194 spem
2758 2129 2868 2184 noli
2896 2146 3094 2200 ponere
3115 2178 3131 2204 ,
3161 2111 3520 2208 desiderando

1936 2207 2192 2265 miracula
2215 2211 2324 2267 noli
2352 2221 2556 2271 tentare
2583 2217 2769 2274 Deum.
2797 2219 2854 2276 Si
2879 2223 2986 2293 jam
3010 2236 3092 2283 est
3117 2229 3169 2284 in
3198 2240 3252 2288 te
3277 2235 3518 2308 fructus,

1933 2302 2210 2370 cognoscis
2232 2342 2247 2368 ,
2274 2304 2397 2374 quia
2427 2319 2547 2362 cum
2578 2307 2732 2364 bonis
2765 2312 2962 2371 toleras
2998 2318 3198 2378 zizania
3239 2340 3406 2397 usque
3449 2302 3518 2389 ad

1933 2405 2162 2448 messem
2191 2394 2210 2464 (
2237 2393 2426 2450 Matth.
2456 2413 2550 2453 xm
2573 2441 2589 2466 ,
2619 2399 2688 2455 30
2711 2402 2752 2471 );
2779 2404 2902 2474 quia
2931 2421 3053 2464 cum
3083 2414 3237 2470 malis
3287 2393 3352 2473 ad
3389 2430 3497 2478 tem

1934 2495 2033 2552 pus
2061 2494 2215 2554 potes
2239 2500 2360 2543 esse
2377 2527 2393 2554 ,
2424 2503 2529 2544 non
2557 2490 2611 2546 in
2638 2500 2917 2552 aeternum.
2943 2498 3100 2558 Palea
3123 2503 3208 2562 hic
3229 2508 3322 2565 tibi
3351 2514 3516 2572 mixta

1931 2574 2093 2630 estin
2123 2574 2226 2633 hoc
2267 2586 2508 2649 tempore
2551 2580 2607 2637 in
2653 2599 2816 2653 arca;
2861 2587 2916 2643 in
2957 2589 3152 2650 horreo
3193 2607 3367 2658 tecum
3407 2620 3516 2663 non

1931 2665 2056 2721 erit.
2085 2666 2212 2764 limo
2239 2685 2351 2739 qua:
2376 2672 2467 2726 tibi
2494 2678 2735 2748 prtecepit
2761 2677 3010 2738 Dominus
3028 2724 3044 2751 ,
3074 2686 3166 2742 illa
3191 2693 3354 2764 cogita
3381 2713 3516 2754 sem-

1930 2774 2039 2828 per.
2070 2758 2114 2812 A
2145 2759 2282 2816 lacte
2309 2777 2416 2817 non
2445 2767 2779 2834 separaberis
2823 2775 3168 2848 quoadusque
3206 2758 3368 2855 super
3403 2804 3519 2846 ma-

1929 2856 2064 2904 trem
2109 2858 2252 2906 tuam
2294 2869 2393 2920 es;
2440 2871 2508 2912 ne
2551 2859 2698 2927 prius
2732 2860 2872 2920 fame
2912 2865 3198 2942 moriaris,
3228 2886 3518 2950 antequam

1928 2955 2122 3012 panem
2149 2946 2471 3004 manducare
2496 2949 2570 3006 sis
2591 2951 2834 3011 idoneus.
2859 2955 3056 3018 Cresce
3077 2965 3130 3030 ²;
3153 2979 3309 3026 erunt
3329 2946 3517 3034 valida

1926 3034 2070 3136 vires
2111 3044 2256 3105 tute,
2299 3045 2355 3094 et
2399 3040 2604 3100 videbis
2641 3046 2784 3116 quod
2817 3063 2927 3106 non
2954 3061 3208 3126 poteras,
3256 3069 3311 3118 et
3337 3067 3516 3136 capies

1926 3126 2068 3196 quod
2096 3141 2204 3184 non
2233 3131 2500 3200 capiebas.

1998 3218 2087 3274 ιι.
2128 3219 2264 3288 Quid
2289 3224 2460 3293 ergo?
2484 3239 2606 3281 cum
2635 3227 2822 3288 videro
2857 3248 2977 3305 quae
3019 3254 3128 3296 non
3164 3252 3404 3314 poteram
3430 3251 3514 3308 vi-

1924 3312 2057 3368 dere
2079 3354 2096 3380 ,
2123 3322 2180 3369 et
2204 3329 2399 3386 cepero
2425 3333 2544 3389 qua:
2569 3335 2675 3377 non
2705 3332 2944 3394 poteram
2968 3312 3197 3404 capere,
3221 3339 3330 3409 jam
3358 3357 3514 3401 secu-

1923 3419 2017 3461 rus
2061 3406 2200 3462 ero?
2238 3407 2508 3478 perfectus
2551 3415 2693 3475 ero?
2733 3415 2884 3485 Non,
2929 3425 3180 3491 quamdiu
3223 3406 3310 3487 hic
3353 3435 3508 3493 vivis.

1925 3497 2041 3570 Ipsa
2071 3508 2153 3556 est
2197 3501 2454 3571 perfectio
2501 3513 2684 3562 nostra
2711 3549 2726 3573 ,
2782 3509 3076 3571 humilitas.
3122 3517 3361 3580 Audistis
3405 3542 3514 3598 quo

1923 3592 2187 3648 conclusit
2214 3594 2374 3649 modo
2397 3597 2688 3666 apostolica
2716 3598 2874 3657 lectio
2896 3643 2912 3668 ,
2948 3605 2992 3660 si
3035 3605 3190 3665 haesit
3223 3612 3278 3668 in
3306 3592 3513 3673 memo-

1923 3683 2001 3738 ria
2031 3691 2204 3739 vestra
2229 3701 2244 3751 ;
2273 3687 2542 3756 quomodo
2566 3688 2653 3744 ille
2677 3691 2768 3760 qui
2794 3693 2998 3764 accepit
3022 3698 3301 3770 colaphum
3323 3719 3392 3760 ne
3415 3721 3512 3764 ex-

1924 3772 2199 3834 tolleretur
2220 3774 2272 3828 in
2294 3776 2712 3836 revelationibus
2731 3782 2958 3852 (quanta
2979 3786 3029 3842 ei
3049 3791 3427 3852 revelabantur
3447 3799 3462 3852 !
3484 3799 3510 3870 )

1923 3875 2140 3934 propter
2165 3867 2335 3936 ipsam
2365 3869 2785 3940 magnitudinem
2816 3877 3197 3938 revelationum
3219 3925 3233 3950 ,
3264 3889 3384 3957 quia
3410 3867 3511 3962 po;

1924 3965 2060 4012 terat
2083 3959 2268 4014 extolli
2293 4001 2310 4028 ,
2340 3960 2441 4015 nisi
2471 3962 2741 4032 acciperet
2764 3967 3012 4037 angelum
3043 3981 3241 4030 satana:
3267 3995 3280 4031 :
3327 3987 3383 4036 et
3410 3959 3508 4038 ta-

1921 4063 2046 4106 men
2072 4051 2156 4106 cui
2183 4057 2327 4106 tanta
2355 4053 2732 4110 revelabantur
2755 4099 2772 4125 ,
2816 4059 2943 4129 quid
2981 4062 3092 4117 ait?
3123 4064 3333 4125 Fratres
3356 4112 3372 4139 ,
3414 4089 3507 4144 ego

1921 4143 2166 4214 meipsum
2187 4160 2286 4198 non
2306 4145 2525 4201 arbitror
2543 4150 2956 4218 apprehendisse.
2978 4155 3171 4214 Paulus
3191 4159 3350 4230 dicit,
3370 4143 3510 4222 Fra-

1921 4240 2022 4288 tres
2039 4275 2053 4299 ,
2088 4251 2180 4305 ego
2206 4236 2455 4307 meipsum
2481 4255 2583 4293 non
2607 4239 2823 4296 arbitror
2843 4246 3270 4320 apprehendisse;
3313 4258 3402 4328 qui
3437 4260 3508 4317 ad

1923 4325 2024 4381 hoc
2047 4327 2254 4398 accepit
2278 4330 2696 4400 colaphizantem
2718 4336 2962 4407 angelum
2984 4349 3182 4399 satana:
3205 4387 3221 4412 ,
3249 4363 3318 4405 ne
3332 4325 3510 4410 extol-

1920 4417 2122 4475 leretur
2169 4422 2224 4476 in
2270 4424 2636 4494 magnitudine
2675 4428 3062 4489 revelationum
3107 4452 3341 4496 suarum.
3386 4445 3491 4511 Qui

1920 4510 2082 4567 audet
2107 4512 2288 4568 dicere
2330 4515 2452 4584 quia
2493 4519 2941 4585 comprehendit?
2981 4523 3119 4581 Ecce
3157 4527 3350 4588 Paulus
3397 4510 3506 4594 non

1919 4603 2306 4673 apprehendit,
2333 4615 2388 4662 ct
2414 4606 2580 4673 dicit,
2611 4608 2732 4664 Non
2758 4627 2838 4666 me
2855 4614 3073 4670 arbitror
3092 4622 3504 4691 apprehendi“.

1920 4695 1989 4751 Et
2017 4697 2145 4768 quid
2169 4698 2248 4753 ais
2273 4739 2290 4767 ,
2321 4713 2354 4754 ο
2377 4699 2584 4755 Paule?
2608 4701 2790 4758 Adhuc
2813 4721 2963 4762 curro
2984 4707 3024 4776 ³,
3067 4710 3276 4782 inquit,
3315 4725 3373 4772 ut
3411 4735 3508 4790 ap-

1920 4791 2249 4862 prehendam.
2279 4791 2468 4848 Adhuc
2493 4792 2686 4850 Paulus
2712 4797 2764 4851 in
2790 4799 2874 4853 via
2901 4809 3022 4868 est,
3071 4812 3126 4858 et
3167 4813 3220 4860 tu
3266 4816 3317 4864 te
3350 4820 3506 4879 putas

1919 4883 1972 4938 in
1995 4883 2200 4954 patria?
2221 4883 2388 4939 Unum
2408 4895 2574 4939 autem
2594 4928 2609 4955 ,
2639 4887 2842 4958 inquit,
2870 4908 2983 4962 quae
3004 4905 3138 4951 retro
3161 4908 3278 4952 sunt
3299 4901 3504 4960 oblitus.

1922 4973 2033 5028 Hoc
2050 4973 2131 5028 lac
2149 4981 2204 5028 et
2223 4981 2277 5028 tu
2302 5015 2318 5040 ,
2341 4983 2396 5029 et
2417 4975 2578 5031 vitam
2599 4983 2924 5047 prmteritam
2948 4985 3141 5041 malam
3167 4988 3504 5053 obliviscere.

1920 5065 1977 5121 Si
2008 5074 2060 5120 te
2085 5066 2371 5122 delectavit
2395 5068 2684 5138 aliquando
2721 5075 2928 5131 vanitas
2951 5117 2969 5142 ,
3014 5092 3118 5134 non
3159 5087 3210 5137 te
3253 5081 3489 5144 delectet

1924 5156 2052 5225 Qute
2078 5166 2212 5212 retro
2237 5157 2448 5224 oblitus,
2481 5159 2686 5232 inquit,
2715 5163 2767 5217 in
2791 5180 2852 5218 ea
2885 5182 3006 5236 quia
3031 5177 3146 5224 ante
3184 5185 3300 5229 sunt
3335 5186 3510 5235 exten-

1919 5254 2001 5302 tus
2024 5287 2039 5314 ,
2063 5247 2339 5302 secundum
2362 5249 2686 5306 intentionem
2711 5269 2885 5324 sequor
2921 5256 2990 5310 ad
3015 5259 3238 5328 palmam
3273 5282 3515 5338 superna

1919 5341 2195 5397 vocationis
2215 5340 2319 5398 ‘Dei
2342 5343 2394 5398 in
2414 5341 2615 5400 Christo
2641 5343 2789 5402 Iesu.
2811 5349 2985 5406 Audio
3011 5367 3196 5412 vocem
3223 5358 3317 5415 Dei
3343 5361 3506 5422 desuo

1920 5446 2020 5504 per
2041 5473 2058 5501 ,
2083 5441 2138 5489 et
2161 5448 2322 5490 curro
2347 5442 2406 5490 ut
2429 5436 2848 5507 apprehendam.
2877 5439 2995 5498 Non
3019 5445 3161 5504 enim
3189 5447 3392 5509 dimisit
3415 5468 3513 5517 me

1922 5524 1978 5581 in
2006 5526 2090 5582 via
2118 5541 2396 5585 remanere
2421 5569 2438 5597 ,
2469 5529 2594 5600 quia
2623 5545 2728 5586 non
2756 5543 2931 5590 cessat
2958 5536 3159 5610 alloqui
3184 5556 3292 5599 me.
3320 5539 3506 5623 Ergo,

1988 5640 2009 5720 ξ
2026 5641 2099 5720 sic
2115 5648 2214 5690 Am.
2239 5648 2314 5691 Er.
2327 5649 2392 5720 Aet
2413 5649 2529 5720 Mssa,
2541 5649 2747 5720 ιιμιμ
2770 5646 2952 5720 hoc__est
2973 5659 3163 5720 surgat.
3363 5711 3368 5720 ,

1989 5703 2160 5776 fliam,
2181 5716 2368 5776 cresces
2391 5718 2404 5753 :
2430 5703 2794 5776 refragantibus
2811 5712 2956 5764 editis
2971 5703 3085 5766 alii;
3103 5703 3159 5768 et
3176 5724 3284 5772 Mss.

1928 5765 2018 5902 ro:
2036 5764 2262 5882 [Eamque
2293 5772 2398 5817 uss.
2428 5779 2441 5816 :
2466 5773 2524 5820 ιίι
2557 5764 2676 5832 quid
2714 5770 2844 5842 agis,
2875 5787 2905 5834 ο
2947 5764 3373 5839 ιάἁιιιεῖῖλοο
3405 5782 3508 5854 cur.
