4074 6480
530 354 700 423 1⁷15

526 474 745 547 fratres
766 516 783 544 ,
813 489 918 531 non
942 481 1114 531 cessat
1136 474 1283 529 Deus
1306 472 1504 541 alloqui
1534 468 1651 527 nos.
1682 470 1812 526 Nam
1840 473 1884 527 si
1911 462 2128 542 cessat,

522 565 681 647 “quid
708 574 790 623 est
812 565 954 636 quod
981 564 1228 634 agimus?
1257 562 1381 632 quid
1408 574 1493 617 est
1519 562 1661 632 quod
1687 570 1853 633 agunt
1880 564 2139 621 lectiones

524 658 743 729 ,divinae
769 667 823 714 et
850 658 1057 713 cantica
1077 656 1296 711 divina?
1322 656 1707 711 Obliviscimini
1736 670 1866 727 ergo
1889 672 2011 727 quae
2046 670 2138 712 re-

550 760 637 807 tro
660 760 818 817 sunt,
847 750 979 815 etin
1006 765 1067 806 ea
1098 766 1219 820 quae
1244 759 1369 805 ante
1410 759 1535 804 sunt
1571 764 1668 805 vos
1709 750 1997 806 cxtendite.
2048 750 2139 807 Sic

524 843 718 912 ‘sugite
745 842 825 899 lae
850 882 866 909 ,
894 849 952 898 ut
979 844 1233 897 crescetis
1260 842 1326 897 ad
1348 842 1546 896 cibum.
1572 842 1703 896 Cum
1727 857 1856 912 ergo
1882 843 2137 899 veneritis

524 934 600 989 .in
632 935 854 1003 patriam
879 974 892 1000 ,
933 934 1251 1004 gaudebitis.
1295 934 1366 990 Et
1397 934 1571 989 adhuc
1608 934 1867 990 attendite
1903 938 2135 1006 Aposto-

524 1026 651 1099 ‘lutn
703 1029 854 1098 sequi
907 1028 973 1083 ad
1020 1029 1251 1099 palmam
1317 1043 1563 1098 supernae
1631 1029 1944 1084 vocationis.
2002 1029 2137 1084 Dicit

520 1118 685 1180 venint
738 1136 752 1171 :
807 1118 1061 1186 Quotquot
1110 1135 1227 1190 ergo
1274 1119 1518 1189 perfecti,
1566 1120 1660 1172 hoc
1694 1118 2131 1190 sapiamuspNon

541 1210 733 1281 loquor
758 1254 773 1278 ,
804 1213 973 1282 inquit
1002 1252 1015 1277 ,
1047 1212 1371 1281 imperfectis
1398 1253 1411 1277 ,
1437 1210 1629 1281 quibus
1668 1212 1839 1265 adhuc
1872 1224 1979 1264 non
2008 1225 2133 1280 pos-

543 1317 659 1357 sum
690 1303 833 1373 loqui
864 1306 1177 1374 sapientiam
1206 1345 1221 1370 ,
1245 1305 1331 1373 qui
1356 1305 1531 1359 adhuc
1557 1306 1691 1359 lacte
1714 1313 1961 1373 putantur
1986 1345 2000 1369 ,
2028 1319 2133 1358 non

542 1394 713 1449 solido
741 1396 860 1451 cibo
894 1406 1182 1464 pascuntur
1209 1412 1223 1460 ;
1252 1397 1345 1451 sed
1376 1397 1478 1449 illis
1505 1396 1625 1450 dico
1651 1436 1667 1461 ,
1708 1396 1794 1465 qui
1833 1396 1941 1464 jam
1984 1411 2133 1449 man-

524 1483 746 1549 ,ducant
773 1486 1001 1541 solidum
1042 1488 1241 1542 cibum.
1277 1485 1391 1541 Jam
1436 1486 1682 1541 videntur
1716 1500 1834 1539 esse
1872 1484 2129 1554 perfecti,

541 1579 663 1647 quia
694 1578 997 1648 intelligunt
1025 1580 1383 1650 aequalitatem
1408 1579 1568 1635 Verbi
1592 1594 1710 1633 cum
1735 1579 1891 1632 Patre
1920 1597 1932 1632 :
1958 1579 2132 1635 adhuc

539 1685 647 1724 non
691 1671 769 1726 sic
811 1673 1037 1741 vident,
1086 1675 1356 1743 quomodo
1396 1673 1683 1728 videndum
1723 1681 1843 1739 est,
1888 1672 2022 1727 faeie
2064 1673 2132 1729 ad

528 1762 764 1828 faciem;
807 1764 983 1820 adhuc
1021 1780 1087 1821 ex
1130 1776 1311 1835 parte,
1360 1768 1411 1821 in
1457 1768 1737 1837 aenigmate
1770 1764 2127 1835 (lCor.xm,

542 1857 610 1910 12
632 1856 673 1927 ).
707 1858 934 1913 Currant
959 1875 1089 1929 ergo
1113 1900 1128 1923 ,
1156 1862 1277 1930 quia
1304 1875 1429 1916 cum
1457 1860 1539 1914 via
1564 1862 1581 1891 ¹
1610 1860 1756 1914 finita
1786 1858 1976 1927 fuerit,
2005 1870 2130 1916 tunc

536 1948 775 2004 redimus
801 1950 869 2005 ad
907 1953 1172 2019 patriam:
1214 1960 1465 2017 currant,
1510 1951 1800 2006 extendant
1847 1968 1924 2006 se.
1965 1953 2126 2019 Quot-

533 2054 656 2109 quot
679 2061 796 2114 ergo
825 2046 1034 2114 perfecti
1057 2088 1073 2111 ,
1112 2046 1205 2099 hoc
1232 2046 1534 2113 sapiamus;
1563 2054 1608 2098 et
1643 2046 1687 2098 si
1716 2044 1837 2114 quid
1864 2044 2011 2097 aliter
2040 2061 2125 2099 sa-

532 2136 656 2204 pitis
680 2178 692 2198 ,
725 2136 816 2189 hoc
842 2153 1041 2206 quoque
1086 2140 1221 2191 vobis
1264 2136 1407 2191 Deus
1446 2137 1681 2191 reuelabit
1724 2136 1998 2207 (Philipp.
2031 2152 2125 2204 ιιι,

534 2226 705 2281 12-15
727 2224 766 2297 ).
812 2228 867 2281 Si
895 2228 1033 2283 forte
1058 2243 1207 2283 erras
1236 2230 1288 2282 in
1317 2229 1493 2299 aliquo
1520 2271 1533 2293 ,
1567 2243 1730 2299 quare
1759 2244 1862 2283 non
1890 2228 2033 2284 redis
2058 2229 2125 2285 ad

530 2317 613 2374 lac
644 2319 867 2373 matris?
891 2319 1023 2385 Quia
1050 2321 1092 2373 si
1124 2335 1230 2374 non
1253 2321 1571 2375 extollimini
1598 2364 1611 2387 ,
1638 2321 1759 2389 quia
1784 2322 1955 2377 sinon
1986 2322 2126 2375 exalo

531 2410 656 2465 tatis
680 2424 774 2465 cor
798 2419 1033 2465 vestrmn
1057 2453 1072 2479 ,
1102 2412 1224 2482 quia
1253 2411 1297 2466 si
1324 2428 1429 2467 non
1454 2412 1792 2482 ingredimini
1825 2414 1875 2467 in
1905 2412 2125 2467 mirabi-

530 2501 671 2557 libus
698 2519 857 2572 super
882 2518 976 2559 vos
999 2546 1012 2568 ,
1045 2505 1141 2559 sed
1167 2506 1389 2560 servatis
1432 2505 1782 2559 humilitatem
1808 2548 1823 2572 ,
1868 2505 2124 2561 revelabit

529 2594 682 2657 vobis
706 2596 846 2651 Deus
872 2597 1011 2666 quod
1035 2597 1189 2652 aliter
1218 2597 1423 2665 sapitis.
1466 2597 1521 2653 Si
1567 2608 1747 2652 autem
1798 2598 1896 2651 hoc
1944 2596 2118 2666 ipsum

528 2685 671 2754 quod
700 2687 855 2742 aliter
880 2689 1064 2755 sapitis
1093 2731 1107 2753 ,
1136 2688 1424 2743 defendere
1454 2688 1613 2742 vultis
1638 2730 1651 2753 ,
1695 2697 1747 2742 et
1781 2688 2123 2755 pertinaciter

527 2785 769 2835 astruere
796 2819 808 2842 ,
836 2788 891 2834 et
916 2788 1097 2833 contra
1125 2794 1309 2849 pacein
1337 2778 1626 2843 Ecclesiae;
1660 2778 1718 2832 fit
1759 2777 1907 2831 vobis
1952 2778 2120 2833 male.
2162 2850 2174 2862 Χ

526 2868 725 2926 dictum
754 2870 854 2926 hoc
882 2872 1021 2940 quod
1047 2872 1180 2926 dixit
1209 2888 1227 2925 :
1252 2886 1413 2941 super
1445 2880 1668 2925 matrem
1715 2884 1835 2924 cum
1884 2871 2016 2924 estis
2066 2877 2121 2925 et

525 2959 654 3016 foris
677 2978 708 3017 a
740 2962 878 3017 lacte
916 2964 1236 3032 separamini
1263 2965 1305 3030 ⁸,
1358 2962 1485 3017 foris
1528 2977 1560 3016 a
1598 2961 1892 3016 visceribus
1934 2961 2118 3017 matris

525 3050 665 3109 fame
695 3055 1020 3109 moriemini.
1047 3054 1103 3110 Si
1125 3064 1303 3109 autem
1333 3054 1688 3123 perseveretis
1709 3054 1761 3108 in
1790 3068 1920 3123 pace
1941 3055 2119 3108 catho-

523 3145 624 3200 lica
653 3188 667 3213 ,
701 3148 744 3201 si
771 3148 895 3216 quid
921 3148 1058 3202 forte
1086 3149 1241 3201 aliter
1263 3148 1449 3218 sapitis
1479 3163 1639 3218 quam
1664 3155 1875 3215 oportet
1900 3161 2112 3215 sapere,

524 3236 667 3296 Deus
698 3240 849 3294 vobis
893 3240 1151 3295 revelabit
1188 3240 1494 3295 humilibus.
1528 3239 1748 3305 Quare?
1786 3238 1923 3306 Quia
1962 3238 2115 3293 Deus

523 3331 769 3399 Superbis
798 3332 996 3386 resistit
1020 3374 1035 3397 ,
1067 3331 1357 3386 humilibus
1386 3341 1563 3386 autem
1592 3330 1682 3385 dat
1708 3330 1934 3401 gratiam
1977 3332 1999 3401 (
2015 3328 2116 3383 Ja-

524 3424 635 3491 cobi
663 3441 716 3479 tv
739 3465 755 3491 ,
790 3425 861 3490 6;
893 3425 981 3480 etl
1012 3425 1151 3478 Petr.
1180 3441 1234 3487 v,
1263 3425 1297 3480 5
1323 3425 1364 3493 ).

595 3516 682 3571 15.
713 3514 859 3587 [υενδ.
892 3515 970 3586 5.]
1002 3515 1125 3571 Ideo
1153 3516 1219 3570 ad
1258 3516 1362 3570 hoc
1389 3515 1649 3570 conclusit
1692 3515 1780 3570 hic
1816 3514 2063 3586 psalmus
2093 3533 2115 3573 ε

524 3604 710 3675 Speret
752 3606 918 3661 Israel
955 3607 1009 3659 in
1060 3606 1335 3660 Dominum
1356 3647 1373 3675 ,
1399 3621 1462 3660 ea:
1505 3606 1598 3659 hoc
1618 3622 1752 3660 nunc
1794 3615 1841 3662 et
1867 3622 2026 3677 usque
2059 3607 2116 3662 in

523 3696 785 3752 secutum.
818 3696 969 3763 Quod
998 3697 1141 3751 enim
1168 3698 1424 3767 scriptum
1459 3704 1541 3752 est
1565 3712 1739 3767 graece
1757 3739 1774 3764 ,
1806 3702 1902 3752 ἀπὸ
1928 3706 2013 3753 τθΰ
2040 3707 2117 3753 νῦν

524 3799 606 3847 καὶ
627 3795 711 3851 ἕως
733 3798 816 3845 τοῦ
840 3799 1004 3851 atavo;
1021 3829 1036 3856 ,
1067 3788 1169 3843 hoc
1196 3788 1494 3859 expositum
1516 3797 1633 3855 est,
1660 3804 1722 3843 ex
1758 3791 1852 3844 hoc
1886 3805 2020 3844 nunc
2065 3798 2117 3844 et

522 3896 678 3950 usque
706 3881 760 3935 in
786 3881 1048 3936 stecutum.
1081 3878 1188 3936 Sed
1215 3894 1321 3934 non
1348 3892 1560 3949 semper
1582 3878 1764 3934 saeculi
1790 3894 1985 3935 nomen
2011 3880 2115 3935 hoc

523 3972 777 4029 saeculum
802 3971 1098 4043 signiﬁcat,
1126 3972 1221 4028 sed
1250 3971 1537 4043 aliquando
1562 3972 1915 4026 aeternitatem
1940 3988 1955 4039 ;
1988 3971 2112 4041 quia

522 4074 783 4122 aternum
810 4064 1021 4120 duobus
1048 4064 1221 4120 modis
1266 4064 1614 4133 intelligitur;
1640 4079 1807 4135 usque
1848 4066 1902 4119 in
1952 4072 2107 4119 aeter-

524 4174 672 4222 num,
701 4157 754 4214 id
777 4166 898 4225 est,
922 4166 1017 4212 aut
1040 4172 1252 4227 semper
1277 4158 1396 4213 sine
1424 4157 1531 4212 fine
1552 4198 1567 4223 ,
1597 4165 1688 4211 aut
1712 4170 1989 4226 quousque
2019 4171 2114 4212 ve.

522 4251 732 4311 niamus
756 4249 821 4304 ad
842 4249 1214 4306 aaternitatem.
1239 4249 1337 4304 Hic
1363 4264 1492 4320 ergo
1516 4247 1785 4319 quomodo
1811 4247 2113 4317 intelligen-

523 4341 653 4399 dum
707 4342 837 4397 est?
889 4342 1178 4411 Quousque
1240 4332 1519 4396 veniamus
1578 4341 1645 4394 ad
1706 4340 2057 4394 aeternitatem
2092 4379 2109 4405 ,

523 4449 801 4505 speremus
825 4434 879 4490 in
905 4434 1190 4489 Dominum
1216 4432 1415 4497 Deum;
1436 4432 1561 4502 quia
1578 4446 1698 4487 cum
1726 4432 2030 4485 venerimus
2045 4429 2111 4484 ad

524 4527 883 4589 aeternitatem
914 4566 931 4593 ,
955 4526 1065 4596 jam
1114 4538 1237 4594 spes
1287 4538 1395 4579 non
1440 4524 1566 4589 erit,
1603 4523 1698 4579 sed
1723 4524 1836 4592 ipsa
1871 4536 1957 4577 res
1986 4521 2107 4576 erit.

515 4649 2105 4677 ,_______________________.________.__..

907 4733 989 4795 IN
1032 4729 1413 4794 PSALMUM
1455 4726 1726 4790 CXXXI

1030 4848 1033 4851 ’
1107 4849 1524 4907 ENARRATIO.

1060 4980 1235 5023 εειιιιο
1260 4980 1327 5021 ΔΙ)
1350 4977 1576 5021 Ριειιει.

544 5044 553 5053 ’
594 5067 648 5121 1.
680 5063 830 5139 [vers.
858 5063 912 5130 1,
932 5059 1015 5133 2.]
1043 5060 1251 5116 iustum
1275 5058 1492 5129 quidem
1515 5064 1652 5120 erat,
1682 5052 1985 5111 charissimi
2006 5094 2022 5120 ,
2054 5062 2113 5110 ut

521 5158 739 5223 fratrem
766 5156 942 5227 potius
966 5153 1272 5210 audiremus
1294 5150 1551 5219 collegam
1576 5163 1774 5214 meum,
1792 5154 2114 5217 praesentem

522 5232 771 5311 uuluibus
801 5248 953 5305 nobis
975 5245 1071 5317 (a).
1093 5245 1161 5300 Et
1184 5244 1345 5300 modo
1365 5259 1472 5300 non
1499 5243 1730 5313 negavit,
1749 5240 1843 5297 sed
1867 5239 2071 5295 distulit
2095 5258 2110 5295 :

521 5353 578 5407 et
602 5343 721 5399 ideo
747 5341 850 5399 hoc
891 5340 1070 5396 indico
1096 5338 1357 5395 Charitati
1379 5345 1572 5393 vestrae
1598 5376 1614 5402 ,
1641 5342 1702 5391 ut
1745 5348 1954 5389 mecum
1988 5347 2113 5402 pro-

522 5437 746 5508 missum
775 5434 1021 5505 teneatis.
1051 5433 1167 5495 Non
1192 5432 1290 5488 fuit
1323 5439 1503 5487 autem
1526 5427 1820 5484 absurdum
1849 5425 2112 5481 Charitati

521 5536 736 5615 vestrae,
763 5537 821 5584 ut
848 5526 993 5598 prior
1016 5525 1440 5594 obtemperarem
1459 5519 1667 5591 jubeuti
1692 5536 1704 5573 :
1727 5517 1951 5575 extorsit
1966 5516 2111 5577 enim

587 5685 606 5716 ι
634 5682 822 5746 Aliquot
848 5690 971 5747 uss.
996 5679 1105 5731 vita.
1215 5742 1259 5747 __
1505 5738 1546 5747 ..
1603 5738 1614 5747 .
1656 5738 1667 5747 .

587 5748 608 5778 ³
631 5747 704 5795 Sic
724 5738 945 5795 hennul'li
964 5738 1074 5793 Mss.
1103 5750 1156 5792 At
1168 5742 1304 5801 laid,
1327 5738 1684 5805 separabimini.

552 5810 660 5870 '(n)
682 5816 915 5856 Severum
950 5805 1273 5870 alilevitatium
1291 5798 1581 5870 episcopum
1623 5801 1699 5848 hic
1739 5798 1918 5870 laudari
1956 5811 2110 5870 visum

525 5862 667 5925 nobis
688 5878 783 5931 est,
811 5868 1114 5920 considerato
1140 5862 1370 5917 sermone
1391 5868 1442 5915 iu
1468 5862 1585 5915 Psal.
1622 5876 1731 5925 xcv,
1756 5876 1837 5913 nn.
1872 5863 1894 5910 1
1927 5869 1976 5911 et
1996 5862 2041 5910 5.

1799 353 1859 410 s.
1888 334 2258 415 aucust‘rtut
2296 333 2601 417 EPlSCOPl

2210 504 2219 521 ς
2253 476 2384 531 mihi
2433 487 2489 532 ut
2527 484 2669 533 esset
2702 475 2863 532 modo
2891 474 3098 532 auditor
3122 490 3274 533 meus
3294 492 3410 548 ,eo
3437 492 3567 535 sane
3596 487 3752 551 pacto
3778 490 3839 539 ut

2209 600 2216 613 ι
2244 579 2299 623 et
2327 583 2427 639 ego
2452 570 2552 624 sim
2596 569 2762 639 ipsius
2786 611 2800 636 ,
2832 570 2955 640 quia
2980 570 3037 625 in
3067 570 3180 641 ipsa
3218 571 3477 628 charitate
3504 588 3693 629 omnes
3718 576 3836 645 ejus

2212 664 2219 697 η’
2242 661 2515 716 auditores
2540 677 2745 729 sumus,
2770 662 2857 733 qui
2887 678 3022 717 unus
3052 662 3205 719 nobis
3234 664 3286 720 in
3313 665 3454 721 caelo
3483 666 3731 737 Magister
3754 676 3836 724 est

2210 769 2215 777 '
2247 752 2458 824 (Matth.
2488 771 2616 809 χχιιι
2639 797 2653 823 ,
2684 755 2798 826 10).
2822 754 2965 827 Ergo
2992 758 3227 812 animum
3276 758 3537 815 intendite
3574 760 3640 815 ad
3675 760 3831 818 Psal-

3656 336 3659 337 ί
3694 336 3835 426 im

2242 859 2387 899 mum
2412 887 2426 913 ,
2456 861 2612 915 quem
2640 846 2696 901 in
2726 846 2912 902 ordine
2933 890 2946 912 ,
2980 848 3117 903 sicut
3137 851 3302 904 nostis
3326 891 3338 915 ,
3369 852 3704 907 tractandum
3733 854 3834 908 ha-

2208 964 2217 971 ~
2241 935 2448 991 bemus.
2475 938 2567 992 Est
2587 939 2746 993 etiam
2769 939 2881 1009 ipse
2908 949 3250 1010 praenotatus,
3274 942 3535 997 Canticum
3554 947 3833 1016 graduum;

2241 1040 2293 1084 et
2323 1031 2593 1099 aliquanto
2617 1034 2827 1088 caeteris
2866 1034 2965 1088 sub
2996 1035 3183 1090 eodem
3214 1035 3363 1091 titulo
3402 1038 3681 1106 prolixior.
3712 1040 3832 1097 Non

2240 1137 2367 1192 ergo
2395 1124 2764 1190 immoremur,
2797 1125 2896 1181 nisi
2927 1127 3015 1182 ubi
3043 1128 3335 1183 necessitas
3356 1131 3623 1200 coegerit;
3656 1140 3714 1186 ut
3741 1141 3829 1189 to-

2240 1221 2373 1282 tum,
2391 1216 2435 1269 si
2460 1217 2711 1273 Dominus
2734 1220 3057 1290 permiserit,
3078 1220 3346 1291 explicare
3373 1224 3665 1293 possimus.
3693 1225 3830 1293 Quia

2237 1313 2291 1360 et
2317 1320 2410 1362 vos
2440 1323 2547 1364 non
2579 1319 2830 1381 tauquam
2860 1312 3020 1367 rudes
3046 1313 3223 1367 omnia
3253 1313 3465 1370 debetis
3488 1316 3695 1382 audire;
3724 1317 3829 1373 ali-

2237 1390 2443 1467 quidet
2468 1400 2534 1455 de
2562 1403 2843 1471 praeteritis
2871 1403 3227 1460 auditionibus
3250 1404 3503 1475 adjuvare
3544 1421 3642 1461 nos
3664 1406 3830 1464 debe-

2238 1488 2325 1553 tis,
2353 1505 2422 1545 ne
2449 1492 2629 1546 omnia
2664 1502 2915 1563 tanquam
2944 1509 3078 1548 nova
3108 1510 3138 1548 a
3168 1495 3322 1551 nobis
3352 1494 3459 1550 dici
3487 1510 3709 1552 necesse
3733 1500 3825 1553 sit.

2237 1579 2303 1634 Et
2338 1582 2461 1637 novi
2485 1583 2698 1653 quidem
2730 1600 2851 1641 esse
2877 1585 3130 1641 debemus
3150 1628 3164 1653 ,
3196 1588 3319 1657 quia
3348 1596 3584 1643 vetustas
3623 1588 3778 1644 nobis
3806 1590 3825 1621 ¹

2236 1675 2494 1746 obrepere
2533 1693 2639 1733 non
2665 1678 2825 1734 debet
2849 1696 2862 1745 ;
2892 1679 2985 1734 sed
3016 1681 3175 1734 etiam
3202 1679 3549 1735 crescendum
3578 1689 3632 1736 et
3660 1681 3829 1750 profi-

2234 1768 2481 1822 ciendum
2509 1777 2609 1823 est.
2639 1771 2715 1825 De
2753 1771 2868 1839 ipso
2906 1771 3100 1841 quippe
3126 1770 3362 1841 profectu
3390 1772 3465 1825 ait
3489 1771 3779 1840 Apostolus
3807 1787 3823 1825 :

2233 1857 2348 1911 Etsi
2373 1861 2585 1914 emterior
2607 1861 2754 1915 homo
2771 1872 2939 1916 noster
2961 1863 3318 1932 corrumpitur,
3337 1863 3425 1917 sed
3448 1862 3655 1917 interior
3677 1879 3829 1918 reno-

2230 1960 2378 2006 vatur
2406 1954 2467 2007 de
2492 1954 2573 2007 die
2596 1955 2647 2009 in
2668 1956 2799 2009 diem
2817 1955 2883 2025 (ll
2899 1955 3015 2011 Cor.
3043 1973 3115 2021 tv,
3132 1956 3242 2028 16).
3260 1956 3375 2011 Non
3393 1957 3469 2012 sic
3483 1957 3828 2026 proficiamus

2214 2054 2289 2098 'ut
2320 2060 2383 2099 ex
2403 2046 2553 2100 novis
2577 2056 2786 2101 veteres
2799 2047 3117 2114 efficiamur,
3135 2048 3227 2103 sed
3242 2048 3352 2118 ipsa
3368 2049 3574 2103 novitas
3590 2056 3822 2103 crescat.

2302 2135 2354 2189 2.
2396 2136 2647 2191 Memento
2667 2181 2680 2203 ,
2713 2136 2931 2193 Domine
2948 2180 2962 2205 ,
2988 2138 3153 2193 David
3178 2181 3191 2203 ,
3220 2149 3265 2193 et
3289 2141 3450 2193 omnis
3476 2138 3827 2194 mansuetudi-

2230 2231 2308 2285 nis
2334 2232 2460 2297 eius.
2493 2231 2635 2287 Sicut
2657 2234 2851 2302 juratn't
2878 2232 3128 2297 Domino;
3150 2242 3315 2287 votum
3335 2235 3462 2287 vovit
3491 2231 3599 2286 Deo
3633 2232 3822 2289 Iacob.

2230 2322 2397 2378 David
2444 2323 2737 2379 secundum
2781 2323 2938 2379 ﬁdem
2968 2340 3151 2380 rerum
3194 2334 3459 2396 gestarum
3488 2340 3626 2380 unus
3654 2324 3823 2381 homo

2228 2424 2343 2469 erat
2374 2455 2390 2480 ,
2417 2430 2512 2470 rex
2538 2414 2698 2470 Israel
2725 2457 2739 2481 ,
2772 2415 2911 2470 filius
2954 2415 3124 2471 Jesse.
3156 2415 3286 2470 Erat
3339 2414 3552 2485 quidem
3603 2424 3655 2471 et
3702 2416 3822 2486 ipse

2220 2519 2557 2573 mansuetus,
2584 2509 2723 2563 sicut
2742 2524 2863 2563 eum
2894 2508 3092 2564 indicat
3116 2518 3277 2579 atque
3307 2508 3645 2563 commendat
3672 2508 3823 2564 Scri-

2224 2600 2380 2668 ptura
2410 2600 2608 2666 divina,
2635 2609 2688 2655 et
2715 2600 2787 2655 ita
2816 2608 3126 2655 mansuetus
3154 2608 3211 2654 ut
3230 2613 3330 2654 nec
3355 2599 3687 2669 persecutori
3716 2613 3820 2657 suo

2227 2692 2376 2747 Sauli
2406 2693 2605 2747 malum
2654 2708 2750 2762 pro
2795 2693 2938 2748 malo
2983 2692 3294 2748 reddiderit.
3343 2691 3587 2747 Servavit
3634 2699 3818 2745 autem

2223 2780 2351 2860 erga
2388 2804 2509 2843 eum
2543 2797 2743 2842 tantam
2776 2787 3130 2842 humilitatem
3156 2828 3172 2853 ,
3202 2795 3261 2841 ut
3297 2785 3446 2841 illum
3476 2799 3653 2855 regem
3684 2782 3821 2839 fate-

2225 2890 2396 2947 retur,
2426 2895 2484 2935 se
2506 2889 2682 2935 autem
2704 2894 2891 2935 canem
2924 2899 2936 2934 :
2965 2887 3019 2934 et
3042 2894 3149 2933 non
3171 2888 3420 2949 proterve
3445 2892 3543 2931 nec
3563 2874 3813 2946 superbe,

2223 2984 2343 3029 eum
2391 2982 2534 3029 esset
2580 2973 2635 3028 in
2666 2974 2778 3028 Deo
2822 2974 3119 3043 potentior,
3148 2971 3504 3042 respondebat
3544 2969 3689 3038 regi;
3718 2967 3815 3024 sed

2223 3082 2346 3122 eum
2377 3066 2585 3136 placare
2614 3067 2790 3137 potius
2818 3066 3100 3122 affectabat
3125 3065 3424 3119 humilitate
3444 3106 3459 3131 ,
3484 3078 3646 3134 quam
3684 3076 3817 3117 eon—

2222 3158 2389 3215 citare
2416 3156 2685 3228 superbia.
2715 3159 2889 3214 Etiam
2920 3160 2973 3213 in
3000 3167 3261 3230 potestate
3285 3157 3440 3212 datus
3468 3165 3551 3212 est
3582 3156 3632 3211 ei
3660 3154 3811 3222 Saﬁl,

2222 3258 2277 3306 et
2305 3249 2409 3305 hoc
2436 3266 2466 3305 a
2493 3250 2720 3305 Domino
2750 3251 2860 3306 Deo
2879 3291 2894 3317 ,
2923 3259 2980 3305 ut
3010 3251 3059 3306 ei
3098 3252 3297 3305 faceret
3325 3248 3581 3320 quidquid
3610 3247 3768 3302 vellet
3795 3264 3811 3300 :

2220 3342 2317 3398 sed
2351 3342 2473 3412 quia
2524 3357 2633 3397 non
2680 3350 3002 3413 praeceptum
3032 3340 3111 3396 illi
3137 3350 3252 3397 erat
3288 3349 3346 3395 ut
3384 3338 3690 3407 occideret,
3717 3335 3814 3392 sed

2222 3430 2427 3489 tantum
2449 3433 2501 3488 in
2528 3442 2789 3504 potestate
2809 3433 2963 3490 datus
2981 3433 3056 3488 illi
3086 3441 3202 3489 erat
3230 3434 3382 3504 (licet
3409 3441 3587 3487 autem
3610 3429 3813 3485 homini

2219 3525 2299 3580 uti
2324 3532 2586 3595 potestate
2611 3525 2774 3594 sua);
2809 3525 2875 3580 ad
2904 3525 3177 3580 lenitatem
3205 3525 3381 3595 potius
3424 3522 3641 3578 deﬂexit
3667 3520 3813 3592 quod

2219 3618 2271 3673 ei
2299 3617 2440 3673 Deus
2466 3616 2752 3672 concessit.
2782 3616 2884 3682 Qui
2911 3616 2957 3671 si
2987 3615 3146 3671 vellet
3174 3613 3441 3679 occidere,
3473 3620 3685 3668 careret
3712 3611 3820 3666 ini:

2219 3708 2362 3765 mico
2385 3727 2401 3763 :
2423 3708 2518 3765 sed
2542 3708 2809 3780 quomodo
2822 3709 3045 3777 diceret,
3065 3708 3279 3763 Dimitte
3300 3707 3429 3762 mihi
3450 3706 3649 3772 debita,
3672 3706 3813 3760 sicut

2219 3808 2275 3856 et
2317 3816 2417 3871 ego
2465 3800 2676 3856 dimitto
2723 3799 3054 3856 debitoribus
3084 3801 3218 3855 meis
3245 3799 3455 3872 (Matth.
3482 3814 3534 3853 v1
3560 3839 3574 3862 ,
3608 3796 3722 3866 12).
3752 3796 3810 3851 1η

2220 3892 2527 3961 speluncam
2552 3891 2771 3947 intravit
2795 3891 2921 3947 Sail!
2943 3891 3031 3947 ubi
3056 3899 3170 3945 erat
3190 3890 3370 3951 David,
3400 3888 3646 3944 nesciens
3668 3886 3811 3957 quod

2219 3982 2330 4037 illic
2356 3990 2499 4037 esset
2523 3982 2688 4037 David
2716 4000 2729 4036 :
2759 3982 2825 4037 ad
2864 3982 3162 4037 necessaria
3203 3981 3403 4036 ventris
3442 3979 3533 4034 ille
3570 3976 3805 4033 intravit.

2220 4074 2463 4131 Surrexit
2488 4076 2654 4130 David
2683 4076 2881 4131 sensim
2910 4085 2965 4131 et
2993 4075 3134 4130 lente
3164 4082 3283 4144 post
3324 4073 3499 4143 ipsum
3524 4113 3539 4137 ,
3571 4069 3811 4142 praecidit

2218 4169 2292 4225 illi
2317 4170 2385 4224 de
2410 4179 2557 4224 veste
2579 4168 2939 4239 panniculum,
2966 4182 3122 4239 quem
3151 4166 3226 4222 illi
3250 4165 3576 4227 ostenderet,
3600 4173 3659 4219 ut
3679 4176 3810 4218 nos-

2219 4269 2302 4315 set
2326 4262 2447 4331 quia
2472 4260 2622 4315 illum
2648 4261 2907 4316 habuerat
2932 4261 2986 4314 in
3014 4268 3278 4330 potestate
3302 4274 3317 4324 ;
3348 4265 3403 4312 et
3431 4271 3538 4311 non
3569 4254 3812 4311 necessi—

2219 4361 2362 4419 tate,
2407 4352 2501 4408 sed
2546 4353 2818 4407 voluntate
2858 4358 3209 4421 pepercerat,
3248 4358 3300 4405 et
3344 4348 3514 4403 noluit
3563 4346 3809 4402 occidere

2219 4441 2283 4517 (1
2314 4445 2442 4514 Reg.
2474 4459 2598 4497 xxxv
2621 4485 2637 4510 ,
2669 4443 2861 4513 4-15).
2913 4442 3075 4498 Forte
3120 4443 3290 4512 ipsam
3343 4438 3805 4495 mansuetudinem

2219 4536 2611 4591 commendavit
2638 4536 2797 4590 modo
2825 4535 3031 4603 dicens,
3063 4534 3333 4599 Memento,
3356 4531 3591 4595 Domine,
3615 4529 3804 4596 David,

2217 4637 2268 4683 et
2291 4629 2453 4682 omnis
2478 4627 2875 4682 mansuetudinis
2903 4629 3033 4697 ejus.
3056 4625 3168 4681 Hoc
3196 4624 3485 4680 secundum
3511 4637 3691 4677 rerum
3717 4634 3810 4691 ge-

2218 4728 2420 4775 starum
2450 4718 2606 4773 fidem
2632 4760 2647 4784 ,
2675 4734 2832 4787 quam
2876 4718 3146 4788 Scriptura
3192 4716 3366 4771 divina
3388 4757 3404 4782 ,
3433 4721 3491 4769 ut
3533 4713 3765 4767 diximus
3789 4751 3803 4778 ,

2217 4814 2474 4870 continet.
2501 4811 2607 4869 Sed
2622 4813 2857 4867 solemus
2877 4811 2929 4865 in
2944 4810 3166 4865 Psalmis
3188 4825 3291 4865 non
3308 4808 3373 4863 ad
3391 4807 3618 4862 litteram
3636 4812 3809 4859 atten-

2218 4907 2371 4975 dere,
2405 4909 2543 4963 sicut
2570 4908 2622 4961 in
2652 4906 2797 4961 omni
2829 4904 3124 4975 prophetia,
3154 4902 3249 4959 sed
3276 4916 3370 4972 per
3394 4901 3621 4956 litteram
3649 4910 3807 4952 scru-

2218 5001 2323 5057 tari
2350 5001 2624 5072 mysteria.
2653 4999 2719 5054 Et
2746 4998 2986 5053 meminit
3008 4996 3249 5052 Charitas
3272 5001 3447 5049 vestra
3474 4991 3595 5062 quia
3621 4990 3807 5059 cujus-

2218 5094 2340 5150 dam
2398 5093 2626 5147 hominis
2676 5106 2860 5145 vocem
2909 5090 2960 5143 in
3013 5087 3258 5142 omnibus
3306 5084 3527 5140 Psalmis
3569 5082 3809 5136 solemus

2219 5185 2441 5250 audire;
2473 5184 2566 5254 qui
2594 5198 2730 5237 unus
2776 5182 2932 5234 habet
2976 5186 3133 5248 caput
3170 5187 3225 5233 et
3264 5190 3477 5245 corpus.
3507 5172 3685 5241 Caput
3709 5184 3807 5223 au-

2217 5288 2327 5335 tem
2356 5280 2413 5334 in
2442 5277 2578 5333 etelo
2606 5283 2688 5331 est
2716 5315 2732 5341 ,
2759 5288 2953 5342 corpus
2982 5272 3034 5325 in
3064 5281 3204 5325 terra
3238 5287 3251 5323 :
3281 5268 3373 5324 sed
3401 5283 3504 5338 quo
3534 5264 3812 5336 praecessit

2218 5377 2377 5440 caput
2405 5411 2420 5435 ,
2446 5377 2498 5423 et
2512 5380 2707 5436 corpus
2744 5372 3047 5419 secuturum
3070 5372 3171 5417 est.
3199 5361 3267 5416 Et
3287 5360 3394 5431 jam
3416 5374 3521 5413 non
3546 5357 3669 5411 dico
3693 5354 3808 5426 quis

2218 5473 2379 5534 caput
2424 5462 2514 5528 sit,
2544 5460 2632 5531 qui
2690 5470 2884 5527 corpus
2936 5456 3075 5521 sint;
3124 5456 3247 5525 quia
3275 5451 3569 5509 scientibus
3596 5449 3809 5518 loquor.

2289 5556 2342 5609 5.
2382 5550 2798 5608 Commendatur
2823 5562 2953 5619 ergo
2994 5547 3266 5602 humilitas
3305 5543 3473 5599 David
3494 5585 3508 5606 ,
3533 5554 3811 5596 commen—

2217 5647 2374 5701 datur
2412 5642 2760 5697 mansuetudo
2798 5640 2962 5695 David
2988 5657 3001 5705 ;
3026 5649 3079 5695 et
3108 5638 3299 5693 dicitur
3339 5637 3447 5690 Deo
3470 5676 3486 5702 ,
3515 5631 3777 5686 Memento
3797 5674 3815 5703 ,

2218 5737 2453 5801 Domine,
2479 5735 2667 5803 David,
2697 5746 2743 5790 et
2768 5734 2931 5790 omnis
2955 5730 3351 5787 mansuetudinis
3379 5730 3510 5801 ejus.
3540 5723 3625 5786 Ad
3655 5740 3815 5801 quam

2285 5858 2301 5888 ι
2336 5856 2411 5905 sic
2434 5859 2535 5905 Arn.
2555 5858 2629 5907 Er.
2650 5858 2702 5907 et
2721 5850 2889 5916 plures
2910 5855 3018 5903 Mss.
3045 5856 3102 5904 At
3121 5855 3252 5914 hom,
3268 5845 3417 5903 novis.
