4078 6526
263 349 420 410 1717.
1351 333 1751 397 ENARRATIO
1770 331 1837 389 IN
1874 331 2198 415 PSALMUM
2233 337 2470 422 CXXXI.
3419 349 3557 408 "is

265 483 383 524 rem
407 471 672 530 memento,
698 461 912 522 Domine
930 504 948 532 ,
979 459 1188 524 Dauid?
1213 459 1359 528 Sicut
1381 459 1577 532 juravit
1596 456 1816 513 Domino
1839 495 1855 524 ,
1966 473 2065 528 per
2093 461 2323 533 linguam
2344 464 2460 534 ejus
2484 461 2537 520 in
2562 464 2669 546 alio
2692 464 2843 523 locus
2871 467 3096 524 Domino
3112 510 3127 536 ,
3158 483 3264 525 non
3294 479 3471 528 autem
3502 472 3561 527 fit

269 571 439 616 votum
467 559 595 613 vovit
621 555 730 612 Deo
752 555 933 612 Iacob.
960 555 1102 627 Ergo
1127 555 1193 610 ad
1223 554 1325 611 hoc
1355 561 1641 617 memento,
1672 561 1730 607 ut
1758 550 1862 606 im-
1967 553 2082 624 ipse
2108 556 2258 611 locus
2287 555 2533 612 Domino.
2565 557 2665 623 Qui
2695 567 2874 615 autem
2903 575 3020 630 quae
3051 559 3208 617 docet
3229 561 3365 618 bene
3389 561 3516 619 facit
3543 607 3558 633 ,

269 654 416 728 pieat
445 652 585 726 quod
612 651 875 723 promisit.
905 650 1022 724 Ipse
1049 648 1212 705 David
1236 649 1381 705 vovit
1408 657 1655 719 tanquam
1686 645 1736 700 in
1765 660 1862 716 po-
1969 655 2026 703 et
2048 648 2124 704 sic
2148 649 2342 715 docet,
2368 650 2424 704 fit
2449 649 2595 705 locus
2622 650 2850 707 Domino
2885 667 3006 708 cum
3049 669 3118 710 eo
3160 669 3321 724 quem
3365 654 3522 712 docet
3547 674 3562 712 :

271 737 467 803 testate
490 743 714 810 habens,
743 751 799 800 et
827 751 976 815 rogat
1005 744 1171 798 Deum
1199 750 1255 798 ut
1280 739 1499 811 impleat
1516 738 1660 811 quod
1682 738 1824 794 vovit
1849 756 1865 794 :
1972 739 2092 811 quia
2115 757 2303 799 omnes
2322 743 2603 799 credentes
2631 760 2794 801 unum
2816 745 2991 801 locum
3017 747 3216 802 faciunt
3237 748 3478 805 Domino.
3506 749 3563 804 ln

273 847 358 896 est
399 837 614 894 devotio
641 835 884 892 voveatis
907 876 922 902 ,
950 834 1046 891 sed
1075 842 1158 891 est
1193 832 1462 889 humilitas
1508 829 1866 902 deprecantis.
1974 832 2136 886 corde
2165 833 2308 887 enim
2341 833 2499 890 habet
2525 835 2700 892 locum
2729 837 3005 905 Dominus;
3031 839 3152 911 quia
3180 856 3341 896 unum
3367 856 3460 898 cor
3485 850 3568 899 est

222 997 225 1002 I
274 930 446 990 Nemo
492 938 780 1002 praesumat
812 928 1013 985 viribus
1039 928 1150 985 suis
1189 943 1250 985 se
1277 927 1501 984 reddere
1543 925 1684 996 quod
1713 939 1874 982 vove-
1975 925 2216 1002 omnium
2245 927 2295 982 in
2322 927 2578 986 charitate
2606 931 2996 1001 copulatorum.

236 1015 239 1018 ’
277 1024 346 1078 rit
377 1039 389 1076 :
420 1023 508 1093 qui
536 1031 586 1078 te
608 1021 850 1076 hortatur
876 1031 934 1077 ut
961 1036 1176 1089 voveas,
1210 1022 1324 1092 ipse
1347 1020 1559 1088 adjuvat
1580 1027 1636 1074 ut
1656 1017 1870 1074 reddas.
2050 1017 2105 1074 5.
2132 1015 2299 1085 Quam
2351 1021 2515 1076 multa
2561 1023 2725 1078 millia
2776 1024 3160 1092 crediderunt,
3193 1027 3386 1084 fratres
3415 1029 3520 1084 mei
3551 1071 3568 1097 ,

277 1113 415 1184 Quid
439 1129 565 1186 ergo
589 1113 733 1170 vovit
762 1113 1056 1178 videamus,
1081 1123 1135 1169 et
1163 1114 1287 1169 hinc
1313 1110 1653 1182 intelligimus
1686 1125 1875 1181 quem-
1980 1107 2190 1181 quando
2217 1109 2383 1179 pretia
2403 1125 2582 1168 rerum
2605 1129 2820 1170 suarum
2848 1117 3220 1187 posueruntad
3245 1119 3405 1190 pedes
3431 1122 3574 1191 Apo-

279 1205 566 1262 admodum
617 1206 688 1260 sit
744 1205 1082 1278 accipiendus
1139 1206 1193 1260 in
1243 1204 1408 1276 ﬁgura
1471 1202 1654 1259 David.
1710 1201 1876 1259 David
1981 1198 2419 1256 stolorum!Scd
2471 1203 2595 1273 quid
2637 1205 2704 1262 de
2748 1206 2850 1262 illis
2899 1207 3026 1262 dicit
3068 1207 3575 1280 Scriptura?Certe

281 1311 459 1355 autem
487 1300 903 1370 interpretatur,
937 1300 1092 1354 Manu
1117 1298 1288 1355 fortis.
1316 1299 1450 1354 Erat
1482 1299 1623 1354 enim
1654 1312 1879 1369 magnus
1984 1292 2107 1348 facti
2148 1301 2272 1348 sunt
2317 1295 2571 1366 templum
2616 1296 2746 1364 Dei;
2778 1313 2884 1354 non
2932 1309 3134 1356 tantum
3179 1303 3438 1374 templum
3483 1306 3577 1360 Dei

282 1391 642 1464 belligerator.
667 1393 1002 1450 Praesmnens
1029 1392 1246 1466 quidem
1275 1391 1345 1448 de
1368 1391 1593 1446 Domino
1615 1391 1725 1446 Deo
1757 1405 1876 1459 suo,
1986 1385 2201 1456 singuli,
2232 1385 2325 1441 sed
2357 1397 2410 1441 et
2437 1401 2623 1444 omnes
2651 1391 2905 1460 templum
2938 1391 3031 1447 Dei
3061 1393 3242 1447 simul.
3275 1393 3424 1449 Facti
3455 1405 3579 1450 sunt

282 1483 514 1539 confecit
539 1483 677 1539 bella
701 1484 1215 1555 omnia,prostravit
1241 1498 1427 1540 omnes
1447 1483 1689 1538 inimicos
1713 1495 1839 1538 suos
1863 1521 1880 1549 ,
1987 1492 2116 1548 ergo
2152 1477 2304 1534 locus
2353 1479 2598 1535 Domino.
2630 1479 2697 1536 Et
2724 1491 2780 1536 ut
2818 1485 3071 1541 noveritis
3113 1487 3234 1557 quia
3262 1503 3399 1544 unus
3429 1487 3579 1546 locus

285 1573 394 1632 Deo
438 1590 496 1631 se
524 1574 842 1646 adjuvante,
870 1574 1318 1646 quemadmodum
1369 1588 1430 1630 se
1474 1573 1703 1629 habebat
1739 1572 1884 1629 illius
1989 1568 2160 1626 factus
2187 1578 2268 1625 est
2295 1571 2520 1628 Domino
2547 1572 2600 1628 in
2628 1574 2906 1642 omnibus,
2935 1575 3209 1648 Scriptura
3247 1579 3416 1636 dicit:
3451 1579 3583 1637 Erat

284 1665 498 1737 imperii
526 1666 890 1738 dispensatio;
924 1667 1271 1739 praefigurans
1297 1674 1475 1722 tamen
1508 1665 1699 1721 fortem
1723 1680 1886 1721 manu
1988 1664 2094 1719 illis
2121 1667 2290 1720 anima
2311 1683 2411 1722 una
2439 1676 2484 1721 et
2513 1684 2600 1722 cor
2623 1685 2777 1724 unum
2802 1670 2854 1724 in
2884 1669 3048 1725 Deum
3073 1673 3207 1742 (Act.
3237 1689 3294 1739 ιι,
3317 1676 3408 1741 At;
3437 1685 3483 1730 et
3505 1690 3578 1745 tv,

287 1759 573 1830 quemdam
601 1759 669 1815 a'd
714 1759 1062 1816 debellandos
1103 1760 1348 1815 inimicos
1373 1801 1389 1827 ,
1415 1758 1682 1815 diabolum
1711 1766 1766 1814 et
1792 1774 1888 1814 an-
1992 1759 2028 1816 ι
2052 1802 2065 1827 ,
2097 1758 2200 1829 52,
2233 1759 2345 1832 '55).
2379 1760 2526 1817 Multi
2566 1771 2744 1818 autem
2791 1778 2858 1819 ne
2883 1762 3080 1819 faciant
3109 1766 3283 1822 locum
3315 1767 3543 1823 Domino
3567 1810 3582 1835 ,

287 1843 439 1922 gelos
477 1853 615 1922 ejus.
647 1852 757 1909 llos
783 1861 961 1908 autem
1000 1852 1246 1908 inimicos
1278 1851 1513 1907 Ecclesia
1541 1851 1789 1907 debellat.
1820 1849 1890 1906 Et
1993 1869 2089 1922 sua
2117 1862 2378 1924 quaerunt,
2403 1869 2499 1910 sua
2524 1855 2767 1927 diligunt,
2797 1865 3058 1925 potestate
3079 1873 3172 1912 sua
3197 1858 3451 1928 gaudent,
3478 1860 3589 1929 pri-

287 1945 559 2017 quomodo
585 1945 1725 2003 debellatHiansuetudine.Mansuetudine
1746 1944 1888 2000 enim
1997 1957 2176 2002 vatum
2224 1964 2379 2002 suum
2431 1950 2832 2020 concupiscunt.
2876 1951 2976 2018 Qui
3025 1961 3203 2006 autem
3252 1954 3366 2006 vult
3412 1950 3592 2007 facere

286 2034 407 2105 ipse
449 2036 565 2090 Rex
608 2044 792 2092 noster
829 2036 957 2091 vicit
1001 2036 1294 2092 diabolum.
1324 2036 1588 2093 Saeviebat
1634 2035 1757 2101 ille;
1789 2036 1892 2091 iste
1997 2041 2173 2096 locum
2206 2041 2427 2096 Domino
2447 2083 2461 2108 ,
2491 2057 2596 2097 non
2626 2043 2693 2097 de
2720 2043 2953 2112 privato,
2983 2045 3076 2100 sed
3106 2045 3174 2100 de
3200 2045 3468 2099 connnuni
3499 2045 3593 2099 de-

286 2129 583 2186 sufl'crebat
612 2147 626 2184 :
655 2130 825 2186 victus
853 2139 936 2186 cst
961 2131 1052 2202 qui
1081 2131 1365 2196 saeviebat;
1397 2130 1524 2186 vicit
1551 2128 1640 2200 qui
1669 2128 1892 2186 sufl'ere-
1998 2134 2092 2188 bet
2116 2132 2368 2203 gaudere.
2402 2133 2514 2190 lloc
2541 2133 2617 2188 illi
2644 2133 2885 2189 fecerunt
2911 2135 2976 2190 de
3004 2135 3164 2190 rebus
3193 2137 3302 2192 suis
3330 2135 3550 2205 privatis
3577 2153 3593 2201 ;

288 2221 405 2290 bat.
438 2220 498 2275 ln
525 2222 624 2276 ista
653 2220 1058 2279 mansuetudine
1081 2237 1274 2293 corpus
1293 2221 1513 2289 Christi,
1537 2220 1678 2292 quod
1699 2228 1781 2277 est
1804 2221 1893 2276 Ec-
1998 2224 2244 2299 fecerunt
2265 2225 2382 2280 illas
2403 2240 2737 2283 communes.
2765 2226 2920 2294 Quod
2950 2225 3218 2283 habebant
3240 2242 3416 2293 suum,
3441 2243 3598 2287 num:

292 2313 498 2380 clesia,
524 2313 687 2370 vincit
739 2314 1008 2372 inimicos.
1053 2315 1133 2370 Sit
1181 2330 1344 2370 manu
1393 2312 1587 2380 fortis,
1621 2311 1894 2385 operando
1999 2319 2129 2392 quid
2177 2319 2506 2375 amiserunt?
2535 2317 2592 2375 Si
2632 2317 2734 2374 soli
2775 2318 3074 2386 haberent,
3125 2327 3182 2374 et
3231 2319 3597 2389 unusquisque

298 2405 500 2461 vincat.
529 2404 665 2461 Cum
694 2415 871 2463 autem
899 2421 1094 2478 corpus
1120 2405 1320 2462 Christi
1345 2415 1427 2462 est
1448 2416 1503 2463 et
1532 2406 1812 2476 templum,
1839 2413 1897 2462 et
1997 2427 2155 2468 suum
2179 2411 2418 2478 haberet;
2444 2409 2546 2465 hoc
2560 2409 2736 2467 solum
2752 2410 2976 2466 haberet
2995 2410 3135 2482 quod
3157 2426 3311 2467 suum
3333 2410 3596 2465 habebat:

297 2497 493 2554 domus
519 2538 534 2565 ,
563 2505 618 2554 et
656 2497 880 2566 civitas;
908 2508 964 2555 et
1007 2500 1096 2556 ille
1121 2499 1212 2570 qui
1238 2508 1397 2571 caput
1421 2500 1660 2571 corporis
1683 2511 1768 2556 est
1794 2539 1810 2567 ,
1841 2507 1898 2556 et
1997 2517 2123 2560 cum
2171 2512 2348 2558 autem
2392 2501 2534 2574 quod
2564 2503 2836 2573 preprium
2859 2512 3009 2571 erat,
3035 2518 3320 2560 commune
3365 2503 3518 2567 fecit;
3547 2512 3603 2558 et

299 2590 566 2646 habitator
590 2591 781 2647 domus
801 2599 904 2660 est,
923 2599 978 2647 et
1002 2591 1363 2648 sanctificator
1390 2590 1574 2662 templi
1595 2601 1696 2659 est,
1720 2599 1775 2646 et
1800 2605 1897 2646 rex
1999 2580 2066 2652 ea
2099 2611 2218 2667 qua:
2248 2605 2401 2651 erant
2440 2604 2756 2652 cacterorum
2779 2637 2794 2663 ,
2824 2596 2992 2667 ipsius
3018 2595 3157 2651 facta
3183 2602 3325 2650 sunt.
3355 2593 3601 2652 lnteudat

301 2682 534 2738 civitatis
557 2693 639 2739 est
667 2701 682 2740 :
710 2684 979 2756 quomodo
1003 2684 1241 2742 Ecclesia
1268 2686 1444 2740 omnia
1473 2685 1564 2740 illa
1587 2726 1602 2751 ,
1629 2685 1706 2739 sic
1732 2683 1897 2739 Chri-
2004 2688 2253 2744 Charitas
2285 2697 2463 2745 vestra
2493 2706 2505 2741 :
2539 2689 2662 2759 quia
2691 2697 2910 2760 propter
2935 2689 3024 2744 illa
3053 2705 3170 2760 quae
3199 2689 3390 2759 singuli
3433 2689 3605 2758 possi-

303 2785 419 2852 stus
449 2777 624 2831 omnia
647 2777 767 2832 ista.
790 2777 927 2844 Quid
948 2793 1076 2850 ergo
1095 2778 1338 2834 vovimus
1361 2777 1493 2846 Deo,
1520 2778 1622 2832 nisi
1651 2787 1706 2832 ut
1731 2777 1900 2832 simus
1995 2781 2198 2844 demus
2219 2821 2235 2848 ,
2273 2781 2508 2836 existunt
2553 2780 2675 2836 lites
2700 2821 2717 2849 ,
2750 2782 3042 2836 inimicitia:
3072 2822 3087 2846 ,
3116 2780 3399 2836 discordiae
3423 2823 3438 2847 ,
3464 2779 3606 2835 bella

306 2871 561 2942 templum
581 2871 866 2928 Dei‘iNihil
888 2871 1089 2942 gratius
1117 2872 1166 2928 ei
1193 2886 1476 2942 possumus
1502 2870 1714 2938 offerre,
1739 2883 1898 2941 quam
2007 2871 2149 2926 inter
2175 2870 2421 2928 homines
2441 2913 2456 2938 ,
2488 2872 2744 2928 tumultus
2762 2915 2776 2941 ,
2806 2873 3169 2930 dissensiones
3196 2873 3483 2930 adversum
3505 2887 3564 2931 se
3585 2915 3606 2942 ,

299 2973 366 3027 ιιι
394 2963 634 3022 dicamus
663 2965 712 3021 ei
741 2965 884 3036 quod
909 2965 1103 3022 dicitur
1128 2965 1180 3020 in
1209 2964 1364 3030 lsaia,
1388 2963 1598 3019 Posside
1622 2979 1712 3018 nos
1745 2960 1898 3034 (Isai.
2001 2963 2261 3044 scandala
2285 3005 2301 3032 ,
2334 2972 2548 3034 peccata
2580 3004 2597 3032 ,
2643 2963 2954 3034 iniquitates
2982 3006 2997 3033 ,
3027 2964 3332 3020 homicidia.
3379 2964 3608 3034 Propter

305 3074 461 3125 xm,
480 3059 592 3130 l3).
625 3059 690 3114 Et
709 3059 923 3130 quidem
944 3059 960 3090 ¹
991 3059 1045 3113 in
1075 3058 1190 3113 istis
1219 3057 1644 3128 possessionibus
1675 3056 1903 3112 terrenis
2008 3056 2169 3129 quin?
2195 3055 2424 3127 Propter
2448 3056 2560 3127 ipsa
2585 3071 2705 3128 quae
2734 3055 2924 3127 singuli
2954 3057 3311 3127 possidemus.
3340 3055 3610 3126 Numquid

303 3149 680 3223 patrifamilias
717 3157 1000 3222 praestatur
1023 3191 1040 3218 ,
1065 3149 1276 3221 quando
1305 3151 1355 3205 ei
1383 3149 1542 3216 datur
1584 3147 1855 3220 possessio
1884 3163 1899 3201 :
2001 3158 2232 3230 propter
2259 3150 2358 3206 ista
2384 3165 2502 3222 qua:
2527 3150 2886 3206 communiter
2915 3150 3271 3221 possidemus,
3297 3150 3565 3220 litigamus
3584 3148 3612 3202 ?

303 3257 416 3306 non
441 3243 518 3298 sic
538 3251 618 3298 est
637 3242 928 3314 possessio,
945 3258 1065 3313 qua:
1079 3250 1163 3298 est
1182 3241 1557 3313 Ecclesia;ipsi
1577 3239 1904 3313 possessioni
1999 3245 2212 3318 ,Aerem
2239 3242 2397 3298 istum
2427 3243 2786 3302 communiter
2809 3241 3076 3312 ducimus,
3110 3242 3278 3296 solem
3305 3239 3610 3295 communi-

303 3341 615 3410 przestatur,
641 3343 755 3389 uta
782 3334 873 3390 tali
901 3334 1256 3406 possideatur.
2013 3346 2098 3393 ter
2126 3349 2315 3392 omnes
2340 3333 2604 3392 videmus.
2636 3333 2784 3390 Beati
2810 3348 2938 3403 ergo
2966 3333 3054 3404 qui
3096 3333 3172 3387 sic
3206 3331 3406 3386 faciunt
3431 3333 3606 3388 locum

380 3428 436 3482 4.
469 3427 608 3497 Quid
649 3442 779 3499 ergo
831 3426 994 3496 dicit,
1032 3427 1178 3483 Sicut
1214 3428 1409 3499 juravit
1455 3425 1707 3494 Domino,
1734 3435 1908 3482 votum
2011 3426 2280 3494 Domino,
2309 3434 2367 3484 ut
2405 3427 2612 3499 privato
2655 3439 2755 3482 suo
2803 3439 2909 3481 non
2951 3424 3239 3495 gaudeant.
3265 3423 3450 3479 Talem
3481 3438 3611 3496 ergo

301 3519 443 3590 ρουίι
471 3518 582 3576 Deo
611 3518 771 3576 Jacob
787 3521 814 3574 7
840 3519 1134 3578 Videamus
1158 3519 1302 3591 quod
1330 3529 1512 3576 votum
1531 3521 1574 3574 ’.
1605 3518 1795 3576 Jurare
1824 3526 1910 3574 est
1999 3520 2354 3582 describebat
2380 3520 2503 3588 iste,
2527 3520 2622 3592 qui
2637 3518 2868 3587 dicebat,
2894 3517 2955 3575 Si
2974 3517 3214 3572 introiero
3241 3517 3294 3572 in
3316 3517 3612 3572 tabernacu-

297 3623 493 3678 autem
518 3611 674 3670 firme
696 3613 1032 3686 promittere.
1063 3611 1338 3668 Attendite
1357 3621 1539 3670 votum
1565 3609 1689 3680 hoc,
1721 3609 1774 3667 id
1801 3618 1906 3680 est,
2001 3615 2125 3682 _._lum
2145 3615 2325 3672 domus
2349 3630 2490 3672 mea.
2519 3613 2788 3671 Privatum
2808 3610 2911 3670 hoc
2934 3622 3068 3667 erat.
3091 3609 3305 3666 Sciebat
3328 3609 3533 3679 privato
3553 3622 3614 3664 se

299 3705 459 3778 quod
487 3713 704 3763 voverat
743 3721 849 3779 quo
889 3706 1080 3763 ardore
1122 3705 1331 3761 voverit
1351 3744 1368 3772 ,
1390 3719 1495 3776 quo
1536 3717 1720 3765 amore
1750 3744 1766 3770 ,
1803 3717 1912 3774 quo
2001 3711 2288 3783 impediri,
2321 3724 2390 3768 ne
2417 3709 2617 3794 faceret
2645 3709 2823 3766 locum
2852 3705 3097 3772 Domino,
3127 3711 3181 3759 et
3206 3718 3265 3757 ea
3284 3715 3614 3758 commemo-

307 3796 605 3865 desiderio;
636 3805 691 3854 et
718 3806 895 3854 tamen
918 3798 987 3853 ad
1018 3799 1120 3852 hoc
1145 3795 1474 3867 implendum
1500 3795 1785 3851 Dominum
1811 3793 1910 3850 de-
2000 3811 2105 3860 -rat
2128 3817 2250 3873 quae
2275 3801 2344 3860 ad
2370 3793 2608 3874 scipsum
2642 3799 2978 3871 pertinebant
3009 3814 3021 3850 :
3049 3811 3155 3852 non
3185 3794 3418 3849 introibo
3448 3794 3501 3847 in
3528 3804 3613 3847 ta-

301 3901 566 3964 precatus
581 3901 673 3954 est
695 3893 899 3949 dicens.
922 3889 1199 3959 Memento,
1221 3889 1454 3956 Domine,
1477 3887 1663 3955 David,
1685 3896 1730 3943 et
1749 3888 1912 3943 omnis
2007 3894 2348 3963 ,ιριηαοαιῳι
2387 3893 2568 3960 domu;
2592 3907 2716 3946 mea:
2732 3932 2750 3958 ,
2781 3890 2940 3944 donec
2965 3887 3216 3942 inveniam
3243 3901 3260 3939 :
3287 3883 3458 3956 quid?
3487 3899 3614 3939 cum

304 3983 717 4050 mmetudinis
745 3983 871 4054 ⁸11⁸³·
897 3982 956 4038 in
985 3982 1086 4038 hac
1108 3980 1516 4040 mansuemdine
1540 3988 1724 4035 VOillm
1746 3979 1910 4046 νονίῐν
2007 3987 2290 4058 inveneris
2330 3986 2508 4056 locum
2553 3985 2782 4042 Domino
2805 4025 2822 4049 ,
2845 3981 3068 4039 intrabis
3110 3981 3162 4034 in
3210 3976 3615 4034 tabernaculum

307 4085 378 4142 ,ιιι
404 4076 478 4142 sit
499 4075 692 4132 domus
719 4075 817 4132 Dei
848 4091 863 4129 :
899 4075 959 4131 Si
985 4075 1224 4132 introiero
1246 4075 1299 4129 in
1327 4072 1703 4130 tabernaculum
1733 4071 1914 4127 domus
2021 4081 2210 4142 mum?
2234 4081 2318 4136 Αη
2342 4080 2518 4151 ipsum
2545 4080 2562 4111 ι
2595 4079 2698 4136 erit
2729 4075 3128 4134 tabernaculum
3156 4082 3329 4139 tuum,
3353 4071 3444 4128 ubi
3465 4072 3615 4127 inve-

309 4183 476 4244 μω,
501 4167 548 4222 si
572 4168 842 4238 «cendere
865 4183 1017 4240 super
1050 4166 1233 4222 lectum
1265 4173 1453 4221 stratus
1479 4163 1596 4218 mei.
1637 4162 1698 4219 Si
1728 4163 1915 4218 dedero

2008 4173 2169 4234 tueris
2197 4173 2374 4230 locum
2403 4171 2668 4228 Domino?
2686 4169 2896 4238 Quare?
2923 4167 3055 4237 Quia
3078 4165 3192 4237 ipse
3212 4164 3318 4221 eris
3339 4162 3486 4220 locus
3512 4161 3618 4218 Do-

306 4275 551 4326 mmnum
574 4260 733 4328 oculis
760 4260 903 4315 meis.
937 4259 1132 4316 Parum
1159 4257 1306 4316 Visus
1338 4265 1422 4313 εει
1445 4256 1624 4314 dicere
1641 4298 1657 4325 θ
1679 4271 1916 4312 8omnum
2009 4265 2179 4332 .mini,
2202 4274 2398 4330 etcum
2423 4262 2502 4319 eis
2531 4263 2624 4334 qui
2657 4260 2853 4319 fuerint
2873 4260 3022 4315 locus
3037 4257 3274 4324 Domini,
3298 4271 3460 4312 unum
3483 4253 3614 4311 eris.

303 4352 478 4420 oculis
498 4353 622 4420 ηωὶε
643 4351 745 4407 ἰΕι
767 4351 1019 4423 palpebris
1043 4351 1167 4408 meis
1181 4350 1611 4422 dormitationem;
1628 4358 1677 4405 ει
1695 4348 1916 4422 requiem
2097 4357 2152 4414 6.
2181 4355 2555 4424 Abstineamus
2576 4368 2702 4426 ergo
2729 4367 2848 4421 nos,
2873 4351 3086 4419 fratres,
3115 4365 3146 4405 a
3168 4347 3509 4422 possessione
3536 4345 3620 4402 rei

303 4444 630 4527 ,thibm
654 4444 775 4500 me“
795 4444 840 4500 Si
868 4443 1088 4512 dedero.
1114 4445 1442 4518 quoadusque
1465 4443 1718 4499 inveniam
1747 4443 1918 4498 locum
2011 4451 2271 4522 privatas;
2288 4457 2382 4504 aut
2398 4447 2466 4504 ab
2481 4461 2686 4513 amore,
2706 4445 2754 4501 si
2769 4459 2874 4502 non
2895 4457 3182 4515 possumus
3199 4456 3230 4495 a
3253 4438 3617 4512 possessione;

309 4535 565 4606 Domino,
587 4536 967 4593 tabernaculum
991 4536 1099 4592 Deo
1119 4535 1299 4592 Iacob.
1315 4537 1415 4594 Ubi
1437 4535 1712 4608 qumrebat
1738 4534 1919 4592 locum

2023 4553 2086 4602 et
2103 4543 2326 4602 facimus
2355 4540 2532 4598 locum
2553 4538 2796 4596 Domino.
2825 4536 3050 4594 Multum
3079 4544 3163 4591 est
3185 4531 3252 4589 ad
3282 4547 3391 4599 me,
3420 4530 3494 4588 ait
3524 4529 3620 4586 ali-

309 4629 659 4688 Domino'iSi
685 4639 992 4688 mansuetus
1011 4637 1147 4698 erat.
1166 4631 1221 4686 in
1246 4644 1304 4686 se
1323 4628 1618 4701 qumrcbat-
1637 4627 1920 4697 QuomOdO
2025 4637 2168 4708 quis.
2196 4633 2303 4693 Sed
2328 4631 2452 4689 vide
2484 4631 2604 4702 quis
2631 4631 2751 4698 sis',
2780 4629 3014 4686 facturus
3039 4627 3228 4694 locum
3272 4623 3523 4680 Domino.
3565 4622 3625 4681 Si

311 4733 406 4786 est
426 4724 576 4782 enim
591 4724 740 4780 locus
765 4723 1013 4779 Domini?
1036 4721 1177 4778 Audi
1199 4719 1513 4793 prophetam
1537 4737 1551 4776 :
1576 4719 1748 4792 Super
1771 4736 1920 4792 quem
2027 4727 2192 4784 vellet
2219 4723 2359 4796 apud
2387 4733 2441 4780 te
2468 4721 2756 4793 hospitium
2787 4719 2986 4776 habere
3024 4719 3216 4790 aliquis
3244 4725 3481 4782 senator,
3511 4729 3622 4769 non

304 4817 598 4892 requiescet
627 4815 855 4888 Spiritus
880 4814 1056 4870 υιεαδῖ
1083 4813 1253 4883 super
1279 4813 1554 4880 humilem.
1581 4822 1628 4867 ει
1657 4813 1877 4883 quietum
1899 4851 1918 4882 ο
2013 4819 2153 4879 .dico
2191 4825 2439 4884 senator,
2483 4824 2797 4887 procurator
2837 4813 3060 4884 alicujus
3102 4810 3278 4880 magni
3327 4806 3622 4865 secundum

309 4920 370 4971 ιι
395 4920 690 4968 trementem
726 4911 876 4966 verba
915 4925 1026 4964 mea
1053 4907 1164 4980 (Id.
1200 4921 1326 4963 va1
1351 4906 1467 4978 ,2).
1504 4907 1595 4963 \‘is
1623 4921 1743 4963 esse
1771 4907 1921 4962 locus
2013 4911 2308 4976 saeuitum,
2351 4915 2409 4965 et
2446 4906 2669 4975 diceret,
2700 4904 2931 4962 Ofl‘endit
2958 4920 3044 4960 me
3085 4901 3339 4975 quiddam
3367 4901 3422 4956 in
3458 4898 3621 4954 domo

313 5003 584 5064 Domini?
611 5003 740 5062 Esto
769 5001 986 5070 humilis
1004 5043 1020 5069 ,
1050 5009 1108 5056 et
1141 5000 1351 5071 quietus
1371 5039 1386 5065 ,
1412 5006 1469 5054 ει
1496 5006 1730 5054 tremens
1759 4996 1921 5053 verba
2029 5013 2160 5070 tua;
2186 5002 2290 5060 etsi
2314 5015 2526 5068 amares
2561 5000 2684 5068 hoc,
2712 4999 2953 5058 auferres
2988 5007 3167 5053 tamen
3194 5011 3262 5052 ne
3297 5010 3420 5050 eum
3448 4991 3619 5049 offen-

309 5093 421 5159 Dei
440 5137 458 5164 ν
479 5103 536 5156 ei
562 5106 618 5153 ιιι
645 5097 759 5166 ipse
782 5094 1032 5160 eiﬁCiel‘iS
1058 5091 1203 5164 (ιυοά
1229 5092 1422 5163 (Ιυωτίε
1453 5091 1496 5147 ³ο
1523 5091 1580 5146 Si
1611 5091 1752 5146 enim
1784 5091 1837 5145 iii
1869 5099 1922 5148 le
2003 5097 2211 5164 ‘deres,
2232 5095 2300 5152 ad
2319 5093 2474 5166 cujus
2493 5093 2781 5152 amicitiam
2806 5092 3059 5148 ambires.
3081 5089 3152 5144 Et
3172 5087 3298 5160 quid
3328 5087 3420 5142 tibi
3448 5086 3615 5157 prod—

310 5202 435 5251 non
460 5187 554 5244 fiat
573 5187 714 5258 quod
733 5186 948 5259 quaeris,
968 5187 1018 5240 in
1041 5185 1210 5241 altero
1235 5183 1359 5256 quid
1386 5182 1478 5239 tibi
1502 5181 1760 5254 prodest?
1781 5182 1920 5254 Ope-

2031 5202 2118 5252 est
2148 5189 2382 5248 hominis
2419 5189 2688 5248 amicitia?
2738 5187 2901 5244 Forte
2937 5184 3008 5239 ibi
3055 5199 3162 5240 non
3190 5182 3364 5240 solum
3413 5179 3620 5236 nullum

305 5287 478 5346 statur
506 5278 723 5350 quidem
748 5279 886 5336 Deus
911 5277 1196 5350 aliquando
1222 5293 1317 5348 per
1349 5275 1725 5346 evangelistam
1773 5274 1915 5329 salu-

2023 5284 2312 5353 .auxilium,
2330 5282 2425 5340 sed
2451 5289 2509 5339 et
2535 5279 2830 5352 periculum
2861 5275 3149 5338 invenires.
3175 5272 3310 5330 Nam
3335 5271 3485 5327 multi
3510 5286 3617 5326 non

309 5381 438 5436 κω
466 5373 690 5432 nimius
727 5379 930 5428 “illum
949 5411 966 5439 ν
990 5370 1036 5426 Si
1067 5370 1182 5441 ipse
1211 5369 1341 5426 (Πολι
1370 5377 1424 5426 ει
1453 5385 1559 5426 “Oli
1587 5365 1715 5424 iac“
1741 5383 1756 5436 ;
1782 5375 1837 5424 ει
1863 5366 1925 5423 iii
2032 5377 2482 5450 periclitabantur
2536 5382 2820 5444 antequam
2883 5367 3176 5439 majoribus
3230 5365 3618 5437 jungerentur;

2025 5479 2354 5543 .exoptarunt
2376 5469 2639 5540 majorum
2668 5463 2950 5530 amicitias,
2974 5471 3033 5518 ut
3054 5461 3255 5532 majora
3283 5459 3518 5532 pericula
3540 5457 3622 5514 in-

392 5555 412 5588 ¹
436 5555 513 5604 ste
531 5557 645 5615 boy,
669 5557 808 5612 1113.,
831 5549 1084 5615 equidem.
1168 5555 1224 5598 In.

393 5555 513 5648 :Sif’
531 5557 645 5603 D0"
669 5557 808 5612 “me
831 5553 1084 5625 ςσιιίειεηιέ
1168 5555 1224 5598 Μ·
2031 5574 2333 5624 currerent.
2360 5562 2590 5621 Securus
2616 5569 2741 5630 opta
2765 5557 3056 5613 amicitiam
3094 5554 3295 5612 Christi
3320 5571 3332 5608 :
3363 5553 3623 5625 hospitari

425 5613 660 5685 ,mc.
1068 5610 1658 5685 alite.
1671 5608 1753 5660 “la
1773 5621 1922 5674 repe-
2033 5659 2172 5685 ...ηηι
2205 5667 2257 5685 ΙΛ
2284 5655 2392 5685 .mh
2417 5669 2430 5682 ο
2456 5653 2536 5685 [σπι
2564 5651 2636 5685 illi
2670 5651 2842 5685 Innnm
2887 5647 3022 5685 (huic!
3055 5655 3133 5685 ac!
3190 5648 3270 5685 fon
3299 5645 3371 5685 illi
3407 5646 3580 5685 Inmlm
3599 5643 3623 5685 9

305 5643 1924 5739 _méi"ii&“&'s¥}n“u3"f¢?niﬁm"ii&."1§§h3"£¥3¢£&§‘éi552.1132;
2032 5659 2173 5731 apud
2205 5667 2258 5714 te
2284 5655 2432 5719 vult;
2456 5653 2537 5708 fac
2563 5651 2640 5707 illi
2668 5651 2866 5706 locum.
2887 5647 3025 5718 Quid
3055 5655 3155 5715 est,
3189 5648 3271 5704 fac
3299 5645 3374 5702 illi
3405 5643 3623 5701 locum?

297 5734 522 5805 volare.
547 5745 601 5788 Et
623 5751 733 5805 mox
753 5734 951 5805 addunt,
981 5747 1124 5805 quam
1145 5734 1443 5805 iurejuruie
1469 5735 1572 5797 (vel
1606 5734 1754 5802 quam
1769 5735 1920 5800 jura-
2097 5795 2112 5805 _
2345 5795 2432 5805 ____
2494 5785 2510 5805 ,

330 5791 424 5864 r5).
447 5809 566 5861 Qua:
580 5802 730 5850 verba
753 5814 850 5850 non
873 5800 922 5848 in
939 5791 1161 5848 erunibus
1189 5791 1384 5852 exstant
1406 5791 1514 5850 Mss.
1620 5791 1632 5802 ’
1769 5791 1790 5800 ⁷

397 5863 420 5899 ³
438 5861 662 5917 nonnulli
682 5869 788 5916 uss.
827 5861 1008 5920 auaris
1022 5859 1075 5914 in
1087 5859 1254 5915 atterat

1337 5804 1384 5852 ut
1406 5791 1514 5850 Mss.
1620 5791 1632 5802 ’
1769 5791 1790 5800 ⁷
2097 5795 2116 5826 ⁸
2139 5791 2326 5852 Aliquot
2345 5795 2474 5846 Mss,
2491 5791 2613 5850 ipse.
2643 5845 2653 5854 ο

2096 5857 2120 5890 ⁸
2143 5861 2216 5906 κε.
2233 5851 2382 5915 Lugd.
2415 5859 2548 5911 ven.,
2573 5844 2688 5908 quid
2708 5843 2792 5899 sis.
2891 5852 2947 5896 tt.

1949 5944 1993 5958 συ
