  <div class='ocr_page' id='page_1' title='image "/cluster/home/n/w/nwhite01/storage/ocr_20150623/37/hvd.32044015471477/354.png"; bbox 0 0 4074 6464; ppageno 0'>
   <div class='ocr_carea' id='block_1_1' title="bbox 303 425 1882 515">
    <p class='ocr_par' dir='ltr' id='par_1_1' title="bbox 303 425 1882 515">
     <span class='ocr_line' id='line_1_1' title="bbox 303 425 1882 515; baseline -0.01 -16"><span class='ocrx_word' id='word_1_1' title='bbox 303 440 512 515; x_wconf 79' lang='lat' dir='ltr'><strong>campis</strong></span> <span class='ocrx_word' id='word_1_2' title='bbox 546 434 810 500; x_wconf 83' lang='lat' dir='ltr'><strong>saltuum;</strong></span> <span class='ocrx_word' id='word_1_3' title='bbox 856 430 1002 508; x_wconf 87' lang='lat' dir='ltr'><strong>quod</strong></span> <span class='ocrx_word' id='word_1_4' title='bbox 1034 429 1382 505; x_wconf 80' lang='lat' dir='ltr'><strong>praedicatum</strong></span> <span class='ocrx_word' id='word_1_5' title='bbox 1431 439 1515 487; x_wconf 88' lang='lat' dir='ltr'><strong>est</strong></span> <span class='ocrx_word' id='word_1_6' title='bbox 1555 429 1610 486; x_wconf 92' lang='lat' dir='ltr'><strong>in</strong></span> <span class='ocrx_word' id='word_1_7' title='bbox 1653 425 1882 497; x_wconf 77' lang='lat' dir='ltr'><strong>imagine</strong></span> 
     </span>
    </p>
   </div>
   <div class='ocr_carea' id='block_1_2' title="bbox 301 522 1549 591">
    <p class='ocr_par' dir='ltr' id='par_1_2' title="bbox 301 522 1549 591">
     <span class='ocr_line' id='line_1_2' title="bbox 301 522 1549 591; baseline -0.013 0"><span class='ocrx_word' id='word_1_8' title='bbox 301 533 503 591; x_wconf 78' lang='lat' dir='ltr'><strong>Judaeis</strong></span> <span class='ocrx_word' id='word_1_9' title='bbox 528 527 924 584; x_wconf 76' lang='lat' dir='ltr'><strong>manifestatum</strong></span> <span class='ocrx_word' id='word_1_10' title='bbox 951 533 1032 581; x_wconf 92' lang='lat' dir='ltr'><strong>cst</strong></span> <span class='ocrx_word' id='word_1_11' title='bbox 1061 525 1114 580; x_wconf 92' lang='lat' dir='ltr'><strong>in</strong></span> <span class='ocrx_word' id='word_1_12' title='bbox 1145 523 1250 579; x_wconf 86' lang='lat' dir='ltr'><strong>fide</strong></span> <span class='ocrx_word' id='word_1_13' title='bbox 1278 522 1549 579; x_wconf 80' lang='lat' dir='ltr'><strong>Gentium.</strong></span> 
     </span>
    </p>
   </div>
   <div class='ocr_carea' id='block_1_3' title="bbox 373 610 1887 695">
    <p class='ocr_par' dir='ltr' id='par_1_3' title="bbox 373 610 1887 695">
     <span class='ocr_line' id='line_1_3' title="bbox 373 610 1887 695; baseline -0.009 -17"><span class='ocrx_word' id='word_1_14' title='bbox 373 623 460 678; x_wconf 85' lang='lat'><strong>12.</strong></span> <span class='ocrx_word' id='word_1_15' title='bbox 488 619 617 695; x_wconf 85' lang='lat' dir='ltr'><strong>[vers</strong></span> <span class='ocrx_word' id='word_1_16' title='bbox 643 617 720 690; x_wconf 88' lang='lat'><strong>7.]</strong></span> <span class='ocrx_word' id='word_1_17' title='bbox 746 617 1055 672; x_wconf 85' lang='lat' dir='ltr'><strong>Intrabimus</strong></span> <span class='ocrx_word' id='word_1_18' title='bbox 1077 617 1130 672; x_wconf 84' lang='lat' dir='ltr'><strong>in</strong></span> <span class='ocrx_word' id='word_1_19' title='bbox 1151 613 1472 670; x_wconf 84' lang='lat' dir='ltr'><strong>tabernacula</strong></span> <span class='ocrx_word' id='word_1_20' title='bbox 1489 613 1631 684; x_wconf 68' lang='lat' dir='ltr'><strong>ejus1</strong></span> <span class='ocrx_word' id='word_1_21' title='bbox 1653 629 1666 666; x_wconf 89' lang='lat'><strong>:</strong></span> <span class='ocrx_word' id='word_1_22' title='bbox 1696 610 1887 682; x_wconf 85' lang='lat' dir='ltr'><strong>cujus?</strong></span> 
     </span>
    </p>
   </div>
   <div class='ocr_carea' id='block_1_4' title="bbox 303 702 1890 778">
    <p class='ocr_par' dir='ltr' id='par_1_4' title="bbox 303 702 1890 778">
     <span class='ocr_line' id='line_1_4' title="bbox 303 702 1890 778; baseline -0.008 -8"><span class='ocrx_word' id='word_1_23' title='bbox 303 712 518 771; x_wconf 84' lang='lat' dir='ltr'><strong>Domini</strong></span> <span class='ocrx_word' id='word_1_24' title='bbox 565 712 656 766; x_wconf 92' lang='lat' dir='ltr'><strong>Dei</strong></span> <span class='ocrx_word' id='word_1_25' title='bbox 699 709 884 766; x_wconf 77' lang='lat' dir='ltr'><strong>Jacob.</strong></span> <span class='ocrx_word' id='word_1_26' title='bbox 930 709 1030 778; x_wconf 86' lang='lat' dir='ltr'><strong>Qui</strong></span> <span class='ocrx_word' id='word_1_27' title='bbox 1077 709 1278 764; x_wconf 89' lang='lat' dir='ltr'><strong>intrant</strong></span> <span class='ocrx_word' id='word_1_28' title='bbox 1324 717 1383 762; x_wconf 89' lang='lat' dir='ltr'><strong>ut</strong></span> <span class='ocrx_word' id='word_1_29' title='bbox 1427 705 1743 771; x_wconf 90' lang='lat' dir='ltr'><strong>inhabitent,</strong></span> <span class='ocrx_word' id='word_1_30' title='bbox 1789 702 1890 774; x_wconf 86' lang='lat' dir='ltr'><strong>ipsi</strong></span> 
     </span>
    </p>
   </div>
   <div class='ocr_carea' id='block_1_5' title="bbox 304 797 1892 874">
    <p class='ocr_par' dir='ltr' id='par_1_5' title="bbox 304 797 1892 874">
     <span class='ocr_line' id='line_1_5' title="bbox 304 797 1892 874; baseline -0.008 -13"><span class='ocrx_word' id='word_1_31' title='bbox 304 815 425 861; x_wconf 87' lang='lat' dir='ltr'><strong>sunt</strong></span> <span class='ocrx_word' id='word_1_32' title='bbox 448 803 538 874; x_wconf 91' lang='lat' dir='ltr'><strong>qui</strong></span> <span class='ocrx_word' id='word_1_33' title='bbox 577 803 776 858; x_wconf 89' lang='lat' dir='ltr'><strong>intrant</strong></span> <span class='ocrx_word' id='word_1_34' title='bbox 804 810 864 857; x_wconf 92' lang='lat' dir='ltr'><strong>ut</strong></span> <span class='ocrx_word' id='word_1_35' title='bbox 906 800 1290 855; x_wconf 88' lang='lat' dir='ltr'><strong>inhabitentur.</strong></span> <span class='ocrx_word' id='word_1_36' title='bbox 1324 799 1381 853; x_wconf 92' lang='lat' dir='ltr'><strong>ln</strong></span> <span class='ocrx_word' id='word_1_37' title='bbox 1412 797 1631 853; x_wconf 89' lang='lat' dir='ltr'><strong>domum</strong></span> <span class='ocrx_word' id='word_1_38' title='bbox 1659 804 1806 850; x_wconf 87' lang='lat' dir='ltr'><strong>tuam</strong></span> <span class='ocrx_word' id='word_1_39' title='bbox 1833 805 1892 849; x_wconf 92' lang='lat' dir='ltr'><strong>ut</strong></span> 
     </span>
    </p>
   </div>
   <div class='ocr_carea' id='block_1_6' title="bbox 304 884 1892 961">
    <p class='ocr_par' dir='ltr' id='par_1_6' title="bbox 304 884 1892 961">
     <span class='ocr_line' id='line_1_6' title="bbox 304 884 1892 961; baseline -0.008 -10"><span class='ocrx_word' id='word_1_40' title='bbox 304 896 569 951; x_wconf 80' lang='lat' dir='ltr'><strong>inhabiles</strong></span> <span class='ocrx_word' id='word_1_41' title='bbox 612 893 818 961; x_wconf 90' lang='lat' dir='ltr'><strong>intras,</strong></span> <span class='ocrx_word' id='word_1_42' title='bbox 861 892 918 946; x_wconf 88' lang='lat' dir='ltr'><strong>in</strong></span> <span class='ocrx_word' id='word_1_43' title='bbox 944 891 1162 947; x_wconf 89' lang='lat' dir='ltr'><strong>domum</strong></span> <span class='ocrx_word' id='word_1_44' title='bbox 1202 890 1298 945; x_wconf 91' lang='lat' dir='ltr'><strong>Dei</strong></span> <span class='ocrx_word' id='word_1_45' title='bbox 1325 899 1383 944; x_wconf 92' lang='lat' dir='ltr'><strong>ut</strong></span> <span class='ocrx_word' id='word_1_46' title='bbox 1422 888 1759 944; x_wconf 87' lang='lat' dir='ltr'><strong>inhabiteris.</strong></span> <span class='ocrx_word' id='word_1_47' title='bbox 1791 884 1892 940; x_wconf 86' lang='lat' dir='ltr'><strong>Est</strong></span> 
     </span>
    </p>
   </div>
   <div class='ocr_carea' id='block_1_7' title="bbox 303 979 1887 1054">
    <p class='ocr_par' dir='ltr' id='par_1_7' title="bbox 303 979 1887 1054">
     <span class='ocr_line' id='line_1_7' title="bbox 303 979 1887 1054; baseline -0.005 -13"><span class='ocrx_word' id='word_1_48' title='bbox 303 989 444 1043; x_wconf 90' lang='lat' dir='ltr'><strong>enim</strong></span> <span class='ocrx_word' id='word_1_49' title='bbox 467 986 659 1040; x_wconf 86' lang='lat' dir='ltr'><strong>melior</strong></span> <span class='ocrx_word' id='word_1_50' title='bbox 687 985 966 1048; x_wconf 85' lang='lat' dir='ltr'><strong>Dominus,</strong></span> <span class='ocrx_word' id='word_1_51' title='bbox 991 983 1080 1054; x_wconf 90' lang='lat' dir='ltr'><strong>qui</strong></span> <span class='ocrx_word' id='word_1_52' title='bbox 1101 997 1221 1038; x_wconf 91' lang='lat' dir='ltr'><strong>cum</strong></span> <span class='ocrx_word' id='word_1_53' title='bbox 1243 990 1294 1037; x_wconf 88' lang='lat' dir='ltr'><strong>te</strong></span> <span class='ocrx_word' id='word_1_54' title='bbox 1314 981 1537 1052; x_wconf 86' lang='lat' dir='ltr'><strong>coeperit</strong></span> <span class='ocrx_word' id='word_1_55' title='bbox 1566 979 1887 1046; x_wconf 79' lang='lat' dir='ltr'><strong>inhabitare,</strong></span> 
     </span>
    </p>
   </div>
   <div class='ocr_carea' id='block_1_8' title="bbox 305 1069 1888 1138">
    <p class='ocr_par' dir='ltr' id='par_1_8' title="bbox 305 1069 1888 1138">
     <span class='ocr_line' id='line_1_8' title="bbox 305 1069 1888 1138; baseline -0.006 -4"><span class='ocrx_word' id='word_1_56' title='bbox 305 1080 520 1135; x_wconf 89' lang='lat' dir='ltr'><strong>beatum</strong></span> <span class='ocrx_word' id='word_1_57' title='bbox 553 1086 604 1132; x_wconf 89' lang='lat' dir='ltr'><strong>te</strong></span> <span class='ocrx_word' id='word_1_58' title='bbox 648 1076 826 1132; x_wconf 77' lang='lat' dir='ltr'><strong>faciet.</strong></span> <span class='ocrx_word' id='word_1_59' title='bbox 856 1075 990 1130; x_wconf 89' lang='lat' dir='ltr'><strong>Nam</strong></span> <span class='ocrx_word' id='word_1_60' title='bbox 1034 1074 1080 1130; x_wconf 89' lang='lat' dir='ltr'><strong>si</strong></span> <span class='ocrx_word' id='word_1_61' title='bbox 1111 1083 1165 1129; x_wconf 93' lang='lat' dir='ltr'><strong>tu</strong></span> <span class='ocrx_word' id='word_1_62' title='bbox 1192 1073 1258 1128; x_wconf 91' lang='lat' dir='ltr'><strong>ab</strong></span> <span class='ocrx_word' id='word_1_63' title='bbox 1280 1073 1372 1128; x_wconf 93' lang='lat' dir='ltr'><strong>illo</strong></span> <span class='ocrx_word' id='word_1_64' title='bbox 1410 1085 1519 1126; x_wconf 92' lang='lat' dir='ltr'><strong>non</strong></span> <span class='ocrx_word' id='word_1_65' title='bbox 1556 1069 1888 1138; x_wconf 89' lang='lat' dir='ltr'><strong>inhabiteris,</strong></span> 
     </span>
    </p>
   </div>
   <div class='ocr_carea' id='block_1_9' title="bbox 303 1159 1893 1236">
    <p class='ocr_par' dir='ltr' id='par_1_9' title="bbox 303 1159 1893 1236">
     <span class='ocr_line' id='line_1_9' title="bbox 303 1159 1893 1236; baseline -0.006 -11"><span class='ocrx_word' id='word_1_66' title='bbox 303 1172 470 1226; x_wconf 83' lang='lat' dir='ltr'><strong>miser</strong></span> <span class='ocrx_word' id='word_1_67' title='bbox 493 1170 622 1224; x_wconf 91' lang='lat' dir='ltr'><strong>eris.</strong></span> <span class='ocrx_word' id='word_1_68' title='bbox 655 1168 710 1222; x_wconf 91' lang='lat' dir='ltr'><strong>ln</strong></span> <span class='ocrx_word' id='word_1_69' title='bbox 741 1181 836 1222; x_wconf 89' lang='lat' dir='ltr'><strong>sua</strong></span> <span class='ocrx_word' id='word_1_70' title='bbox 864 1174 1128 1236; x_wconf 80' lang='lat' dir='ltr'><strong>potestate</strong></span> <span class='ocrx_word' id='word_1_71' title='bbox 1155 1179 1275 1220; x_wconf 91' lang='lat' dir='ltr'><strong>esse</strong></span> <span class='ocrx_word' id='word_1_72' title='bbox 1303 1162 1474 1219; x_wconf 85' lang='lat' dir='ltr'><strong>voluit</strong></span> <span class='ocrx_word' id='word_1_73' title='bbox 1502 1161 1594 1217; x_wconf 90' lang='lat' dir='ltr'><strong>ille</strong></span> <span class='ocrx_word' id='word_1_74' title='bbox 1634 1161 1774 1216; x_wconf 87' lang='lat' dir='ltr'><strong>ﬁlius</strong></span> <span class='ocrx_word' id='word_1_75' title='bbox 1800 1159 1893 1231; x_wconf 91' lang='lat' dir='ltr'><strong>qui</strong></span> 
     </span>
    </p>
   </div>
   <div class='ocr_carea' id='block_1_10' title="bbox 307 1253 1894 1334">
    <p class='ocr_par' dir='ltr' id='par_1_10' title="bbox 307 1253 1894 1334">
     <span class='ocr_line' id='line_1_10' title="bbox 307 1253 1894 1334; baseline -0.007 -14"><span class='ocrx_word' id='word_1_76' title='bbox 307 1263 440 1322; x_wconf 75' lang='lat' dir='ltr'><strong>dixit</strong></span> <span class='ocrx_word' id='word_1_77' title='bbox 463 1281 476 1316; x_wconf 89' lang='lat'><strong>:</strong></span> <span class='ocrx_word' id='word_1_78' title='bbox 511 1262 593 1316; x_wconf 88' lang='lat' dir='ltr'><strong>Da</strong></span> <span class='ocrx_word' id='word_1_79' title='bbox 623 1262 745 1315; x_wconf 87' lang='lat' dir='ltr'><strong>mihi</strong></span> <span class='ocrx_word' id='word_1_80' title='bbox 771 1269 966 1334; x_wconf 90' lang='lat' dir='ltr'><strong>partem</strong></span> <span class='ocrx_word' id='word_1_81' title='bbox 986 1257 1281 1330; x_wconf 76' lang='lat' dir='ltr'><strong>patrimonii</strong></span> <span class='ocrx_word' id='word_1_82' title='bbox 1305 1272 1419 1328; x_wconf 81' lang='lat' dir='ltr'><strong>qua:</strong></span> <span class='ocrx_word' id='word_1_83' title='bbox 1440 1272 1518 1309; x_wconf 89' lang='lat' dir='ltr'><strong>me</strong></span> <span class='ocrx_word' id='word_1_84' title='bbox 1545 1255 1724 1326; x_wconf 80' lang='lat' dir='ltr'><strong>tangit.</strong></span> <span class='ocrx_word' id='word_1_85' title='bbox 1750 1253 1894 1309; x_wconf 87' lang='lat' dir='ltr'><strong>Bene</strong></span> 
     </span>
    </p>
   </div>
   <div class='ocr_carea' id='block_1_11' title="bbox 301 1345 1887 1424">
    <p class='ocr_par' dir='ltr' id='par_1_11' title="bbox 301 1345 1887 1424">
     <span class='ocr_line' id='line_1_11' title="bbox 301 1345 1887 1424; baseline -0.009 -10"><span class='ocrx_word' id='word_1_86' title='bbox 301 1356 616 1414; x_wconf 81' lang='lat' dir='ltr'><strong>servabatur</strong></span> <span class='ocrx_word' id='word_1_87' title='bbox 641 1353 780 1424; x_wconf 91' lang='lat' dir='ltr'><strong>apud</strong></span> <span class='ocrx_word' id='word_1_88' title='bbox 808 1361 1014 1424; x_wconf 84' lang='lat' dir='ltr'><strong>patrem</strong></span> <span class='ocrx_word' id='word_1_89' title='bbox 1031 1393 1046 1419; x_wconf 92' lang='lat'><strong>,</strong></span> <span class='ocrx_word' id='word_1_90' title='bbox 1071 1366 1138 1406; x_wconf 87' lang='lat' dir='ltr'><strong>ne</strong></span> <span class='ocrx_word' id='word_1_91' title='bbox 1167 1366 1290 1406; x_wconf 91' lang='lat' dir='ltr'><strong>cum</strong></span> <span class='ocrx_word' id='word_1_92' title='bbox 1334 1347 1702 1405; x_wconf 87' lang='lat' dir='ltr'><strong>meretricibus</strong></span> <span class='ocrx_word' id='word_1_93' title='bbox 1729 1345 1887 1400; x_wconf 89' lang='lat' dir='ltr'><strong>dissi-</strong></span> 
     </span>
    </p>
   </div>
   <div class='ocr_carea' id='block_1_12' title="bbox 303 1441 1894 1520">
    <p class='ocr_par' dir='ltr' id='par_1_12' title="bbox 303 1441 1894 1520">
     <span class='ocr_line' id='line_1_12' title="bbox 303 1441 1894 1520; baseline -0.008 -17"><span class='ocrx_word' id='word_1_94' title='bbox 303 1457 544 1520; x_wconf 86' lang='lat' dir='ltr'><strong>paretur.</strong></span> <span class='ocrx_word' id='word_1_95' title='bbox 589 1445 831 1515; x_wconf 83' lang='lat' dir='ltr'><strong>Accepit,</strong></span> <span class='ocrx_word' id='word_1_96' title='bbox 879 1441 1016 1498; x_wconf 90' lang='lat' dir='ltr'><strong>facta</strong></span> <span class='ocrx_word' id='word_1_97' title='bbox 1045 1451 1128 1498; x_wconf 89' lang='lat' dir='ltr'><strong>est</strong></span> <span class='ocrx_word' id='word_1_98' title='bbox 1172 1442 1225 1496; x_wconf 90' lang='lat' dir='ltr'><strong>in</strong></span> <span class='ocrx_word' id='word_1_99' title='bbox 1271 1441 1388 1510; x_wconf 88' lang='lat' dir='ltr'><strong>ejus</strong></span> <span class='ocrx_word' id='word_1_100' title='bbox 1429 1447 1724 1510; x_wconf 86' lang='lat' dir='ltr'><strong>potestate;</strong></span> <span class='ocrx_word' id='word_1_101' title='bbox 1767 1453 1894 1508; x_wconf 82' lang='lat' dir='ltr'><strong>pro-</strong></span> 
     </span>
    </p>
   </div>
   <div class='ocr_carea' id='block_1_13' title="bbox 303 1529 1894 1608">
    <p class='ocr_par' dir='ltr' id='par_1_13' title="bbox 303 1529 1894 1608">
     <span class='ocr_line' id='line_1_13' title="bbox 303 1529 1894 1608; baseline -0.008 -14"><span class='ocrx_word' id='word_1_102' title='bbox 303 1531 475 1596; x_wconf 84' lang='lat' dir='ltr'><strong>fectus</strong></span> <span class='ocrx_word' id='word_1_103' title='bbox 526 1538 581 1592; x_wconf 89' lang='lat' dir='ltr'><strong>in</strong></span> <span class='ocrx_word' id='word_1_104' title='bbox 607 1537 879 1608; x_wconf 88' lang='lat' dir='ltr'><strong>regionem</strong></span> <span class='ocrx_word' id='word_1_105' title='bbox 924 1534 1268 1605; x_wconf 90' lang='lat' dir='ltr'><strong>longinquam</strong></span> <span class='ocrx_word' id='word_1_106' title='bbox 1290 1575 1305 1599; x_wconf 93' lang='lat'><strong>,</strong></span> <span class='ocrx_word' id='word_1_107' title='bbox 1333 1531 1520 1587; x_wconf 80' lang='lat' dir='ltr'><strong>effudit</strong></span> <span class='ocrx_word' id='word_1_108' title='bbox 1558 1529 1736 1584; x_wconf 87' lang='lat' dir='ltr'><strong>omnia</strong></span> <span class='ocrx_word' id='word_1_109' title='bbox 1772 1543 1894 1582; x_wconf 92' lang='lat' dir='ltr'><strong>cum</strong></span> 
     </span>
    </p>
   </div>
   <div class='ocr_carea' id='block_1_14' title="bbox 301 1619 1895 1690">
    <p class='ocr_par' dir='ltr' id='par_1_14' title="bbox 301 1619 1895 1690">
     <span class='ocr_line' id='line_1_14' title="bbox 301 1619 1895 1690; baseline -0.009 -3"><span class='ocrx_word' id='word_1_110' title='bbox 301 1630 695 1688; x_wconf 88' lang='lat' dir='ltr'><strong>meretricibus.</strong></span> <span class='ocrx_word' id='word_1_111' title='bbox 726 1629 920 1683; x_wconf 88' lang='lat' dir='ltr'><strong>Passus</strong></span> <span class='ocrx_word' id='word_1_112' title='bbox 961 1635 1043 1682; x_wconf 92' lang='lat' dir='ltr'><strong>est</strong></span> <span class='ocrx_word' id='word_1_113' title='bbox 1077 1624 1293 1682; x_wconf 87' lang='lat' dir='ltr'><strong>tandem</strong></span> <span class='ocrx_word' id='word_1_114' title='bbox 1331 1624 1557 1690; x_wconf 90' lang='lat' dir='ltr'><strong>famem,</strong></span> <span class='ocrx_word' id='word_1_115' title='bbox 1583 1619 1895 1676; x_wconf 90' lang='lat' dir='ltr'><strong>recordatus</strong></span> 
     </span>
    </p>
   </div>
   <div class='ocr_carea' id='block_1_15' title="bbox 301 1721 1895 1793">
    <p class='ocr_par' dir='ltr' id='par_1_15' title="bbox 301 1721 1895 1793">
     <span class='ocr_line' id='line_1_15' title="bbox 301 1721 1895 1793; baseline -0.009 -14"><span class='ocrx_word' id='word_1_116' title='bbox 301 1731 385 1781; x_wconf 92' lang='lat' dir='ltr'><strong>est</strong></span> <span class='ocrx_word' id='word_1_117' title='bbox 451 1731 705 1793; x_wconf 87' lang='lat' dir='ltr'><strong>patrem;</strong></span> <span class='ocrx_word' id='word_1_118' title='bbox 764 1733 1014 1775; x_wconf 84' lang='lat' dir='ltr'><strong>reversus</strong></span> <span class='ocrx_word' id='word_1_119' title='bbox 1067 1726 1190 1785; x_wconf 92' lang='lat' dir='ltr'><strong>est,</strong></span> <span class='ocrx_word' id='word_1_120' title='bbox 1243 1723 1304 1771; x_wconf 91' lang='lat' dir='ltr'><strong>ut</strong></span> <span class='ocrx_word' id='word_1_121' title='bbox 1369 1729 1506 1784; x_wconf 90' lang='lat' dir='ltr'><strong>pane</strong></span> <span class='ocrx_word' id='word_1_122' title='bbox 1564 1721 1895 1766; x_wconf 82' lang='lat' dir='ltr'><strong>saturaretur</strong></span> 
     </span>
    </p>
   </div>
   <div class='ocr_carea' id='block_1_16' title="bbox 307 1805 1894 1886">
    <p class='ocr_par' dir='ltr' id='par_1_16' title="bbox 307 1805 1894 1886">
     <span class='ocr_line' id='line_1_16' title="bbox 307 1805 1894 1886; baseline -0.008 -17"><span class='ocrx_word' id='word_1_123' title='bbox 307 1814 455 1886; x_wconf 90' lang='lat' dir='ltr'><strong>(Luc.</strong></span> <span class='ocrx_word' id='word_1_124' title='bbox 485 1830 555 1869; x_wconf 80' lang='lat' dir='ltr'><strong>xv</strong></span> <span class='ocrx_word' id='word_1_125' title='bbox 574 1855 588 1879; x_wconf 92' lang='lat'><strong>,</strong></span> <span class='ocrx_word' id='word_1_126' title='bbox 613 1810 826 1883; x_wconf 85' lang='lat'><strong>12-20).</strong></span> <span class='ocrx_word' id='word_1_127' title='bbox 868 1811 1010 1881; x_wconf 87' lang='lat' dir='ltr'><strong>Ergo</strong></span> <span class='ocrx_word' id='word_1_128' title='bbox 1037 1809 1205 1874; x_wconf 89' lang='lat' dir='ltr'><strong>intra,</strong></span> <span class='ocrx_word' id='word_1_129' title='bbox 1238 1815 1298 1862; x_wconf 90' lang='lat' dir='ltr'><strong>ut</strong></span> <span class='ocrx_word' id='word_1_130' title='bbox 1327 1805 1678 1867; x_wconf 88' lang='lat' dir='ltr'><strong>iuhabiteris;</strong></span> <span class='ocrx_word' id='word_1_131' title='bbox 1707 1812 1761 1858; x_wconf 89' lang='lat' dir='ltr'><strong>et</strong></span> <span class='ocrx_word' id='word_1_132' title='bbox 1788 1817 1894 1858; x_wconf 89' lang='lat' dir='ltr'><strong>non</strong></span> 
     </span>
    </p>
   </div>
   <div class='ocr_carea' id='block_1_17' title="bbox 301 1895 1892 1976">
    <p class='ocr_par' dir='ltr' id='par_1_17' title="bbox 301 1895 1892 1976">
     <span class='ocr_line' id='line_1_17' title="bbox 301 1895 1892 1976; baseline -0.009 -15"><span class='ocrx_word' id='word_1_133' title='bbox 301 1906 450 1976; x_wconf 90' lang='lat' dir='ltr'><strong>quasi</strong></span> <span class='ocrx_word' id='word_1_134' title='bbox 475 1912 594 1958; x_wconf 88' lang='lat' dir='ltr'><strong>tuus</strong></span> <span class='ocrx_word' id='word_1_135' title='bbox 615 1904 710 1971; x_wconf 87' lang='lat' dir='ltr'><strong>sis,</strong></span> <span class='ocrx_word' id='word_1_136' title='bbox 729 1902 822 1957; x_wconf 88' lang='lat' dir='ltr'><strong>sed</strong></span> <span class='ocrx_word' id='word_1_137' title='bbox 837 1902 978 1956; x_wconf 93' lang='lat' dir='ltr'><strong>illius</strong></span> <span class='ocrx_word' id='word_1_138' title='bbox 994 1917 1008 1954; x_wconf 90' lang='lat'>:</span> <span class='ocrx_word' id='word_1_139' title='bbox 1022 1899 1332 1954; x_wconf 88' lang='lat' dir='ltr'><strong>Intrabimus</strong></span> <span class='ocrx_word' id='word_1_140' title='bbox 1353 1899 1404 1950; x_wconf 90' lang='lat' dir='ltr'><strong>in</strong></span> <span class='ocrx_word' id='word_1_141' title='bbox 1421 1895 1742 1950; x_wconf 84' lang='lat' dir='ltr'><strong>tabernacula</strong></span> <span class='ocrx_word' id='word_1_142' title='bbox 1764 1895 1892 1960; x_wconf 75' lang='lat' dir='ltr'><strong>eius.</strong></span> 
     </span>
    </p>
   </div>
   <div class='ocr_carea' id='block_1_18' title="bbox 371 1987 1890 2058">
    <p class='ocr_par' dir='ltr' id='par_1_18' title="bbox 371 1987 1890 2058">
     <span class='ocr_line' id='line_1_18' title="bbox 371 1987 1890 2058; baseline -0.01 -5"><span class='ocrx_word' id='word_1_143' title='bbox 371 1998 460 2053; x_wconf 75' lang='lat'><strong>15.</strong></span> <span class='ocrx_word' id='word_1_144' title='bbox 504 1996 880 2050; x_wconf 77' lang='lat' dir='ltr'><strong>Adorabimus’I</strong></span> <span class='ocrx_word' id='word_1_145' title='bbox 913 1995 966 2047; x_wconf 91' lang='lat' dir='ltr'><strong>in</strong></span> <span class='ocrx_word' id='word_1_146' title='bbox 1010 1995 1120 2047; x_wconf 83' lang='lat' dir='ltr'><strong>loco</strong></span> <span class='ocrx_word' id='word_1_147' title='bbox 1162 1991 1247 2045; x_wconf 90' lang='lat' dir='ltr'><strong>ubi</strong></span> <span class='ocrx_word' id='word_1_148' title='bbox 1284 1999 1522 2044; x_wconf 88' lang='lat' dir='ltr'><strong>steterunt</strong></span> <span class='ocrx_word' id='word_1_149' title='bbox 1566 1987 1716 2058; x_wconf 80' lang='lat' dir='ltr'><strong>pedes</strong></span> <span class='ocrx_word' id='word_1_150' title='bbox 1759 1987 1890 2056; x_wconf 83' lang='lat' dir='ltr'><strong>ejus.</strong></span> 
     </span>
    </p>
   </div>
   <div class='ocr_carea' id='block_1_19' title="bbox 303 2077 1895 2159">
    <p class='ocr_par' dir='ltr' id='par_1_19' title="bbox 303 2077 1895 2159">
     <span class='ocr_line' id='line_1_19' title="bbox 303 2077 1895 2159; baseline -0.009 -15"><span class='ocrx_word' id='word_1_151' title='bbox 303 2088 470 2159; x_wconf 88' lang='lat' dir='ltr'><strong>Cujus</strong></span> <span class='ocrx_word' id='word_1_152' title='bbox 491 2086 692 2157; x_wconf 84' lang='lat' dir='ltr'><strong>pedes?</strong></span> <span class='ocrx_word' id='word_1_153' title='bbox 722 2084 957 2151; x_wconf 89' lang='lat' dir='ltr'><strong>Domini,</strong></span> <span class='ocrx_word' id='word_1_154' title='bbox 990 2099 1056 2138; x_wconf 88' lang='lat' dir='ltr'><strong>an</strong></span> <span class='ocrx_word' id='word_1_155' title='bbox 1086 2083 1252 2152; x_wconf 90' lang='lat' dir='ltr'><strong>ipsius</strong></span> <span class='ocrx_word' id='word_1_156' title='bbox 1283 2081 1478 2135; x_wconf 92' lang='lat' dir='ltr'><strong>domus</strong></span> <span class='ocrx_word' id='word_1_157' title='bbox 1504 2078 1754 2134; x_wconf 84' lang='lat' dir='ltr'><strong>Domini?</strong></span> <span class='ocrx_word' id='word_1_158' title='bbox 1786 2077 1895 2131; x_wconf 84' lang='lat' dir='ltr'><strong>Do-</strong></span> 
     </span>
    </p>
   </div>
   <div class='ocr_carea' id='block_1_20' title="bbox 303 2167 1892 2242">
    <p class='ocr_par' dir='ltr' id='par_1_20' title="bbox 303 2167 1892 2242">
     <span class='ocr_line' id='line_1_20' title="bbox 303 2167 1892 2242; baseline -0.009 -6"><span class='ocrx_word' id='word_1_159' title='bbox 303 2190 422 2236; x_wconf 85' lang='lat' dir='ltr'><strong>mus</strong></span> <span class='ocrx_word' id='word_1_160' title='bbox 445 2180 592 2235; x_wconf 88' lang='lat' dir='ltr'><strong>enim</strong></span> <span class='ocrx_word' id='word_1_161' title='bbox 639 2177 850 2233; x_wconf 90' lang='lat' dir='ltr'><strong>Domini</strong></span> <span class='ocrx_word' id='word_1_162' title='bbox 878 2185 981 2242; x_wconf 88' lang='lat' dir='ltr'><strong>est,</strong></span> <span class='ocrx_word' id='word_1_163' title='bbox 1018 2175 1110 2230; x_wconf 88' lang='lat' dir='ltr'><strong>ubi</strong></span> <span class='ocrx_word' id='word_1_164' title='bbox 1145 2173 1274 2228; x_wconf 88' lang='lat' dir='ltr'><strong>dicit</strong></span> <span class='ocrx_word' id='word_1_165' title='bbox 1313 2173 1434 2242; x_wconf 90' lang='lat' dir='ltr'><strong>quia</strong></span> <span class='ocrx_word' id='word_1_166' title='bbox 1468 2170 1629 2226; x_wconf 87' lang='lat' dir='ltr'><strong>debet</strong></span> <span class='ocrx_word' id='word_1_167' title='bbox 1658 2167 1892 2223; x_wconf 87' lang='lat' dir='ltr'><strong>adorari.</strong></span> 
     </span>
    </p>
   </div>
   <div class='ocr_carea' id='block_1_21' title="bbox 305 2262 1894 2335">
    <p class='ocr_par' dir='ltr' id='par_1_21' title="bbox 305 2262 1894 2335">
     <span class='ocr_line' id='line_1_21' title="bbox 305 2262 1894 2335; baseline -0.009 -5"><span class='ocrx_word' id='word_1_168' title='bbox 305 2274 639 2330; x_wconf 82' lang='lat' dir='ltr'><strong>Adorabimus</strong></span> <span class='ocrx_word' id='word_1_169' title='bbox 680 2272 734 2326; x_wconf 88' lang='lat' dir='ltr'><strong>in</strong></span> <span class='ocrx_word' id='word_1_170' title='bbox 770 2272 880 2325; x_wconf 86' lang='lat' dir='ltr'><strong>loco</strong></span> <span class='ocrx_word' id='word_1_171' title='bbox 912 2269 995 2323; x_wconf 92' lang='lat' dir='ltr'><strong>ubi</strong></span> <span class='ocrx_word' id='word_1_172' title='bbox 1037 2274 1274 2323; x_wconf 87' lang='lat' dir='ltr'><strong>steterunt</strong></span> <span class='ocrx_word' id='word_1_173' title='bbox 1303 2267 1453 2335; x_wconf 83' lang='lat' dir='ltr'><strong>pedes</strong></span> <span class='ocrx_word' id='word_1_174' title='bbox 1484 2265 1611 2334; x_wconf 85' lang='lat' dir='ltr'><strong>ejus.</strong></span> <span class='ocrx_word' id='word_1_175' title='bbox 1660 2262 1894 2316; x_wconf 68' lang='lat' dir='ltr'><strong>Prmter-</strong></span> 
     </span>
    </p>
   </div>
   <div class='ocr_carea' id='block_1_22' title="bbox 304 2355 1897 2438">
    <p class='ocr_par' dir='ltr' id='par_1_22' title="bbox 304 2355 1897 2438">
     <span class='ocr_line' id='line_1_22' title="bbox 304 2355 1897 2438; baseline -0.01 -16"><span class='ocrx_word' id='word_1_176' title='bbox 304 2381 463 2438; x_wconf 91' lang='lat' dir='ltr'><strong>quam</strong></span> <span class='ocrx_word' id='word_1_177' title='bbox 489 2365 708 2421; x_wconf 90' lang='lat' dir='ltr'><strong>domum</strong></span> <span class='ocrx_word' id='word_1_178' title='bbox 735 2378 908 2427; x_wconf 91' lang='lat' dir='ltr'><strong>suam,</strong></span> <span class='ocrx_word' id='word_1_179' title='bbox 933 2375 1040 2416; x_wconf 91' lang='lat' dir='ltr'><strong>non</strong></span> <span class='ocrx_word' id='word_1_180' title='bbox 1062 2357 1279 2415; x_wconf 88' lang='lat' dir='ltr'><strong>exaudit</strong></span> <span class='ocrx_word' id='word_1_181' title='bbox 1302 2357 1439 2411; x_wconf 88' lang='lat' dir='ltr'><strong>Deus</strong></span> <span class='ocrx_word' id='word_1_182' title='bbox 1455 2355 1522 2409; x_wconf 91' lang='lat' dir='ltr'><strong>ad</strong></span> <span class='ocrx_word' id='word_1_183' title='bbox 1548 2356 1710 2408; x_wconf 88' lang='lat' dir='ltr'><strong>vitam</strong></span> <span class='ocrx_word' id='word_1_184' title='bbox 1738 2360 1897 2408; x_wconf 71' lang='lat' dir='ltr'><strong>mter-</strong></span> 
     </span>
    </p>
   </div>
   <div class='ocr_carea' id='block_1_23' title="bbox 303 2444 1893 2519">
    <p class='ocr_par' dir='ltr' id='par_1_23' title="bbox 303 2444 1893 2519">
     <span class='ocr_line' id='line_1_23' title="bbox 303 2444 1893 2519; baseline -0.009 -5"><span class='ocrx_word' id='word_1_185' title='bbox 303 2472 451 2514; x_wconf 84' lang='lat' dir='ltr'><strong>nam.</strong></span> <span class='ocrx_word' id='word_1_186' title='bbox 481 2456 578 2513; x_wconf 89' lang='lat' dir='ltr'><strong>lllc</strong></span> <span class='ocrx_word' id='word_1_187' title='bbox 623 2457 768 2512; x_wconf 90' lang='lat' dir='ltr'><strong>enim</strong></span> <span class='ocrx_word' id='word_1_188' title='bbox 813 2454 881 2509; x_wconf 90' lang='lat' dir='ltr'><strong>ad</strong></span> <span class='ocrx_word' id='word_1_189' title='bbox 908 2453 1128 2508; x_wconf 90' lang='lat' dir='ltr'><strong>domum</strong></span> <span class='ocrx_word' id='word_1_190' title='bbox 1171 2450 1264 2504; x_wconf 89' lang='lat' dir='ltr'><strong>Dei</strong></span> <span class='ocrx_word' id='word_1_191' title='bbox 1299 2448 1546 2519; x_wconf 86' lang='lat' dir='ltr'><strong>pertinet,</strong></span> <span class='ocrx_word' id='word_1_192' title='bbox 1590 2446 1678 2516; x_wconf 86' lang='lat' dir='ltr'><strong>qui</strong></span> <span class='ocrx_word' id='word_1_193' title='bbox 1707 2454 1790 2500; x_wconf 89' lang='lat' dir='ltr'><strong>est</strong></span> <span class='ocrx_word' id='word_1_194' title='bbox 1838 2444 1893 2500; x_wconf 90' lang='lat' dir='ltr'><strong>in</strong></span> 
     </span>
    </p>
   </div>
   <div class='ocr_carea' id='block_1_24' title="bbox 303 2538 1895 2619">
    <p class='ocr_par' dir='ltr' id='par_1_24' title="bbox 303 2538 1895 2619">
     <span class='ocr_line' id='line_1_24' title="bbox 303 2538 1895 2619; baseline -0.01 -11"><span class='ocrx_word' id='word_1_195' title='bbox 303 2551 566 2608; x_wconf 82' lang='lat' dir='ltr'><strong>chat‘itate</strong></span> <span class='ocrx_word' id='word_1_196' title='bbox 603 2548 1010 2619; x_wconf 76' lang='lat' dir='ltr'><strong>compaginatus</strong></span> <span class='ocrx_word' id='word_1_197' title='bbox 1055 2543 1324 2614; x_wconf 86' lang='lat' dir='ltr'><strong>lapidibus</strong></span> <span class='ocrx_word' id='word_1_198' title='bbox 1366 2541 1520 2595; x_wconf 83' lang='lat' dir='ltr'><strong>vivis.</strong></span> <span class='ocrx_word' id='word_1_199' title='bbox 1572 2538 1672 2605; x_wconf 86' lang='lat' dir='ltr'><strong>Qui</strong></span> <span class='ocrx_word' id='word_1_200' title='bbox 1715 2547 1895 2593; x_wconf 88' lang='lat' dir='ltr'><strong>autem</strong></span> 
     </span>
    </p>
   </div>
   <div class='ocr_carea' id='block_1_25' title="bbox 303 2631 1896 2703">
    <p class='ocr_par' dir='ltr' id='par_1_25' title="bbox 303 2631 1896 2703">
     <span class='ocr_line' id='line_1_25' title="bbox 303 2631 1896 2703; baseline -0.009 -4"><span class='ocrx_word' id='word_1_201' title='bbox 303 2644 621 2699; x_wconf 86' lang='lat' dir='ltr'><strong>cbaritatem</strong></span> <span class='ocrx_word' id='word_1_202' title='bbox 643 2658 749 2697; x_wconf 89' lang='lat' dir='ltr'><strong>non</strong></span> <span class='ocrx_word' id='word_1_203' title='bbox 777 2640 1041 2703; x_wconf 84' lang='lat' dir='ltr'><strong>habuerit,</strong></span> <span class='ocrx_word' id='word_1_204' title='bbox 1074 2637 1285 2692; x_wconf 88' lang='lat' dir='ltr'><strong>ruinam</strong></span> <span class='ocrx_word' id='word_1_205' title='bbox 1316 2633 1478 2700; x_wconf 85' lang='lat' dir='ltr'><strong>facit;</strong></span> <span class='ocrx_word' id='word_1_206' title='bbox 1508 2640 1562 2687; x_wconf 91' lang='lat' dir='ltr'><strong>et</strong></span> <span class='ocrx_word' id='word_1_207' title='bbox 1589 2631 1680 2685; x_wconf 93' lang='lat' dir='ltr'><strong>illo</strong></span> <span class='ocrx_word' id='word_1_208' title='bbox 1706 2639 1896 2686; x_wconf 89' lang='lat' dir='ltr'><strong>ruente</strong></span> 
     </span>
    </p>
   </div>
   <div class='ocr_carea' id='block_1_26' title="bbox 303 2723 1896 2791">
    <p class='ocr_par' dir='ltr' id='par_1_26' title="bbox 303 2723 1896 2791">
     <span class='ocr_line' id='line_1_26' title="bbox 303 2723 1896 2791; baseline -0.01 1"><span class='ocrx_word' id='word_1_209' title='bbox 303 2734 500 2791; x_wconf 90' lang='lat' dir='ltr'><strong>domus</strong></span> <span class='ocrx_word' id='word_1_210' title='bbox 543 2741 666 2790; x_wconf 90' lang='lat' dir='ltr'><strong>stat.</strong></span> <span class='ocrx_word' id='word_1_211' title='bbox 715 2733 882 2789; x_wconf 88' lang='lat' dir='ltr'><strong>Nemo</strong></span> <span class='ocrx_word' id='word_1_212' title='bbox 921 2731 1064 2788; x_wconf 90' lang='lat' dir='ltr'><strong>enim</strong></span> <span class='ocrx_word' id='word_1_213' title='bbox 1104 2729 1341 2783; x_wconf 86' lang='lat' dir='ltr'><strong>minetur</strong></span> <span class='ocrx_word' id='word_1_214' title='bbox 1387 2725 1588 2791; x_wconf 91' lang='lat' dir='ltr'><strong>domui,</strong></span> <span class='ocrx_word' id='word_1_215' title='bbox 1636 2723 1727 2778; x_wconf 90' lang='lat' dir='ltr'><strong>ubi</strong></span> <span class='ocrx_word' id='word_1_216' title='bbox 1774 2736 1896 2778; x_wconf 88' lang='lat' dir='ltr'><strong>esse</strong></span> 
     </span>
    </p>
   </div>
   <div class='ocr_carea' id='block_1_27' title="bbox 302 2815 1896 2900">
    <p class='ocr_par' dir='ltr' id='par_1_27' title="bbox 302 2815 1896 2900">
     <span class='ocr_line' id='line_1_27' title="bbox 302 2815 1896 2900; baseline -0.011 -16"><span class='ocrx_word' id='word_1_217' title='bbox 302 2827 458 2900; x_wconf 84' lang='lat' dir='ltr'><strong>quasi</strong></span> <span class='ocrx_word' id='word_1_218' title='bbox 487 2827 622 2897; x_wconf 90' lang='lat' dir='ltr'><strong>lapis</strong></span> <span class='ocrx_word' id='word_1_219' title='bbox 649 2826 834 2896; x_wconf 87' lang='lat' dir='ltr'><strong>coepit,</strong></span> <span class='ocrx_word' id='word_1_220' title='bbox 858 2824 902 2880; x_wconf 93' lang='lat' dir='ltr'><strong>si</strong></span> <span class='ocrx_word' id='word_1_221' title='bbox 928 2838 1087 2879; x_wconf 88' lang='lat' dir='ltr'><strong>ruere</strong></span> <span class='ocrx_word' id='word_1_222' title='bbox 1114 2820 1360 2884; x_wconf 90' lang='lat' dir='ltr'><strong>voluerit,</strong></span> <span class='ocrx_word' id='word_1_223' title='bbox 1391 2818 1541 2888; x_wconf 90' lang='lat' dir='ltr'><strong>quasi</strong></span> <span class='ocrx_word' id='word_1_224' title='bbox 1569 2815 1767 2886; x_wconf 87' lang='lat' dir='ltr'><strong>aliquid</strong></span> <span class='ocrx_word' id='word_1_225' title='bbox 1799 2815 1896 2869; x_wconf 91' lang='lat' dir='ltr'><strong>do-</strong></span> 
     </span>
    </p>
   </div>
   <div class='ocr_carea' id='block_1_28' title="bbox 301 2907 1894 2984">
    <p class='ocr_par' dir='ltr' id='par_1_28' title="bbox 301 2907 1894 2984">
     <span class='ocr_line' id='line_1_28' title="bbox 301 2907 1894 2984; baseline -0.008 -10"><span class='ocrx_word' id='word_1_226' title='bbox 301 2919 414 2975; x_wconf 91' lang='lat' dir='ltr'><strong>mui</strong></span> <span class='ocrx_word' id='word_1_227' title='bbox 443 2927 650 2974; x_wconf 90' lang='lat' dir='ltr'><strong>noceat.</strong></span> <span class='ocrx_word' id='word_1_228' title='bbox 682 2917 772 2974; x_wconf 89' lang='lat' dir='ltr'><strong>Sic</strong></span> <span class='ocrx_word' id='word_1_229' title='bbox 809 2917 952 2972; x_wconf 91' lang='lat' dir='ltr'><strong>enim</strong></span> <span class='ocrx_word' id='word_1_230' title='bbox 997 2913 1333 2984; x_wconf 88' lang='lat' dir='ltr'><strong>superbierat</strong></span> <span class='ocrx_word' id='word_1_231' title='bbox 1357 2918 1409 2965; x_wconf 90' lang='lat' dir='ltr'><strong>et</strong></span> <span class='ocrx_word' id='word_1_232' title='bbox 1435 2909 1642 2980; x_wconf 90' lang='lat' dir='ltr'><strong>primus</strong></span> <span class='ocrx_word' id='word_1_233' title='bbox 1663 2907 1894 2977; x_wconf 86' lang='lat' dir='ltr'><strong>populus</strong></span> 
     </span>
    </p>
   </div>
   <div class='ocr_carea' id='block_1_29' title="bbox 303 3001 1894 3077">
    <p class='ocr_par' dir='ltr' id='par_1_29' title="bbox 303 3001 1894 3077">
     <span class='ocr_line' id='line_1_29' title="bbox 303 3001 1894 3077; baseline -0.008 -10"><span class='ocrx_word' id='word_1_234' title='bbox 303 3008 636 3077; x_wconf 77' lang='lat' dir='ltr'><strong>Judteorum,</strong></span> <span class='ocrx_word' id='word_1_235' title='bbox 659 3008 863 3075; x_wconf 88' lang='lat' dir='ltr'><strong>dicens,</strong></span> <span class='ocrx_word' id='word_1_236' title='bbox 897 3007 1084 3077; x_wconf 83' lang='lat' dir='ltr'><strong>Neque</strong></span> <span class='ocrx_word' id='word_1_237' title='bbox 1106 3005 1249 3060; x_wconf 91' lang='lat' dir='ltr'><strong>enim</strong></span> <span class='ocrx_word' id='word_1_238' title='bbox 1275 3001 1617 3056; x_wconf 90' lang='lat' dir='ltr'><strong>fraudaturus</strong></span> <span class='ocrx_word' id='word_1_239' title='bbox 1643 3009 1724 3054; x_wconf 89' lang='lat' dir='ltr'><strong>est</strong></span> <span class='ocrx_word' id='word_1_240' title='bbox 1756 3001 1894 3055; x_wconf 90' lang='lat' dir='ltr'><strong>Deus</strong></span> 
     </span>
    </p>
   </div>
   <div class='ocr_carea' id='block_1_30' title="bbox 301 3092 1892 3172">
    <p class='ocr_par' dir='ltr' id='par_1_30' title="bbox 301 3092 1892 3172">
     <span class='ocr_line' id='line_1_30' title="bbox 301 3092 1892 3172; baseline -0.006 -15"><span class='ocrx_word' id='word_1_241' title='bbox 301 3110 508 3172; x_wconf 86' lang='lat' dir='ltr'><strong>patrem</strong></span> <span class='ocrx_word' id='word_1_242' title='bbox 540 3101 831 3166; x_wconf 82' lang='lat' dir='ltr'><strong>Abraham,</strong></span> <span class='ocrx_word' id='word_1_243' title='bbox 861 3099 948 3155; x_wconf 93' lang='lat' dir='ltr'><strong>cui</strong></span> <span class='ocrx_word' id='word_1_244' title='bbox 974 3096 1220 3169; x_wconf 89' lang='lat' dir='ltr'><strong>promisit</strong></span> <span class='ocrx_word' id='word_1_245' title='bbox 1243 3103 1388 3150; x_wconf 88' lang='lat' dir='ltr'><strong>tanta</strong></span> <span class='ocrx_word' id='word_1_246' title='bbox 1414 3094 1482 3148; x_wconf 92' lang='lat' dir='ltr'><strong>de</strong></span> <span class='ocrx_word' id='word_1_247' title='bbox 1508 3093 1713 3148; x_wconf 91' lang='lat' dir='ltr'><strong>semine</strong></span> <span class='ocrx_word' id='word_1_248' title='bbox 1735 3092 1892 3162; x_wconf 83' lang='lat' dir='ltr'><strong>ejus:</strong></span> 
     </span>
    </p>
   </div>
   <div class='ocr_carea' id='block_1_31' title="bbox 299 3184 1895 3260">
    <p class='ocr_par' dir='ltr' id='par_1_31' title="bbox 299 3184 1895 3260">
     <span class='ocr_line' id='line_1_31' title="bbox 299 3184 1895 3260; baseline -0.008 -10"><span class='ocrx_word' id='word_1_249' title='bbox 299 3203 355 3250; x_wconf 87' lang='lat' dir='ltr'><strong>et</strong></span> <span class='ocrx_word' id='word_1_250' title='bbox 379 3193 650 3250; x_wconf 88' lang='lat' dir='ltr'><strong>faciebant</strong></span> <span class='ocrx_word' id='word_1_251' title='bbox 671 3192 852 3249; x_wconf 87' lang='lat' dir='ltr'><strong>omnia</strong></span> <span class='ocrx_word' id='word_1_252' title='bbox 874 3192 1015 3246; x_wconf 90' lang='lat' dir='ltr'><strong>mala</strong></span> <span class='ocrx_word' id='word_1_253' title='bbox 1043 3203 1296 3260; x_wconf 90' lang='lat' dir='ltr'><strong>tanquam</strong></span> <span class='ocrx_word' id='word_1_254' title='bbox 1324 3185 1498 3242; x_wconf 91' lang='lat' dir='ltr'><strong>securi</strong></span> <span class='ocrx_word' id='word_1_255' title='bbox 1528 3184 1595 3240; x_wconf 91' lang='lat' dir='ltr'><strong>de</strong></span> <span class='ocrx_word' id='word_1_256' title='bbox 1624 3185 1895 3254; x_wconf 88' lang='lat' dir='ltr'><strong>pollicita-</strong></span> 
     </span>
    </p>
   </div>
   <div class='ocr_carea' id='block_1_32' title="bbox 299 3279 1895 3358">
    <p class='ocr_par' dir='ltr' id='par_1_32' title="bbox 299 3279 1895 3358">
     <span class='ocr_line' id='line_1_32' title="bbox 299 3279 1895 3358; baseline -0.007 -15"><span class='ocrx_word' id='word_1_257' title='bbox 299 3287 444 3342; x_wconf 90' lang='lat' dir='ltr'><strong>tione</strong></span> <span class='ocrx_word' id='word_1_258' title='bbox 488 3286 602 3352; x_wconf 90' lang='lat' dir='ltr'><strong>Dei,</strong></span> <span class='ocrx_word' id='word_1_259' title='bbox 634 3286 776 3358; x_wconf 91' lang='lat' dir='ltr'><strong>quod</strong></span> <span class='ocrx_word' id='word_1_260' title='bbox 817 3301 923 3340; x_wconf 90' lang='lat' dir='ltr'><strong>non</strong></span> <span class='ocrx_word' id='word_1_261' title='bbox 956 3299 1052 3355; x_wconf 91' lang='lat' dir='ltr'><strong>pro</strong></span> <span class='ocrx_word' id='word_1_262' title='bbox 1091 3283 1308 3338; x_wconf 88' lang='lat' dir='ltr'><strong>illorum</strong></span> <span class='ocrx_word' id='word_1_263' title='bbox 1339 3279 1545 3336; x_wconf 87' lang='lat' dir='ltr'><strong>meritis</strong></span> <span class='ocrx_word' id='word_1_264' title='bbox 1571 3279 1663 3348; x_wconf 88' lang='lat' dir='ltr'><strong>qui</strong></span> <span class='ocrx_word' id='word_1_265' title='bbox 1692 3279 1895 3334; x_wconf 90' lang='lat' dir='ltr'><strong>scelera</strong></span> 
     </span>
    </p>
   </div>
   <div class='ocr_carea' id='block_1_33' title="bbox 297 3371 1896 3450">
    <p class='ocr_par' dir='ltr' id='par_1_33' title="bbox 297 3371 1896 3450">
     <span class='ocr_line' id='line_1_33' title="bbox 297 3371 1896 3450; baseline -0.005 -16"><span class='ocrx_word' id='word_1_266' title='bbox 297 3378 598 3445; x_wconf 82' lang='lat' dir='ltr'><strong>faciebant,</strong></span> <span class='ocrx_word' id='word_1_267' title='bbox 629 3378 723 3434; x_wconf 90' lang='lat' dir='ltr'><strong>sed</strong></span> <span class='ocrx_word' id='word_1_268' title='bbox 761 3393 861 3450; x_wconf 91' lang='lat' dir='ltr'><strong>pro</strong></span> <span class='ocrx_word' id='word_1_269' title='bbox 900 3374 1108 3432; x_wconf 91' lang='lat' dir='ltr'><strong>meritis</strong></span> <span class='ocrx_word' id='word_1_270' title='bbox 1136 3373 1370 3429; x_wconf 79' lang='lat' dir='ltr'><strong>Abrabte</strong></span> <span class='ocrx_word' id='word_1_271' title='bbox 1415 3378 1662 3442; x_wconf 89' lang='lat' dir='ltr'><strong>parceret</strong></span> <span class='ocrx_word' id='word_1_272' title='bbox 1711 3371 1811 3438; x_wconf 89' lang='lat' dir='ltr'><strong>eis,</strong></span> <span class='ocrx_word' id='word_1_273' title='bbox 1840 3378 1896 3426; x_wconf 92' lang='lat' dir='ltr'><strong>et</strong></span> 
     </span>
    </p>
   </div>
   <div class='ocr_carea' id='block_1_34' title="bbox 296 3463 1894 3544">
    <p class='ocr_par' dir='ltr' id='par_1_34' title="bbox 296 3463 1894 3544">
     <span class='ocr_line' id='line_1_34' title="bbox 296 3463 1894 3544; baseline -0.006 -17"><span class='ocrx_word' id='word_1_274' title='bbox 296 3475 719 3544; x_wconf 88' lang='lat' dir='ltr'><strong>qualescumque</strong></span> <span class='ocrx_word' id='word_1_275' title='bbox 760 3472 932 3526; x_wconf 87' lang='lat' dir='ltr'><strong>malos</strong></span> <span class='ocrx_word' id='word_1_276' title='bbox 977 3469 1115 3524; x_wconf 89' lang='lat' dir='ltr'><strong>filios</strong></span> <span class='ocrx_word' id='word_1_277' title='bbox 1160 3465 1392 3522; x_wconf 74' lang='lat' dir='ltr'><strong>Abraha:</strong></span> <span class='ocrx_word' id='word_1_278' title='bbox 1435 3471 1789 3536; x_wconf 77' lang='lat' dir='ltr'><strong>congregaret</strong></span> <span class='ocrx_word' id='word_1_279' title='bbox 1837 3463 1894 3518; x_wconf 92' lang='lat' dir='ltr'><strong>in</strong></span> 
     </span>
    </p>
   </div>
   <div class='ocr_carea' id='block_1_35' title="bbox 297 3554 1893 3628">
    <p class='ocr_par' dir='ltr' id='par_1_35' title="bbox 297 3554 1893 3628">
     <span class='ocr_line' id='line_1_35' title="bbox 297 3554 1893 3628; baseline -0.007 -6"><span class='ocrx_word' id='word_1_280' title='bbox 297 3566 521 3622; x_wconf 90' lang='lat' dir='ltr'><strong>domum</strong></span> <span class='ocrx_word' id='word_1_281' title='bbox 547 3580 698 3622; x_wconf 89' lang='lat' dir='ltr'><strong>suam</strong></span> <span class='ocrx_word' id='word_1_282' title='bbox 724 3564 791 3620; x_wconf 90' lang='lat' dir='ltr'><strong>ad</strong></span> <span class='ocrx_word' id='word_1_283' title='bbox 825 3564 988 3620; x_wconf 76' lang='lat' dir='ltr'><strong>vitam</strong></span> <span class='ocrx_word' id='word_1_284' title='bbox 1015 3569 1291 3618; x_wconf 67' lang='lat' dir='ltr'><strong>aeternam.</strong></span> <span class='ocrx_word' id='word_1_285' title='bbox 1337 3557 1442 3614; x_wconf 89' lang='lat' dir='ltr'><strong>Sed</strong></span> <span class='ocrx_word' id='word_1_286' title='bbox 1469 3557 1596 3628; x_wconf 90' lang='lat' dir='ltr'><strong>quid</strong></span> <span class='ocrx_word' id='word_1_287' title='bbox 1622 3554 1893 3612; x_wconf 80' lang='lat' dir='ltr'><strong>Joannes?</strong></span> 
     </span>
    </p>
   </div>
   <div class='ocr_carea' id='block_1_36' title="bbox 301 3649 1896 3726">
    <p class='ocr_par' dir='ltr' id='par_1_36' title="bbox 301 3649 1896 3726">
     <span class='ocr_line' id='line_1_36' title="bbox 301 3649 1896 3726; baseline -0.006 -13"><span class='ocrx_word' id='word_1_288' title='bbox 301 3657 594 3726; x_wconf 85' lang='lat' dir='ltr'><strong>Generatio,</strong></span> <span class='ocrx_word' id='word_1_289' title='bbox 627 3656 828 3726; x_wconf 87' lang='lat' dir='ltr'><strong>inquit,</strong></span> <span class='ocrx_word' id='word_1_290' title='bbox 861 3656 1170 3726; x_wconf 80' lang='lat' dir='ltr'><strong>viperarum.</strong></span> <span class='ocrx_word' id='word_1_291' title='bbox 1206 3649 1434 3719; x_wconf 87' lang='lat' dir='ltr'><strong>Quando</strong></span> <span class='ocrx_word' id='word_1_292' title='bbox 1462 3649 1529 3705; x_wconf 91' lang='lat' dir='ltr'><strong>ad</strong></span> <span class='ocrx_word' id='word_1_293' title='bbox 1560 3650 1708 3706; x_wconf 91' lang='lat' dir='ltr'><strong>illum</strong></span> <span class='ocrx_word' id='word_1_294' title='bbox 1733 3662 1896 3704; x_wconf 82' lang='lat' dir='ltr'><strong>vene-</strong></span> 
     </span>
    </p>
   </div>
   <div class='ocr_carea' id='block_1_37' title="bbox 296 3739 1895 3819">
    <p class='ocr_par' dir='ltr' id='par_1_37' title="bbox 296 3739 1895 3819">
     <span class='ocr_line' id='line_1_37' title="bbox 296 3739 1895 3819; baseline -0.008 -13"><span class='ocrx_word' id='word_1_295' title='bbox 296 3757 425 3807; x_wconf 87' lang='lat' dir='ltr'><strong>runt</strong></span> <span class='ocrx_word' id='word_1_296' title='bbox 479 3749 581 3819; x_wconf 89' lang='lat' dir='ltr'><strong>ipsi</strong></span> <span class='ocrx_word' id='word_1_297' title='bbox 631 3747 726 3801; x_wconf 89' lang='lat' dir='ltr'><strong>filii</strong></span> <span class='ocrx_word' id='word_1_298' title='bbox 775 3745 1041 3809; x_wconf 81' lang='lat' dir='ltr'><strong>Abrahae,</strong></span> <span class='ocrx_word' id='word_1_299' title='bbox 1087 3751 1148 3798; x_wconf 88' lang='lat' dir='ltr'><strong>ut</strong></span> <span class='ocrx_word' id='word_1_300' title='bbox 1193 3741 1598 3812; x_wconf 81' lang='lat' dir='ltr'><strong>baptizarentur</strong></span> <span class='ocrx_word' id='word_1_301' title='bbox 1645 3739 1699 3794; x_wconf 91' lang='lat' dir='ltr'><strong>in</strong></span> <span class='ocrx_word' id='word_1_302' title='bbox 1755 3753 1895 3808; x_wconf 79' lang='lat' dir='ltr'><strong>aqua</strong></span> 
     </span>
    </p>
   </div>
   <div class='ocr_carea' id='block_1_38' title="bbox 299 3828 1895 3914">
    <p class='ocr_par' dir='ltr' id='par_1_38' title="bbox 299 3828 1895 3914">
     <span class='ocr_line' id='line_1_38' title="bbox 299 3828 1895 3914; baseline -0.009 -16"><span class='ocrx_word' id='word_1_303' title='bbox 299 3841 664 3914; x_wconf 67' lang='lat' dir='ltr'><strong>penitentite,</strong></span> <span class='ocrx_word' id='word_1_304' title='bbox 697 3853 804 3894; x_wconf 90' lang='lat' dir='ltr'><strong>non</strong></span> <span class='ocrx_word' id='word_1_305' title='bbox 844 3838 922 3892; x_wconf 92' lang='lat' dir='ltr'><strong>eis</strong></span> <span class='ocrx_word' id='word_1_306' title='bbox 960 3835 1117 3902; x_wconf 79' lang='lat' dir='ltr'><strong>dixit,</strong></span> <span class='ocrx_word' id='word_1_307' title='bbox 1151 3832 1441 3890; x_wconf 86' lang='lat' dir='ltr'><strong>Generatio</strong></span> <span class='ocrx_word' id='word_1_308' title='bbox 1488 3830 1751 3897; x_wconf 62' lang='lat' dir='ltr'><strong>Abrahae,</strong></span> <span class='ocrx_word' id='word_1_309' title='bbox 1798 3828 1895 3885; x_wconf 88' lang='lat' dir='ltr'><strong>sed</strong></span> 
     </span>
    </p>
   </div>
   <div class='ocr_carea' id='block_1_39' title="bbox 297 3922 1896 4010">
    <p class='ocr_par' dir='ltr' id='par_1_39' title="bbox 297 3922 1896 4010">
     <span class='ocr_line' id='line_1_39' title="bbox 297 3922 1896 4010; baseline -0.009 -19"><span class='ocrx_word' id='word_1_310' title='bbox 297 3937 610 4010; x_wconf 78' lang='lat' dir='ltr'><strong>viperarum.</strong></span> <span class='ocrx_word' id='word_1_311' title='bbox 642 3933 800 3988; x_wconf 86' lang='lat' dir='ltr'><strong>Tales</strong></span> <span class='ocrx_word' id='word_1_312' title='bbox 827 3931 970 3985; x_wconf 89' lang='lat' dir='ltr'><strong>enim</strong></span> <span class='ocrx_word' id='word_1_313' title='bbox 1005 3937 1192 3994; x_wconf 91' lang='lat' dir='ltr'><strong>erant,</strong></span> <span class='ocrx_word' id='word_1_314' title='bbox 1219 3925 1404 3997; x_wconf 88' lang='lat' dir='ltr'><strong>quales</strong></span> <span class='ocrx_word' id='word_1_315' title='bbox 1442 3938 1578 3994; x_wconf 89' lang='lat' dir='ltr'><strong>quos</strong></span> <span class='ocrx_word' id='word_1_316' title='bbox 1612 3922 1896 3978; x_wconf 85' lang='lat' dir='ltr'><strong>imitaban-</strong></span> 
     </span>
    </p>
   </div>
   <div class='ocr_carea' id='block_1_40' title="bbox 294 4014 1893 4098">
    <p class='ocr_par' dir='ltr' id='par_1_40' title="bbox 294 4014 1893 4098">
     <span class='ocr_line' id='line_1_40' title="bbox 294 4014 1893 4098; baseline -0.013 -8"><span class='ocrx_word' id='word_1_317' title='bbox 294 4037 422 4098; x_wconf 89' lang='lat' dir='ltr'><strong>tur;</strong></span> <span class='ocrx_word' id='word_1_318' title='bbox 458 4041 564 4081; x_wconf 92' lang='lat' dir='ltr'><strong>non</strong></span> <span class='ocrx_word' id='word_1_319' title='bbox 590 4024 684 4079; x_wconf 87' lang='lat' dir='ltr'><strong>ﬁlii</strong></span> <span class='ocrx_word' id='word_1_320' title='bbox 710 4021 962 4088; x_wconf 71' lang='lat' dir='ltr'><strong>Abrahre,</strong></span> <span class='ocrx_word' id='word_1_321' title='bbox 990 4019 1086 4076; x_wconf 88' lang='lat' dir='ltr'><strong>sed</strong></span> <span class='ocrx_word' id='word_1_322' title='bbox 1113 4019 1205 4073; x_wconf 85' lang='lat' dir='ltr'><strong>lilii</strong></span> <span class='ocrx_word' id='word_1_323' title='bbox 1231 4016 1555 4081; x_wconf 83' lang='lat' dir='ltr'><strong>Amorrhaei,</strong></span> <span class='ocrx_word' id='word_1_324' title='bbox 1581 4014 1893 4084; x_wconf 87' lang='lat' dir='ltr'><strong>Chananaei,</strong></span> 
     </span>
    </p>
   </div>
   <div class='ocr_carea' id='block_1_41' title="bbox 293 4105 1891 4191">
    <p class='ocr_par' dir='ltr' id='par_1_41' title="bbox 293 4105 1891 4191">
     <span class='ocr_line' id='line_1_41' title="bbox 293 4105 1891 4191; baseline -0.013 -12"><span class='ocrx_word' id='word_1_325' title='bbox 293 4117 597 4191; x_wconf 79' lang='lat' dir='ltr'><strong>Gergestei,</strong></span> <span class='ocrx_word' id='word_1_326' title='bbox 615 4113 869 4179; x_wconf 65' lang='lat' dir='ltr'><strong>Jebusaai,</strong></span> <span class='ocrx_word' id='word_1_327' title='bbox 885 4120 938 4168; x_wconf 88' lang='lat' dir='ltr'><strong>et</strong></span> <span class='ocrx_word' id='word_1_328' title='bbox 953 4110 1193 4167; x_wconf 90' lang='lat' dir='ltr'><strong>omnium</strong></span> <span class='ocrx_word' id='word_1_329' title='bbox 1217 4109 1307 4178; x_wconf 86' lang='lat' dir='ltr'><strong>qui</strong></span> <span class='ocrx_word' id='word_1_330' title='bbox 1334 4105 1852 4162; x_wconf 87' lang='lat' dir='ltr'><strong>offenderuntDeum</strong></span> <span class='ocrx_word' id='word_1_331' title='bbox 1877 4121 1891 4159; x_wconf 90' lang='lat'><strong>:</strong></span> 
     </span>
    </p>
   </div>
   <div class='ocr_carea' id='block_1_42' title="bbox 291 4197 1894 4283">
    <p class='ocr_par' dir='ltr' id='par_1_42' title="bbox 291 4197 1894 4283">
     <span class='ocr_line' id='line_1_42' title="bbox 291 4197 1894 4283; baseline -0.013 -13"><span class='ocrx_word' id='word_1_332' title='bbox 291 4215 544 4283; x_wconf 80' lang='lat' dir='ltr'><strong>ipsorum</strong></span> <span class='ocrx_word' id='word_1_333' title='bbox 585 4206 678 4263; x_wconf 76' lang='lat' dir='ltr'><strong>filii</strong></span> <span class='ocrx_word' id='word_1_334' title='bbox 709 4211 866 4263; x_wconf 84' lang='lat' dir='ltr'><strong>erant</strong></span> <span class='ocrx_word' id='word_1_335' title='bbox 885 4246 900 4270; x_wconf 97' lang='lat'><strong>,</strong></span> <span class='ocrx_word' id='word_1_336' title='bbox 931 4202 1056 4274; x_wconf 90' lang='lat' dir='ltr'><strong>quia</strong></span> <span class='ocrx_word' id='word_1_337' title='bbox 1096 4203 1337 4271; x_wconf 89' lang='lat' dir='ltr'><strong>ipsorum</strong></span> <span class='ocrx_word' id='word_1_338' title='bbox 1369 4199 1504 4253; x_wconf 89' lang='lat' dir='ltr'><strong>facta</strong></span> <span class='ocrx_word' id='word_1_339' title='bbox 1533 4197 1894 4252; x_wconf 87' lang='lat' dir='ltr'><strong>sectabantur.</strong></span> 
     </span>
    </p>
   </div>
   <div class='ocr_carea' id='block_1_43' title="bbox 299 4289 1896 4371">
    <p class='ocr_par' dir='ltr' id='par_1_43' title="bbox 299 4289 1896 4371">
     <span class='ocr_line' id='line_1_43' title="bbox 299 4289 1896 4371; baseline -0.014 -10"><span class='ocrx_word' id='word_1_340' title='bbox 299 4302 572 4361; x_wconf 85' lang='lat' dir='ltr'><strong>Generatio</strong></span> <span class='ocrx_word' id='word_1_341' title='bbox 611 4301 922 4371; x_wconf 80' lang='lat' dir='ltr'><strong>viperarum,</strong></span> <span class='ocrx_word' id='word_1_342' title='bbox 955 4293 1068 4364; x_wconf 85' lang='lat' dir='ltr'><strong>quis</strong></span> <span class='ocrx_word' id='word_1_343' title='bbox 1097 4291 1311 4346; x_wconf 83' lang='lat' dir='ltr'><strong>ostendit</strong></span> <span class='ocrx_word' id='word_1_344' title='bbox 1337 4289 1475 4344; x_wconf 84' lang='lat' dir='ltr'><strong>vobis</strong></span> <span class='ocrx_word' id='word_1_345' title='bbox 1499 4292 1675 4360; x_wconf 78' lang='lat' dir='ltr'><strong>fugere</strong></span> <span class='ocrx_word' id='word_1_346' title='bbox 1709 4303 1742 4341; x_wconf 90' lang='lat' dir='ltr'><strong>a</strong></span> <span class='ocrx_word' id='word_1_347' title='bbox 1771 4302 1896 4340; x_wconf 82' lang='lat' dir='ltr'><strong>ven-</strong></span> 
     </span>
    </p>
   </div>
   <div class='ocr_carea' id='block_1_44' title="bbox 299 4377 1899 4460">
    <p class='ocr_par' dir='ltr' id='par_1_44' title="bbox 299 4377 1899 4460">
     <span class='ocr_line' id='line_1_44' title="bbox 299 4377 1899 4460; baseline -0.013 -9"><span class='ocrx_word' id='word_1_348' title='bbox 299 4405 413 4452; x_wconf 88' lang='lat' dir='ltr'><strong>tura</strong></span> <span class='ocrx_word' id='word_1_349' title='bbox 457 4394 534 4448; x_wconf 88' lang='lat' dir='ltr'><strong>ira</strong></span> <span class='ocrx_word' id='word_1_350' title='bbox 551 4393 577 4447; x_wconf 69' lang='grc' dir='ltr'><strong><em>Ρ</em></strong></span> <span class='ocrx_word' id='word_1_351' title='bbox 623 4391 802 4446; x_wconf 89' lang='lat' dir='ltr'><strong>Facite</strong></span> <span class='ocrx_word' id='word_1_352' title='bbox 823 4401 944 4460; x_wconf 86' lang='lat' dir='ltr'><strong>ergo</strong></span> <span class='ocrx_word' id='word_1_353' title='bbox 968 4388 1194 4460; x_wconf 80' lang='lat' dir='ltr'><strong>fructum</strong></span> <span class='ocrx_word' id='word_1_354' title='bbox 1223 4382 1436 4454; x_wconf 87' lang='lat' dir='ltr'><strong>dignum</strong></span> <span class='ocrx_word' id='word_1_355' title='bbox 1480 4379 1802 4450; x_wconf 62' lang='lat' dir='ltr'><strong>paenitentia.</strong></span> <span class='ocrx_word' id='word_1_356' title='bbox 1829 4377 1899 4431; x_wconf 87' lang='lat' dir='ltr'><strong>Et</strong></span> 
     </span>
    </p>
   </div>
   <div class='ocr_carea' id='block_1_45' title="bbox 297 4471 1898 4553">
    <p class='ocr_par' dir='ltr' id='par_1_45' title="bbox 297 4471 1898 4553">
     <span class='ocr_line' id='line_1_45' title="bbox 297 4471 1898 4553; baseline -0.013 -9"><span class='ocrx_word' id='word_1_357' title='bbox 297 4504 360 4544; x_wconf 84' lang='lat' dir='ltr'><strong>ne</strong></span> <span class='ocrx_word' id='word_1_358' title='bbox 397 4486 651 4553; x_wconf 67' lang='lat' dir='ltr'><strong>dixeritis,</strong></span> <span class='ocrx_word' id='word_1_359' title='bbox 702 4483 913 4538; x_wconf 85' lang='lat' dir='ltr'><strong>Patrem</strong></span> <span class='ocrx_word' id='word_1_360' title='bbox 961 4477 1204 4535; x_wconf 82' lang='lat' dir='ltr'><strong>habemus</strong></span> <span class='ocrx_word' id='word_1_361' title='bbox 1255 4472 1532 4527; x_wconf 82' lang='lat' dir='ltr'><strong>Abraham.</strong></span> <span class='ocrx_word' id='word_1_362' title='bbox 1589 4471 1776 4525; x_wconf 87' lang='lat' dir='ltr'><strong>Potens</strong></span> <span class='ocrx_word' id='word_1_363' title='bbox 1822 4475 1898 4524; x_wconf 89' lang='lat' dir='ltr'><strong>est</strong></span> 
     </span>
    </p>
   </div>
   <div class='ocr_carea' id='block_1_46' title="bbox 297 4562 1901 4645">
    <p class='ocr_par' dir='ltr' id='par_1_46' title="bbox 297 4562 1901 4645">
     <span class='ocr_line' id='line_1_46' title="bbox 297 4562 1901 4645; baseline -0.012 -9"><span class='ocrx_word' id='word_1_364' title='bbox 297 4580 436 4636; x_wconf 86' lang='lat' dir='ltr'><strong>enim</strong></span> <span class='ocrx_word' id='word_1_365' title='bbox 471 4578 612 4634; x_wconf 84' lang='lat' dir='ltr'><strong>Deus</strong></span> <span class='ocrx_word' id='word_1_366' title='bbox 650 4577 712 4630; x_wconf 82' lang='lat' dir='ltr'><strong>de</strong></span> <span class='ocrx_word' id='word_1_367' title='bbox 761 4573 1014 4645; x_wconf 55' lang='lat' dir='ltr'><strong>lapidibus</strong></span> <span class='ocrx_word' id='word_1_368' title='bbox 1062 4569 1175 4626; x_wconf 81' lang='lat' dir='ltr'><strong>istis</strong></span> <span class='ocrx_word' id='word_1_369' title='bbox 1215 4567 1460 4620; x_wconf 86' lang='lat' dir='ltr'><strong>suscitare</strong></span> <span class='ocrx_word' id='word_1_370' title='bbox 1500 4563 1634 4633; x_wconf 78' lang='lat' dir='ltr'><strong>filios</strong></span> <span class='ocrx_word' id='word_1_371' title='bbox 1681 4562 1901 4617; x_wconf 62' lang='lat' dir='ltr'><strong>Abrahae</strong></span> 
     </span>
    </p>
   </div>
   <div class='ocr_carea' id='block_1_47' title="bbox 303 4651 1902 4746">
    <p class='ocr_par' dir='ltr' id='par_1_47' title="bbox 303 4651 1902 4746">
     <span class='ocr_line' id='line_1_47' title="bbox 303 4651 1902 4746; baseline -0.014 -19"><span class='ocrx_word' id='word_1_372' title='bbox 303 4671 520 4746; x_wconf 76' lang='lat' dir='ltr'><strong>(Matth.</strong></span> <span class='ocrx_word' id='word_1_373' title='bbox 571 4685 664 4735; x_wconf 87' lang='grc' dir='ltr'>ιιι,</span> <span class='ocrx_word' id='word_1_374' title='bbox 697 4667 834 4737; x_wconf 82' lang='grc'><strong>7-9).</strong></span> <span class='ocrx_word' id='word_1_375' title='bbox 879 4664 1070 4720; x_wconf 90' lang='lat' dir='ltr'><strong>Nescio</strong></span> <span class='ocrx_word' id='word_1_376' title='bbox 1109 4671 1248 4734; x_wconf 84' lang='lat' dir='ltr'><strong>quos</strong></span> <span class='ocrx_word' id='word_1_377' title='bbox 1277 4654 1484 4726; x_wconf 87' lang='lat' dir='ltr'><strong>lapides</strong></span> <span class='ocrx_word' id='word_1_378' title='bbox 1523 4662 1648 4708; x_wconf 91' lang='lat' dir='ltr'><strong>tunc</strong></span> <span class='ocrx_word' id='word_1_379' title='bbox 1685 4651 1902 4746; x_wconf 76' lang='lat' dir='ltr'><strong>videbat</strong></span> 
     </span>
    </p>
   </div>
   <div class='ocr_carea' id='block_1_48' title="bbox 300 4744 1896 4833">
    <p class='ocr_par' dir='ltr' id='par_1_48' title="bbox 300 4744 1896 4833">
     <span class='ocr_line' id='line_1_48' title="bbox 300 4744 1896 4833; baseline -0.015 -10"><span class='ocrx_word' id='word_1_380' title='bbox 300 4744 355 4823; x_wconf 86' lang='lat' dir='ltr'><strong>in</strong></span> <span class='ocrx_word' id='word_1_381' title='bbox 397 4762 605 4833; x_wconf 84' lang='lat' dir='ltr'><strong>campis</strong></span> <span class='ocrx_word' id='word_1_382' title='bbox 643 4759 900 4823; x_wconf 90' lang='lat' dir='ltr'><strong>saltuum,</strong></span> <span class='ocrx_word' id='word_1_383' title='bbox 926 4756 1067 4812; x_wconf 91' lang='lat' dir='ltr'><strong>unde</strong></span> <span class='ocrx_word' id='word_1_384' title='bbox 1105 4749 1351 4811; x_wconf 87' lang='lat' dir='ltr'><strong>suscitati</strong></span> <span class='ocrx_word' id='word_1_385' title='bbox 1375 4754 1498 4803; x_wconf 88' lang='lat' dir='ltr'><strong>sunt</strong></span> <span class='ocrx_word' id='word_1_386' title='bbox 1522 4747 1616 4801; x_wconf 85' lang='lat' dir='ltr'><strong>lilii</strong></span> <span class='ocrx_word' id='word_1_387' title='bbox 1643 4744 1896 4801; x_wconf 81' lang='lat' dir='ltr'><strong>Abrahae.</strong></span> 
     </span>
    </p>
   </div>
   <div class='ocr_carea' id='block_1_49' title="bbox 301 4836 1901 4922">
    <p class='ocr_par' dir='ltr' id='par_1_49' title="bbox 301 4836 1901 4922">
     <span class='ocr_line' id='line_1_49' title="bbox 301 4836 1901 4922; baseline -0.016 -6"><span class='ocrx_word' id='word_1_388' title='bbox 301 4857 427 4916; x_wconf 73' lang='lat' dir='ltr'><strong>Filii</strong></span> <span class='ocrx_word' id='word_1_389' title='bbox 464 4854 607 4914; x_wconf 91' lang='lat' dir='ltr'><strong>enim</strong></span> <span class='ocrx_word' id='word_1_390' title='bbox 636 4851 806 4922; x_wconf 90' lang='lat' dir='ltr'><strong>magis</strong></span> <span class='ocrx_word' id='word_1_391' title='bbox 840 4850 930 4920; x_wconf 88' lang='lat' dir='ltr'><strong>qui</strong></span> <span class='ocrx_word' id='word_1_392' title='bbox 958 4847 1116 4903; x_wconf 82' lang='lat' dir='ltr'><strong>fidem</strong></span> <span class='ocrx_word' id='word_1_393' title='bbox 1139 4841 1333 4900; x_wconf 90' lang='lat' dir='ltr'><strong>imitati</strong></span> <span class='ocrx_word' id='word_1_394' title='bbox 1359 4847 1504 4905; x_wconf 90' lang='lat' dir='ltr'><strong>sunt,</strong></span> <span class='ocrx_word' id='word_1_395' title='bbox 1525 4853 1687 4908; x_wconf 90' lang='lat' dir='ltr'><strong>quam</strong></span> <span class='ocrx_word' id='word_1_396' title='bbox 1715 4836 1807 4909; x_wconf 91' lang='lat' dir='ltr'><strong>qui</strong></span> <span class='ocrx_word' id='word_1_397' title='bbox 1829 4836 1901 4892; x_wconf 90' lang='lat' dir='ltr'><strong>de</strong></span> 
     </span>
    </p>
   </div>
   <div class='ocr_carea' id='block_1_50' title="bbox 284 4927 1900 5034">
    <p class='ocr_par' dir='ltr' id='par_1_50' title="bbox 284 4927 1900 5034">
     <span class='ocr_line' id='line_1_50' title="bbox 284 4927 1900 5034; baseline -0.015 -28"><span class='ocrx_word' id='word_1_398' title='bbox 284 4962 467 5034; x_wconf 52' lang='lat' dir='ltr'><strong>‘carnc</strong></span> <span class='ocrx_word' id='word_1_399' title='bbox 491 4944 606 5003; x_wconf 84' lang='lat' dir='ltr'><strong>nati</strong></span> <span class='ocrx_word' id='word_1_400' title='bbox 631 4950 774 4999; x_wconf 89' lang='lat' dir='ltr'><strong>sunt.</strong></span> <span class='ocrx_word' id='word_1_401' title='bbox 796 4940 966 4997; x_wconf 86' lang='lat' dir='ltr'><strong>Nemo</strong></span> <span class='ocrx_word' id='word_1_402' title='bbox 992 4953 1120 5010; x_wconf 91' lang='lat' dir='ltr'><strong>ergo</strong></span> <span class='ocrx_word' id='word_1_403' title='bbox 1143 4938 1381 4991; x_wconf 85' lang='lat' dir='ltr'><strong>minetur</strong></span> <span class='ocrx_word' id='word_1_404' title='bbox 1405 4930 1588 4985; x_wconf 90' lang='lat' dir='ltr'><strong>domui</strong></span> <span class='ocrx_word' id='word_1_405' title='bbox 1613 4929 1730 4995; x_wconf 90' lang='lat' dir='ltr'><strong>Dei,</strong></span> <span class='ocrx_word' id='word_1_406' title='bbox 1747 4927 1900 4999; x_wconf 90' lang='lat' dir='ltr'><strong>quasi</strong></span> 
     </span>
    </p>
   </div>
   <div class='ocr_carea' id='block_1_51' title="bbox 299 5020 1897 5100">
    <p class='ocr_par' dir='ltr' id='par_1_51' title="bbox 299 5020 1897 5100">
     <span class='ocr_line' id='line_1_51' title="bbox 299 5020 1897 5100; baseline -0.015 -2"><span class='ocrx_word' id='word_1_407' title='bbox 299 5041 481 5098; x_wconf 83' lang='lat' dir='ltr'><strong>dicat:</strong></span> <span class='ocrx_word' id='word_1_408' title='bbox 504 5034 774 5096; x_wconf 85' lang='lat' dir='ltr'><strong>Subtraho</strong></span> <span class='ocrx_word' id='word_1_409' title='bbox 810 5048 918 5100; x_wconf 92' lang='lat' dir='ltr'><strong>me,</strong></span> <span class='ocrx_word' id='word_1_410' title='bbox 945 5039 1000 5087; x_wconf 90' lang='lat' dir='ltr'><strong>et</strong></span> <span class='ocrx_word' id='word_1_411' title='bbox 1025 5037 1144 5086; x_wconf 89' lang='lat' dir='ltr'><strong>ruet</strong></span> <span class='ocrx_word' id='word_1_412' title='bbox 1172 5029 1382 5084; x_wconf 91' lang='lat' dir='ltr'><strong>domus.</strong></span> <span class='ocrx_word' id='word_1_413' title='bbox 1411 5022 1620 5081; x_wconf 90' lang='lat' dir='ltr'><strong>Bonum</strong></span> <span class='ocrx_word' id='word_1_414' title='bbox 1643 5029 1726 5076; x_wconf 91' lang='lat' dir='ltr'><strong>est</strong></span> <span class='ocrx_word' id='word_1_415' title='bbox 1753 5020 1897 5075; x_wconf 92' lang='lat' dir='ltr'><strong>enim</strong></span> 
     </span>
    </p>
   </div>
   <div class='ocr_carea' id='block_1_52' title="bbox 288 5112 1902 5244">
    <p class='ocr_par' dir='ltr' id='par_1_52' title="bbox 288 5112 1902 5244">
     <span class='ocr_line' id='line_1_52' title="bbox 288 5112 1902 5244; baseline -0.012 -55"><span class='ocrx_word' id='word_1_416' title='bbox 288 5133 379 5244; x_wconf 58' lang='lat' dir='ltr'><strong>(illi</strong></span> <span class='ocrx_word' id='word_1_417' title='bbox 408 5139 469 5188; x_wconf 92' lang='lat' dir='ltr'><strong>ut</strong></span> <span class='ocrx_word' id='word_1_418' title='bbox 491 5127 871 5193; x_wconf 76' lang='lat' dir='ltr'><strong>coaedificetur,</strong></span> <span class='ocrx_word' id='word_1_419' title='bbox 899 5123 1163 5244; x_wconf 68' lang='lat' dir='ltr'><strong>cthabeat</strong></span> <span class='ocrx_word' id='word_1_420' title='bbox 1189 5121 1532 5244; x_wconf 62' lang='lat' dir='ltr'><strong>cperitatem.</strong></span> <span class='ocrx_word' id='word_1_421' title='bbox 1560 5112 1694 5244; x_wconf 58' lang='lat' dir='ltr'><strong>Nam</strong></span> <span class='ocrx_word' id='word_1_422' title='bbox 1717 5113 1760 5167; x_wconf 92' lang='lat' dir='ltr'><strong>si</strong></span> <span class='ocrx_word' id='word_1_423' title='bbox 1787 5113 1902 5244; x_wconf 62' lang='lat' dir='ltr'><strong>ipse</strong></span> 
     </span>
     <span class='ocr_line' id='line_1_53' title="bbox 312 5207 1901 5244; baseline 0 0"><span class='ocrx_word' id='word_1_424' title='bbox 312 5225 473 5244; x_wconf 33' lang='lat' dir='ltr'><strong>Mus.</strong></span> <span class='ocrx_word' id='word_1_425' title='bbox 526 5223 683 5244; x_wconf 59' lang='grc' dir='ltr'><strong>-.-ιιι</strong></span> <span class='ocrx_word' id='word_1_426' title='bbox 729 5221 915 5244; x_wconf 59' lang='grc' dir='ltr'><strong>,ιη-η..</strong></span> <span class='ocrx_word' id='word_1_427' title='bbox 1005 5226 1160 5244; x_wconf 60' lang='grc' dir='ltr'><strong>μω...</strong></span> <span class='ocrx_word' id='word_1_428' title='bbox 1239 5222 1405 5244; x_wconf 55' lang='grc' dir='ltr'><strong>..δίκης</strong></span> <span class='ocrx_word' id='word_1_429' title='bbox 1475 5211 1531 5244; x_wconf 78' lang='lat' dir='ltr'><strong>:n</strong></span> <span class='ocrx_word' id='word_1_430' title='bbox 1602 5207 1644 5244; x_wconf 70' lang='lat' dir='ltr'><strong>ie</strong></span> <span class='ocrx_word' id='word_1_431' title='bbox 1692 5215 1773 5244; x_wconf 75' lang='lat' dir='ltr'><strong>act</strong></span> <span class='ocrx_word' id='word_1_432' title='bbox 1837 5219 1901 5244; x_wconf 79' lang='grc' dir='ltr'><strong>η-</strong></span> 
     </span>
    </p>
   </div>
   <div class='ocr_carea' id='block_1_53' title="bbox 297 5205 1901 5296">
    <p class='ocr_par' dir='ltr' id='par_1_53' title="bbox 297 5205 1901 5296">
     <span class='ocr_line' id='line_1_54' title="bbox 297 5205 1901 5296; baseline -0.014 -14"><span class='ocrx_word' id='word_1_433' title='bbox 297 5205 498 5296; x_wconf 57' lang='grc' dir='ltr'><strong>ἷιυθιιὶι,</strong></span> <span class='ocrx_word' id='word_1_434' title='bbox 524 5223 687 5280; x_wconf 89' lang='lat' dir='ltr'><strong>stabit</strong></span> <span class='ocrx_word' id='word_1_435' title='bbox 725 5221 940 5276; x_wconf 90' lang='lat' dir='ltr'><strong>domus.</strong></span> <span class='ocrx_word' id='word_1_436' title='bbox 978 5215 1181 5288; x_wconf 82' lang='lat' dir='ltr'><strong>Itaque,</strong></span> <span class='ocrx_word' id='word_1_437' title='bbox 1213 5213 1442 5277; x_wconf 87' lang='lat' dir='ltr'><strong>fratres,</strong></span> <span class='ocrx_word' id='word_1_438' title='bbox 1475 5211 1533 5266; x_wconf 88' lang='lat' dir='ltr'><strong>in</strong></span> <span class='ocrx_word' id='word_1_439' title='bbox 1560 5206 1646 5262; x_wconf 89' lang='lat' dir='ltr'><strong>his</strong></span> <span class='ocrx_word' id='word_1_440' title='bbox 1692 5215 1775 5261; x_wconf 89' lang='lat' dir='ltr'><strong>est</strong></span> <span class='ocrx_word' id='word_1_441' title='bbox 1801 5205 1901 5261; x_wconf 90' lang='lat' dir='ltr'><strong>do-</strong></span> 
     </span>
    </p>
   </div>
   <div class='ocr_carea' id='block_1_54' title="bbox 300 5300 1901 5384">
    <p class='ocr_par' dir='ltr' id='par_1_54' title="bbox 300 5300 1901 5384">
     <span class='ocr_line' id='line_1_55' title="bbox 300 5300 1901 5384; baseline -0.012 -10"><span class='ocrx_word' id='word_1_442' title='bbox 300 5327 431 5373; x_wconf 77' lang='lat' dir='ltr'><strong>mus</strong></span> <span class='ocrx_word' id='word_1_443' title='bbox 477 5316 610 5383; x_wconf 88' lang='lat' dir='ltr'><strong>Dei,</strong></span> <span class='ocrx_word' id='word_1_444' title='bbox 655 5327 792 5384; x_wconf 91' lang='lat' dir='ltr'><strong>quos</strong></span> <span class='ocrx_word' id='word_1_445' title='bbox 819 5308 1216 5384; x_wconf 67' lang='lat' dir='ltr'><strong>praedestinavit</strong></span> <span class='ocrx_word' id='word_1_446' title='bbox 1262 5300 1609 5376; x_wconf 70' lang='lat' dir='ltr'><strong>etpraascivit</strong></span> <span class='ocrx_word' id='word_1_447' title='bbox 1651 5313 1901 5369; x_wconf 83' lang='lat' dir='ltr'><strong>perseve-</strong></span> 
     </span>
    </p>
   </div>
   <div class='ocr_carea' id='block_1_55' title="bbox 311 5393 1900 5470">
    <p class='ocr_par' dir='ltr' id='par_1_55' title="bbox 311 5393 1900 5470">
     <span class='ocr_line' id='line_1_56' title="bbox 311 5393 1900 5470; baseline -0.013 -2"><span class='ocrx_word' id='word_1_448' title='bbox 311 5417 562 5470; x_wconf 85' lang='lat' dir='ltr'><strong>raturos:</strong></span> <span class='ocrx_word' id='word_1_449' title='bbox 593 5408 663 5465; x_wconf 89' lang='lat' dir='ltr'><strong>de</strong></span> <span class='ocrx_word' id='word_1_450' title='bbox 689 5408 794 5463; x_wconf 87' lang='lat' dir='ltr'><strong>illis</strong></span> <span class='ocrx_word' id='word_1_451' title='bbox 837 5407 1036 5462; x_wconf 90' lang='lat' dir='ltr'><strong>dictum</strong></span> <span class='ocrx_word' id='word_1_452' title='bbox 1060 5411 1164 5470; x_wconf 89' lang='lat' dir='ltr'><strong>est,</strong></span> <span class='ocrx_word' id='word_1_453' title='bbox 1197 5400 1295 5457; x_wconf 87' lang='lat' dir='ltr'><strong>Ubi</strong></span> <span class='ocrx_word' id='word_1_454' title='bbox 1321 5407 1560 5456; x_wconf 85' lang='lat' dir='ltr'><strong>steterunt</strong></span> <span class='ocrx_word' id='word_1_455' title='bbox 1592 5393 1744 5467; x_wconf 81' lang='lat' dir='ltr'><strong>pedes</strong></span> <span class='ocrx_word' id='word_1_456' title='bbox 1771 5393 1900 5462; x_wconf 84' lang='lat' dir='ltr'><strong>ejus.</strong></span> 
     </span>
    </p>
   </div>
   <div class='ocr_carea' id='block_1_56' title="bbox 315 5485 1904 5571">
    <p class='ocr_par' dir='ltr' id='par_1_56' title="bbox 315 5485 1904 5571">
     <span class='ocr_line' id='line_1_57' title="bbox 315 5485 1904 5571; baseline -0.013 -11"><span class='ocrx_word' id='word_1_457' title='bbox 315 5503 452 5560; x_wconf 86' lang='lat' dir='ltr'><strong>Sunt</strong></span> <span class='ocrx_word' id='word_1_458' title='bbox 474 5504 618 5561; x_wconf 88' lang='lat' dir='ltr'><strong>enim</strong></span> <span class='ocrx_word' id='word_1_459' title='bbox 641 5501 729 5571; x_wconf 93' lang='lat' dir='ltr'><strong>qui</strong></span> <span class='ocrx_word' id='word_1_460' title='bbox 752 5500 773 5531; x_wconf 85' lang='grc'><strong><em>³</em></strong></span> <span class='ocrx_word' id='word_1_461' title='bbox 796 5513 900 5554; x_wconf 92' lang='lat' dir='ltr'><strong>non</strong></span> <span class='ocrx_word' id='word_1_462' title='bbox 931 5504 1294 5568; x_wconf 89' lang='lat' dir='ltr'><strong>perseverant,</strong></span> <span class='ocrx_word' id='word_1_463' title='bbox 1320 5509 1418 5550; x_wconf 89' lang='lat' dir='ltr'><strong>nec</strong></span> <span class='ocrx_word' id='word_1_464' title='bbox 1436 5500 1579 5548; x_wconf 89' lang='lat' dir='ltr'><strong>stant</strong></span> <span class='ocrx_word' id='word_1_465' title='bbox 1598 5487 1768 5562; x_wconf 82' lang='lat' dir='ltr'><strong>pedes</strong></span> <span class='ocrx_word' id='word_1_466' title='bbox 1787 5485 1904 5557; x_wconf 87' lang='lat' dir='ltr'><strong>ejus</strong></span> 
     </span>
    </p>
   </div>
   <div class='ocr_carea' id='block_1_57' title="bbox 378 5575 1906 5652">
    <p class='ocr_par' dir='ltr' id='par_1_57' title="bbox 378 5575 1906 5652">
     <span class='ocr_line' id='line_1_58' title="bbox 378 5575 1906 5652; baseline -0.014 -6"><span class='ocrx_word' id='word_1_467' title='bbox 378 5597 395 5628; x_wconf 75' lang='grc'>³</span> <span class='ocrx_word' id='word_1_468' title='bbox 423 5604 524 5645; x_wconf 80' lang='lat' dir='ltr'><strong>Am.</strong></span> <span class='ocrx_word' id='word_1_469' title='bbox 550 5601 625 5642; x_wconf 82' lang='lat' dir='ltr'><strong>Er.</strong></span> <span class='ocrx_word' id='word_1_470' title='bbox 665 5599 719 5642; x_wconf 89' lang='lat' dir='ltr'><strong>et</strong></span> <span class='ocrx_word' id='word_1_471' title='bbox 751 5589 919 5652; x_wconf 75' lang='lat' dir='ltr'><strong>plures</strong></span> <span class='ocrx_word' id='word_1_472' title='bbox 954 5595 1046 5638; x_wconf 78' lang='lat' dir='ltr'><strong>Mss</strong></span> <span class='ocrx_word' id='word_1_473' title='bbox 1077 5583 1417 5652; x_wconf 16' lang='lat' dir='ltr'><strong>,Aintrapimus.</strong></span> <span class='ocrx_word' id='word_1_474' title='bbox 1452 5590 1580 5641; x_wconf 82' lang='lat' dir='ltr'><strong>Lov.,</strong></span> <span class='ocrx_word' id='word_1_475' title='bbox 1600 5575 1906 5652; x_wconf 36' lang='lat' dir='ltr'><strong>.mrabimus</strong></span> 
     </span>
    </p>
   </div>
   <div class='ocr_carea' id='block_1_58' title="bbox 314 5645 1902 5712">
    <p class='ocr_par' dir='ltr' id='par_1_58' title="bbox 314 5645 1902 5712">
     <span class='ocr_line' id='line_1_59' title="bbox 314 5645 1902 5712; baseline -0.011 -6"><span class='ocrx_word' id='word_1_476' title='bbox 314 5655 367 5706; x_wconf 79' lang='lat' dir='ltr'><strong>in</strong></span> <span class='ocrx_word' id='word_1_477' title='bbox 387 5645 766 5708; x_wconf 55' lang='lat' dir='ltr'><strong>tabernaculum:</strong></span> <span class='ocrx_word' id='word_1_478' title='bbox 789 5651 899 5700; x_wconf 78' lang='lat' dir='ltr'><strong>Edd.</strong></span> <span class='ocrx_word' id='word_1_479' title='bbox 921 5664 1040 5702; x_wconf 86' lang='lat' dir='ltr'><strong>vero</strong></span> <span class='ocrx_word' id='word_1_480' title='bbox 1054 5649 1132 5698; x_wconf 88' lang='lat' dir='ltr'><strong>alii</strong></span> <span class='ocrx_word' id='word_1_481' title='bbox 1155 5655 1205 5697; x_wconf 87' lang='lat' dir='ltr'><strong>et</strong></span> <span class='ocrx_word' id='word_1_482' title='bbox 1220 5645 1443 5712; x_wconf 84' lang='lat' dir='ltr'><strong>plerique</strong></span> <span class='ocrx_word' id='word_1_483' title='bbox 1467 5653 1571 5693; x_wconf 79' lang='lat' dir='ltr'><strong>Mss.</strong></span> <span class='ocrx_word' id='word_1_484' title='bbox 1593 5645 1738 5707; x_wconf 83' lang='lat' dir='ltr'><strong>juxta</strong></span> <span class='ocrx_word' id='word_1_485' title='bbox 1753 5647 1902 5689; x_wconf 59' lang='lat' dir='ltr'><strong>Grec.</strong></span> 
     </span>
    </p>
   </div>
   <div class='ocr_carea' id='block_1_59' title="bbox 315 5713 868 5776">
    <p class='ocr_par' dir='ltr' id='par_1_59' title="bbox 315 5713 868 5776">
     <span class='ocr_line' id='line_1_60' title="bbox 315 5713 868 5776; baseline -0.013 -8"><span class='ocrx_word' id='word_1_486' title='bbox 315 5725 442 5776; x_wconf 75' lang='lat' dir='ltr'><strong>LXX,</strong></span> <span class='ocrx_word' id='word_1_487' title='bbox 469 5718 519 5768; x_wconf 85' lang='lat' dir='ltr'><strong>in</strong></span> <span class='ocrx_word' id='word_1_488' title='bbox 541 5713 868 5767; x_wconf 86' lang='lat' dir='ltr'><strong>tabernacula.</strong></span> 
     </span>
    </p>
   </div>
   <div class='ocr_carea' id='block_1_60' title="bbox 382 5775 1452 5845">
    <p class='ocr_par' dir='ltr' id='par_1_60' title="bbox 382 5775 1452 5845">
     <span class='ocr_line' id='line_1_61' title="bbox 382 5775 1452 5845; baseline -0.01 -14"><span class='ocrx_word' id='word_1_489' title='bbox 382 5782 402 5845; x_wconf 52' lang='grc' dir='ltr'>ἓ</span> <span class='ocrx_word' id='word_1_490' title='bbox 428 5775 615 5845; x_wconf 67' lang='lat' dir='ltr'><strong>Aliquot</strong></span> <span class='ocrx_word' id='word_1_491' title='bbox 639 5786 783 5836; x_wconf 57' lang='lat' dir='ltr'><strong>tiles,</strong></span> <span class='ocrx_word' id='word_1_492' title='bbox 803 5775 1154 5845; x_wconf 33' lang='lat' dir='ltr'><strong>adorauimus.‘</strong></span> <span class='ocrx_word' id='word_1_493' title='bbox 1301 5843 1310 5845; x_wconf 18' lang='grc' dir='ltr'><strong><em>ᾉ</em></strong></span> 
     </span>
    </p>
   </div>
   <div class='ocr_carea' id='block_1_61' title="bbox 383 5831 1712 5901">
    <p class='ocr_par' dir='ltr' id='par_1_61' title="bbox 383 5831 1712 5901">
     <span class='ocr_line' id='line_1_62' title="bbox 383 5831 1712 5901; baseline -0.017 0"><span class='ocrx_word' id='word_1_494' title='bbox 383 5844 407 5884; x_wconf 81' lang='grc'>³</span> <span class='ocrx_word' id='word_1_495' title='bbox 423 5831 583 5900; x_wconf 43' lang='lat' dir='ltr'><strong>Audet</strong></span> <span class='ocrx_word' id='word_1_496' title='bbox 603 5849 734 5901; x_wconf 42' lang='lat' dir='ltr'><strong>Mss”</strong></span> <span class='ocrx_word' id='word_1_497' title='bbox 757 5831 802 5893; x_wconf 81' lang='lat' dir='ltr'><strong>et</strong></span> <span class='ocrx_word' id='word_1_498' title='bbox 833 5838 959 5895; x_wconf 84' lang='lat' dir='ltr'><strong>enim</strong></span> <span class='ocrx_word' id='word_1_499' title='bbox 981 5835 1080 5900; x_wconf 88' lang='lat' dir='ltr'><strong>qui,</strong></span> <span class='ocrx_word' id='word_1_500' title='bbox 1110 5840 1226 5896; x_wconf 88' lang='lat' dir='ltr'><strong>etc.,</strong></span> <span class='ocrx_word' id='word_1_501' title='bbox 1253 5843 1349 5884; x_wconf 85' lang='lat' dir='ltr'><strong>nec</strong></span> <span class='ocrx_word' id='word_1_502' title='bbox 1366 5831 1568 5895; x_wconf 76' lang='lat' dir='ltr'><strong>habent,</strong></span> <span class='ocrx_word' id='word_1_503' title='bbox 1587 5833 1712 5881; x_wconf 81' lang='lat' dir='ltr'><strong>sunt.</strong></span> 
     </span>
    </p>
   </div>
   <div class='ocr_carea' id='block_1_62' title="bbox 1303 301 2453 371">
    <p class='ocr_par' dir='ltr' id='par_1_62' title="bbox 1303 301 2453 371">
     <span class='ocr_line' id='line_1_63' title="bbox 1303 301 2453 371; baseline -0.006 0"><span class='ocrx_word' id='word_1_504' title='bbox 1303 305 1703 371; x_wconf 77' lang='lat' dir='ltr'><strong>ENARRATIO</strong></span> <span class='ocrx_word' id='word_1_505' title='bbox 1737 304 1808 364; x_wconf 77' lang='lat' dir='ltr'><strong>IN</strong></span> <span class='ocrx_word' id='word_1_506' title='bbox 1843 301 2172 366; x_wconf 83' lang='lat' dir='ltr'><strong>PSALMUM</strong></span> <span class='ocrx_word' id='word_1_507' title='bbox 2209 305 2453 368; x_wconf 78' lang='lat' dir='ltr'><strong>CXXXI.</strong></span> 
     </span>
    </p>
   </div>
   <div class='ocr_carea' id='block_1_63' title="bbox 3445 309 3587 370">
    <p class='ocr_par' dir='ltr' id='par_1_63' title="bbox 3445 309 3587 370">
     <span class='ocr_line' id='line_1_64' title="bbox 3445 309 3587 370; baseline 0 -1"><span class='ocrx_word' id='word_1_508' title='bbox 3445 309 3587 370; x_wconf 75' lang='lat'><strong>1722</strong></span> 
     </span>
    </p>
   </div>
   <div class='ocr_carea' id='block_1_64' title="bbox 1997 425 3584 501">
    <p class='ocr_par' dir='ltr' id='par_1_64' title="bbox 1997 425 3584 501">
     <span class='ocr_line' id='line_1_65' title="bbox 1997 425 3584 501; baseline 0.003 -19"><span class='ocrx_word' id='word_1_509' title='bbox 1997 426 2052 482; x_wconf 90' lang='lat' dir='ltr'><strong>in</strong></span> <span class='ocrx_word' id='word_1_510' title='bbox 2095 427 2197 484; x_wconf 91' lang='lat' dir='ltr'><strong>eis.</strong></span> <span class='ocrx_word' id='word_1_511' title='bbox 2241 427 2359 484; x_wconf 93' lang='lat' dir='ltr'><strong>Non</strong></span> <span class='ocrx_word' id='word_1_512' title='bbox 2398 433 2526 484; x_wconf 92' lang='lat' dir='ltr'><strong>sunt</strong></span> <span class='ocrx_word' id='word_1_513' title='bbox 2558 437 2687 500; x_wconf 87' lang='lat' dir='ltr'><strong>ergo</strong></span> <span class='ocrx_word' id='word_1_514' title='bbox 2732 425 2833 500; x_wconf 88' lang='lat' dir='ltr'><strong>ipsi</strong></span> <span class='ocrx_word' id='word_1_515' title='bbox 2877 425 3152 497; x_wconf 85' lang='lat' dir='ltr'><strong>Ecclesia;</strong></span> <span class='ocrx_word' id='word_1_516' title='bbox 3181 441 3292 488; x_wconf 88' lang='lat' dir='ltr'><strong>non</strong></span> <span class='ocrx_word' id='word_1_517' title='bbox 3317 427 3422 501; x_wconf 85' lang='lat' dir='ltr'><strong>ipsi</strong></span> <span class='ocrx_word' id='word_1_518' title='bbox 3457 441 3584 500; x_wconf 81' lang='lat' dir='ltr'><strong>per-</strong></span> 
     </span>
    </p>
   </div>
   <div class='ocr_carea' id='block_1_65' title="bbox 1991 517 3580 590">
    <p class='ocr_par' dir='ltr' id='par_1_65' title="bbox 1991 517 3580 590">
     <span class='ocr_line' id='line_1_66' title="bbox 1991 517 3580 590; baseline 0.004 -17"><span class='ocrx_word' id='word_1_519' title='bbox 1991 517 2166 576; x_wconf 87' lang='lat' dir='ltr'><strong>tinent</strong></span> <span class='ocrx_word' id='word_1_520' title='bbox 2210 519 2277 575; x_wconf 89' lang='lat' dir='ltr'><strong>ad</strong></span> <span class='ocrx_word' id='word_1_521' title='bbox 2315 519 2448 576; x_wconf 89' lang='lat' dir='ltr'><strong>illud</strong></span> <span class='ocrx_word' id='word_1_522' title='bbox 2489 521 2652 576; x_wconf 93' lang='lat' dir='ltr'><strong>modo</strong></span> <span class='ocrx_word' id='word_1_523' title='bbox 2688 519 3118 590; x_wconf 87' lang='lat' dir='ltr'><strong>tabernaculum,</strong></span> <span class='ocrx_word' id='word_1_524' title='bbox 3167 529 3298 578; x_wconf 91' lang='lat' dir='ltr'><strong>tunc</strong></span> <span class='ocrx_word' id='word_1_525' title='bbox 3337 520 3580 580; x_wconf 89' lang='lat' dir='ltr'><strong>domum.</strong></span> 
     </span>
    </p>
   </div>
   <div class='ocr_carea' id='block_1_66' title="bbox 1993 610 3590 684">
    <p class='ocr_par' dir='ltr' id='par_1_66' title="bbox 1993 610 3590 684">
     <span class='ocr_line' id='line_1_67' title="bbox 1993 610 3590 684; baseline 0.003 -18"><span class='ocrx_word' id='word_1_526' title='bbox 1993 610 2098 667; x_wconf 91' lang='lat' dir='ltr'><strong>Sed</strong></span> <span class='ocrx_word' id='word_1_527' title='bbox 2133 613 2220 667; x_wconf 94' lang='lat' dir='ltr'><strong>ubi</strong></span> <span class='ocrx_word' id='word_1_528' title='bbox 2263 614 2278 644; x_wconf 80' lang='grc'>¹</span> <span class='ocrx_word' id='word_1_529' title='bbox 2319 621 2583 669; x_wconf 88' lang='lat' dir='ltr'><strong>steterunt</strong></span> <span class='ocrx_word' id='word_1_530' title='bbox 2615 613 2780 684; x_wconf 91' lang='lat' dir='ltr'><strong>pedes</strong></span> <span class='ocrx_word' id='word_1_531' title='bbox 2827 613 2978 684; x_wconf 89' lang='lat' dir='ltr'><strong>ejus?</strong></span> <span class='ocrx_word' id='word_1_532' title='bbox 3019 613 3272 681; x_wconf 84' lang='lat' dir='ltr'><strong>Quoniam</strong></span> <span class='ocrx_word' id='word_1_533' title='bbox 3316 613 3590 670; x_wconf 78' lang='lat' dir='ltr'><strong>abundavit</strong></span> 
     </span>
    </p>
   </div>
   <div class='ocr_carea' id='block_1_67' title="bbox 1993 704 3583 778">
    <p class='ocr_par' dir='ltr' id='par_1_67' title="bbox 1993 704 3583 778">
     <span class='ocr_line' id='line_1_68' title="bbox 1993 704 3583 778; baseline 0.004 -20"><span class='ocrx_word' id='word_1_534' title='bbox 1993 704 2252 774; x_wconf 86' lang='lat' dir='ltr'><strong>iniquitas,</strong></span> <span class='ocrx_word' id='word_1_535' title='bbox 2271 707 2558 778; x_wconf 76' lang='lat' dir='ltr'><strong>refrigescet</strong></span> <span class='ocrx_word' id='word_1_536' title='bbox 2579 707 2800 762; x_wconf 88' lang='lat' dir='ltr'><strong>charitas</strong></span> <span class='ocrx_word' id='word_1_537' title='bbox 2815 708 3108 763; x_wconf 83' lang='lat' dir='ltr'><strong>multorum.</strong></span> <span class='ocrx_word' id='word_1_538' title='bbox 3133 707 3191 763; x_wconf 89' lang='lat' dir='ltr'><strong>ln</strong></span> <span class='ocrx_word' id='word_1_539' title='bbox 3212 707 3298 763; x_wconf 88' lang='lat' dir='ltr'><strong>his</strong></span> <span class='ocrx_word' id='word_1_540' title='bbox 3313 705 3367 762; x_wconf 89' lang='lat' dir='ltr'><strong>in</strong></span> <span class='ocrx_word' id='word_1_541' title='bbox 3389 706 3583 778; x_wconf 87' lang='lat' dir='ltr'><strong>quibus</strong></span> 
     </span>
    </p>
   </div>
   <div class='ocr_carea' id='block_1_68' title="bbox 2001 794 3589 870">
    <p class='ocr_par' dir='ltr' id='par_1_68' title="bbox 2001 794 3589 870">
     <span class='ocr_line' id='line_1_69' title="bbox 2001 794 3589 870; baseline 0.003 -20"><span class='ocrx_word' id='word_1_542' title='bbox 2001 794 2234 852; x_wconf 91' lang='lat' dir='ltr'><strong>charitas</strong></span> <span class='ocrx_word' id='word_1_543' title='bbox 2261 797 2576 866; x_wconf 83' lang='lat' dir='ltr'><strong>refrigescit,</strong></span> <span class='ocrx_word' id='word_1_544' title='bbox 2623 813 2732 854; x_wconf 91' lang='lat' dir='ltr'><strong>non</strong></span> <span class='ocrx_word' id='word_1_545' title='bbox 2773 806 2916 855; x_wconf 90' lang='lat' dir='ltr'><strong>stant</strong></span> <span class='ocrx_word' id='word_1_546' title='bbox 2945 798 3112 870; x_wconf 87' lang='lat' dir='ltr'><strong>pedes</strong></span> <span class='ocrx_word' id='word_1_547' title='bbox 3142 799 3277 869; x_wconf 86' lang='lat' dir='ltr'><strong>ejus.</strong></span> <span class='ocrx_word' id='word_1_548' title='bbox 3317 797 3425 856; x_wconf 90' lang='lat' dir='ltr'><strong>Sed</strong></span> <span class='ocrx_word' id='word_1_549' title='bbox 3458 797 3589 870; x_wconf 82' lang='lat' dir='ltr'><strong>quid</strong></span> 
     </span>
    </p>
   </div>
   <div class='ocr_carea' id='block_1_69' title="bbox 1997 889 3581 962">
    <p class='ocr_par' dir='ltr' id='par_1_69' title="bbox 1997 889 3581 962">
     <span class='ocr_line' id='line_1_70' title="bbox 1997 889 3581 962; baseline 0.003 -21"><span class='ocrx_word' id='word_1_550' title='bbox 1997 894 2211 943; x_wconf 89' lang='lat' dir='ltr'><strong>secutus</strong></span> <span class='ocrx_word' id='word_1_551' title='bbox 2241 889 2358 944; x_wconf 88' lang='lat' dir='ltr'><strong>est?</strong></span> <span class='ocrx_word' id='word_1_552' title='bbox 2387 889 2486 955; x_wconf 85' lang='lat' dir='ltr'><strong>Qui</strong></span> <span class='ocrx_word' id='word_1_553' title='bbox 2521 900 2688 944; x_wconf 89' lang='lat' dir='ltr'><strong>autem</strong></span> <span class='ocrx_word' id='word_1_554' title='bbox 2723 892 3106 960; x_wconf 81' lang='lat' dir='ltr'><strong>perseuerauerit</strong></span> <span class='ocrx_word' id='word_1_555' title='bbox 3140 908 3294 962; x_wconf 87' lang='lat' dir='ltr'><strong>usque</strong></span> <span class='ocrx_word' id='word_1_556' title='bbox 3319 892 3374 947; x_wconf 87' lang='lat' dir='ltr'><strong>in</strong></span> <span class='ocrx_word' id='word_1_557' title='bbox 3404 893 3581 962; x_wconf 84' lang='lat' dir='ltr'><strong>ﬁnem,</strong></span> 
     </span>
    </p>
   </div>
   <div class='ocr_carea' id='block_1_70' title="bbox 1997 981 3586 1058">
    <p class='ocr_par' dir='ltr' id='par_1_70' title="bbox 1997 981 3586 1058">
     <span class='ocr_line' id='line_1_71' title="bbox 1997 981 3586 1058; baseline 0.004 -24"><span class='ocrx_word' id='word_1_558' title='bbox 1997 981 2079 1035; x_wconf 89' lang='lat' dir='ltr'><strong>hic</strong></span> <span class='ocrx_word' id='word_1_559' title='bbox 2115 981 2282 1036; x_wconf 84' lang='lat' dir='ltr'><strong>salvus</strong></span> <span class='ocrx_word' id='word_1_560' title='bbox 2313 984 2406 1037; x_wconf 88' lang='lat' dir='ltr'><strong>erit</strong></span> <span class='ocrx_word' id='word_1_561' title='bbox 2438 983 2652 1054; x_wconf 83' lang='lat' dir='ltr'><strong>(Matth.</strong></span> <span class='ocrx_word' id='word_1_562' title='bbox 2687 1000 2852 1053; x_wconf 70' lang='lat' dir='ltr'><strong>xxxv,</strong></span> <span class='ocrx_word' id='word_1_563' title='bbox 2884 985 2974 1054; x_wconf 86' lang='lat'><strong>12,</strong></span> <span class='ocrx_word' id='word_1_564' title='bbox 3008 984 3121 1058; x_wconf 81' lang='lat'><strong>1&#39;5).</strong></span> <span class='ocrx_word' id='word_1_565' title='bbox 3146 987 3286 1042; x_wconf 85' lang='lat' dir='ltr'><strong>Ecce</strong></span> <span class='ocrx_word' id='word_1_566' title='bbox 3311 986 3366 1041; x_wconf 88' lang='lat' dir='ltr'><strong>in</strong></span> <span class='ocrx_word' id='word_1_567' title='bbox 3394 986 3586 1057; x_wconf 91' lang='lat' dir='ltr'><strong>quibus</strong></span> 
     </span>
    </p>
   </div>
   <div class='ocr_carea' id='block_1_71' title="bbox 1999 1074 3590 1146">
    <p class='ocr_par' dir='ltr' id='par_1_71' title="bbox 1999 1074 3590 1146">
     <span class='ocr_line' id='line_1_72' title="bbox 1999 1074 3590 1146; baseline 0.004 -19"><span class='ocrx_word' id='word_1_568' title='bbox 1999 1080 2258 1128; x_wconf 89' lang='lat' dir='ltr'><strong>steterunt</strong></span> <span class='ocrx_word' id='word_1_569' title='bbox 2293 1074 2457 1143; x_wconf 89' lang='lat' dir='ltr'><strong>pedes</strong></span> <span class='ocrx_word' id='word_1_570' title='bbox 2491 1075 2646 1145; x_wconf 87' lang='lat' dir='ltr'><strong>ejus:</strong></span> <span class='ocrx_word' id='word_1_571' title='bbox 2697 1075 2751 1130; x_wconf 92' lang='lat' dir='ltr'><strong>in</strong></span> <span class='ocrx_word' id='word_1_572' title='bbox 2795 1090 2860 1132; x_wconf 90' lang='lat' dir='ltr'><strong>eo</strong></span> <span class='ocrx_word' id='word_1_573' title='bbox 2891 1077 3009 1132; x_wconf 93' lang='lat' dir='ltr'><strong>loco</strong></span> <span class='ocrx_word' id='word_1_574' title='bbox 3051 1077 3234 1144; x_wconf 89' lang='lat' dir='ltr'><strong>adora,</strong></span> <span class='ocrx_word' id='word_1_575' title='bbox 3285 1076 3340 1132; x_wconf 91' lang='lat' dir='ltr'><strong>id</strong></span> <span class='ocrx_word' id='word_1_576' title='bbox 3369 1085 3472 1146; x_wconf 90' lang='lat' dir='ltr'><strong>est,</strong></span> <span class='ocrx_word' id='word_1_577' title='bbox 3521 1075 3590 1133; x_wconf 89' lang='lat' dir='ltr'><strong>de</strong></span> 
     </span>
    </p>
   </div>
   <div class='ocr_carea' id='block_1_72' title="bbox 1997 1163 3373 1238">
    <p class='ocr_par' dir='ltr' id='par_1_72' title="bbox 1997 1163 3373 1238">
     <span class='ocr_line' id='line_1_73' title="bbox 1997 1163 3373 1238; baseline 0.004 -20"><span class='ocrx_word' id='word_1_578' title='bbox 1997 1163 2192 1219; x_wconf 89' lang='lat' dir='ltr'><strong>talibus</strong></span> <span class='ocrx_word' id='word_1_579' title='bbox 2213 1172 2330 1220; x_wconf 89' lang='lat' dir='ltr'><strong>csto</strong></span> <span class='ocrx_word' id='word_1_580' title='bbox 2350 1166 2405 1220; x_wconf 90' lang='lat' dir='ltr'><strong>in</strong></span> <span class='ocrx_word' id='word_1_581' title='bbox 2431 1167 2622 1236; x_wconf 92' lang='lat' dir='ltr'><strong>quibus</strong></span> <span class='ocrx_word' id='word_1_582' title='bbox 2648 1175 2916 1223; x_wconf 89' lang='lat' dir='ltr'><strong>steterunt</strong></span> <span class='ocrx_word' id='word_1_583' title='bbox 2943 1168 3109 1238; x_wconf 89' lang='lat' dir='ltr'><strong>pedes</strong></span> <span class='ocrx_word' id='word_1_584' title='bbox 3139 1169 3373 1225; x_wconf 90' lang='lat' dir='ltr'><strong>Domini.</strong></span> 
     </span>
    </p>
   </div>
   <div class='ocr_carea' id='block_1_73' title="bbox 2071 1253 3585 1331">
    <p class='ocr_par' dir='ltr' id='par_1_73' title="bbox 2071 1253 3585 1331">
     <span class='ocr_line' id='line_1_74' title="bbox 2071 1253 3585 1331; baseline 0.005 -23"><span class='ocrx_word' id='word_1_585' title='bbox 2071 1255 2158 1308; x_wconf 68' lang='lat'><strong>14.</strong></span> <span class='ocrx_word' id='word_1_586' title='bbox 2199 1253 2254 1310; x_wconf 91' lang='lat' dir='ltr'><strong>Si</strong></span> <span class='ocrx_word' id='word_1_587' title='bbox 2284 1265 2459 1310; x_wconf 86' lang='lat' dir='ltr'><strong>autem</strong></span> <span class='ocrx_word' id='word_1_588' title='bbox 2476 1257 2543 1312; x_wconf 91' lang='lat' dir='ltr'><strong>de</strong></span> <span class='ocrx_word' id='word_1_589' title='bbox 2569 1260 2681 1328; x_wconf 91' lang='lat' dir='ltr'><strong>ipsa</strong></span> <span class='ocrx_word' id='word_1_590' title='bbox 2698 1258 2858 1314; x_wconf 91' lang='lat' dir='ltr'><strong>domo</strong></span> <span class='ocrx_word' id='word_1_591' title='bbox 2879 1259 3174 1331; x_wconf 71' lang='lat' dir='ltr'><strong>intelligere</strong></span> <span class='ocrx_word' id='word_1_592' title='bbox 3202 1259 3454 1326; x_wconf 87' lang='lat' dir='ltr'><strong>volueris,</strong></span> <span class='ocrx_word' id='word_1_593' title='bbox 3487 1257 3585 1316; x_wconf 89' lang='lat' dir='ltr'><strong>Ubi</strong></span> 
     </span>
    </p>
   </div>
   <div class='ocr_carea' id='block_1_74' title="bbox 1998 1350 3590 1424">
    <p class='ocr_par' dir='ltr' id='par_1_74' title="bbox 1998 1350 3590 1424">
     <span class='ocr_line' id='line_1_75' title="bbox 1998 1350 3590 1424; baseline 0.004 -22"><span class='ocrx_word' id='word_1_594' title='bbox 1998 1355 2237 1402; x_wconf 88' lang='lat' dir='ltr'><strong>steterunt</strong></span> <span class='ocrx_word' id='word_1_595' title='bbox 2279 1350 2429 1419; x_wconf 83' lang='lat' dir='ltr'><strong>pedes</strong></span> <span class='ocrx_word' id='word_1_596' title='bbox 2467 1351 2575 1419; x_wconf 86' lang='lat' dir='ltr'><strong>ejus</strong></span> <span class='ocrx_word' id='word_1_597' title='bbox 2623 1352 2814 1408; x_wconf 91' lang='lat' dir='ltr'><strong>domus</strong></span> <span class='ocrx_word' id='word_1_598' title='bbox 2840 1355 2892 1420; x_wconf 79' lang='grc'><strong>²;</strong></span> <span class='ocrx_word' id='word_1_599' title='bbox 2943 1353 3107 1424; x_wconf 88' lang='lat' dir='ltr'><strong>pedes</strong></span> <span class='ocrx_word' id='word_1_600' title='bbox 3151 1354 3226 1408; x_wconf 90' lang='lat' dir='ltr'><strong>tui</strong></span> <span class='ocrx_word' id='word_1_601' title='bbox 3277 1353 3330 1408; x_wconf 91' lang='lat' dir='ltr'><strong>in</strong></span> <span class='ocrx_word' id='word_1_602' title='bbox 3374 1353 3590 1413; x_wconf 89' lang='lat' dir='ltr'><strong>Christo</strong></span> 
     </span>
    </p>
   </div>
   <div class='ocr_carea' id='block_1_75' title="bbox 2000 1443 3589 1517">
    <p class='ocr_par' dir='ltr' id='par_1_75' title="bbox 2000 1443 3589 1517">
     <span class='ocr_line' id='line_1_76' title="bbox 2000 1443 3589 1517; baseline 0.005 -22"><span class='ocrx_word' id='word_1_603' title='bbox 2000 1450 2160 1498; x_wconf 90' lang='lat' dir='ltr'><strong>stent.</strong></span> <span class='ocrx_word' id='word_1_604' title='bbox 2192 1443 2340 1498; x_wconf 84' lang='lat' dir='ltr'><strong>Tunc</strong></span> <span class='ocrx_word' id='word_1_605' title='bbox 2379 1451 2558 1499; x_wconf 92' lang='lat' dir='ltr'><strong>autem</strong></span> <span class='ocrx_word' id='word_1_606' title='bbox 2595 1445 2809 1501; x_wconf 88' lang='lat' dir='ltr'><strong>stabunt</strong></span> <span class='ocrx_word' id='word_1_607' title='bbox 2847 1446 3047 1516; x_wconf 89' lang='lat' dir='ltr'><strong>pedes,</strong></span> <span class='ocrx_word' id='word_1_608' title='bbox 3070 1446 3117 1502; x_wconf 87' lang='lat' dir='ltr'><strong>si</strong></span> <span class='ocrx_word' id='word_1_609' title='bbox 3159 1445 3589 1517; x_wconf 88' lang='lat' dir='ltr'><strong>perseveraveris</strong></span> 
     </span>
    </p>
   </div>
   <div class='ocr_carea' id='block_1_76' title="bbox 2000 1531 3592 1602">
    <p class='ocr_par' dir='ltr' id='par_1_76' title="bbox 2000 1531 3592 1602">
     <span class='ocr_line' id='line_1_77' title="bbox 2000 1531 3592 1602; baseline 0.004 -16"><span class='ocrx_word' id='word_1_610' title='bbox 2000 1531 2052 1586; x_wconf 89' lang='lat' dir='ltr'><strong>in</strong></span> <span class='ocrx_word' id='word_1_611' title='bbox 2080 1533 2314 1589; x_wconf 86' lang='lat' dir='ltr'><strong>Christo.</strong></span> <span class='ocrx_word' id='word_1_612' title='bbox 2343 1534 2481 1602; x_wconf 87' lang='lat' dir='ltr'><strong>Quid</strong></span> <span class='ocrx_word' id='word_1_613' title='bbox 2512 1535 2655 1591; x_wconf 90' lang='lat' dir='ltr'><strong>enim</strong></span> <span class='ocrx_word' id='word_1_614' title='bbox 2695 1536 2892 1592; x_wconf 89' lang='lat' dir='ltr'><strong>dicitur</strong></span> <span class='ocrx_word' id='word_1_615' title='bbox 2921 1538 2986 1592; x_wconf 90' lang='lat' dir='ltr'><strong>de</strong></span> <span class='ocrx_word' id='word_1_616' title='bbox 3011 1537 3266 1594; x_wconf 87' lang='lat' dir='ltr'><strong>diabolo?</strong></span> <span class='ocrx_word' id='word_1_617' title='bbox 3295 1537 3394 1592; x_wconf 84' lang='lat' dir='ltr'><strong>Ille</strong></span> <span class='ocrx_word' id='word_1_618' title='bbox 3422 1537 3592 1592; x_wconf 88' lang='lat' dir='ltr'><strong>homi-</strong></span> 
     </span>
    </p>
   </div>
   <div class='ocr_carea' id='block_1_77' title="bbox 2000 1624 3590 1700">
    <p class='ocr_par' dir='ltr' id='par_1_77' title="bbox 2000 1624 3590 1700">
     <span class='ocr_line' id='line_1_78' title="bbox 2000 1624 3590 1700; baseline 0.006 -24"><span class='ocrx_word' id='word_1_619' title='bbox 2000 1624 2115 1676; x_wconf 89' lang='lat' dir='ltr'><strong>cida</strong></span> <span class='ocrx_word' id='word_1_620' title='bbox 2154 1632 2260 1678; x_wconf 83' lang='lat' dir='ltr'><strong>erat</strong></span> <span class='ocrx_word' id='word_1_621' title='bbox 2290 1625 2350 1678; x_wconf 90' lang='lat' dir='ltr'><strong>ab</strong></span> <span class='ocrx_word' id='word_1_622' title='bbox 2391 1626 2556 1692; x_wconf 88' lang='lat' dir='ltr'><strong>initio,</strong></span> <span class='ocrx_word' id='word_1_623' title='bbox 2587 1636 2632 1680; x_wconf 87' lang='lat' dir='ltr'><strong>et</strong></span> <span class='ocrx_word' id='word_1_624' title='bbox 2659 1628 2710 1680; x_wconf 89' lang='lat' dir='ltr'><strong>in</strong></span> <span class='ocrx_word' id='word_1_625' title='bbox 2735 1628 2942 1682; x_wconf 81' lang='lat' dir='ltr'><strong>veritate</strong></span> <span class='ocrx_word' id='word_1_626' title='bbox 2962 1645 3064 1682; x_wconf 88' lang='lat' dir='ltr'><strong>non</strong></span> <span class='ocrx_word' id='word_1_627' title='bbox 3104 1630 3233 1684; x_wconf 87' lang='lat' dir='ltr'><strong>stetit</strong></span> <span class='ocrx_word' id='word_1_628' title='bbox 3260 1628 3438 1700; x_wconf 85' lang='lat' dir='ltr'><strong>(Joan.</strong></span> <span class='ocrx_word' id='word_1_629' title='bbox 3471 1643 3590 1694; x_wconf 86' lang='lat' dir='ltr'><strong>vm,</strong></span> 
     </span>
    </p>
   </div>
   <div class='ocr_carea' id='block_1_78' title="bbox 1999 1714 3593 1798">
    <p class='ocr_par' dir='ltr' id='par_1_78' title="bbox 1999 1714 3593 1798">
     <span class='ocr_line' id='line_1_79' title="bbox 1999 1714 3593 1798; baseline 0.006 -31"><span class='ocrx_word' id='word_1_630' title='bbox 1999 1714 2116 1782; x_wconf 71' lang='grc'><strong>44).</strong></span> <span class='ocrx_word' id='word_1_631' title='bbox 2134 1715 2335 1770; x_wconf 85' lang='lat' dir='ltr'><strong>Diaboli</strong></span> <span class='ocrx_word' id='word_1_632' title='bbox 2360 1732 2487 1786; x_wconf 90' lang='lat' dir='ltr'><strong>ergo</strong></span> <span class='ocrx_word' id='word_1_633' title='bbox 2508 1716 2668 1786; x_wconf 89' lang='lat' dir='ltr'><strong>pedes</strong></span> <span class='ocrx_word' id='word_1_634' title='bbox 2685 1734 2791 1798; x_wconf 90' lang='lat' dir='ltr'><strong>non</strong></span> <span class='ocrx_word' id='word_1_635' title='bbox 2813 1726 3093 1774; x_wconf 89' lang='lat' dir='ltr'><strong>steterunt.</strong></span> <span class='ocrx_word' id='word_1_636' title='bbox 3110 1719 3239 1776; x_wconf 91' lang='lat' dir='ltr'><strong>ltcm</strong></span> <span class='ocrx_word' id='word_1_637' title='bbox 3261 1720 3328 1776; x_wconf 89' lang='lat' dir='ltr'><strong>de</strong></span> <span class='ocrx_word' id='word_1_638' title='bbox 3347 1719 3593 1790; x_wconf 90' lang='lat' dir='ltr'><strong>superbis</strong></span> 
     </span>
    </p>
   </div>
   <div class='ocr_carea' id='block_1_79' title="bbox 2001 1805 3594 1882">
    <p class='ocr_par' dir='ltr' id='par_1_79' title="bbox 2001 1805 3594 1882">
     <span class='ocr_line' id='line_1_80' title="bbox 2001 1805 3594 1882; baseline 0.003 -22"><span class='ocrx_word' id='word_1_639' title='bbox 2001 1805 2127 1876; x_wconf 89' lang='lat' dir='ltr'><strong>quid</strong></span> <span class='ocrx_word' id='word_1_640' title='bbox 2149 1805 2315 1861; x_wconf 88' lang='lat' dir='ltr'><strong>dicit?</strong></span> <span class='ocrx_word' id='word_1_641' title='bbox 2339 1806 2462 1862; x_wconf 86' lang='lat' dir='ltr'><strong>Non</strong></span> <span class='ocrx_word' id='word_1_642' title='bbox 2485 1810 2649 1862; x_wconf 83' lang='lat' dir='ltr'><strong>veniat</strong></span> <span class='ocrx_word' id='word_1_643' title='bbox 2673 1810 2797 1863; x_wconf 86' lang='lat' dir='ltr'><strong>mihi</strong></span> <span class='ocrx_word' id='word_1_644' title='bbox 2828 1827 2913 1878; x_wconf 91' lang='lat' dir='ltr'><strong>pes</strong></span> <span class='ocrx_word' id='word_1_645' title='bbox 2930 1811 3195 1878; x_wconf 72' lang='lat' dir='ltr'><strong>superbire,</strong></span> <span class='ocrx_word' id='word_1_646' title='bbox 3219 1820 3266 1864; x_wconf 89' lang='lat' dir='ltr'><strong>et</strong></span> <span class='ocrx_word' id='word_1_647' title='bbox 3290 1827 3467 1865; x_wconf 86' lang='lat' dir='ltr'><strong>manus</strong></span> <span class='ocrx_word' id='word_1_648' title='bbox 3488 1827 3594 1882; x_wconf 66' lang='grc' dir='ltr'><strong>ροσε</strong></span> 
     </span>
    </p>
   </div>
   <div class='ocr_carea' id='block_1_80' title="bbox 2001 1901 3588 1975">
    <p class='ocr_par' dir='ltr' id='par_1_80' title="bbox 2001 1901 3588 1975">
     <span class='ocr_line' id='line_1_81' title="bbox 2001 1901 3588 1975; baseline 0.004 -23"><span class='ocrx_word' id='word_1_649' title='bbox 2001 1909 2230 1954; x_wconf 79' lang='lat' dir='ltr'><strong>ratorum</strong></span> <span class='ocrx_word' id='word_1_650' title='bbox 2269 1917 2370 1954; x_wconf 89' lang='lat' dir='ltr'><strong>non</strong></span> <span class='ocrx_word' id='word_1_651' title='bbox 2416 1912 2607 1956; x_wconf 88' lang='lat' dir='ltr'><strong>moveat</strong></span> <span class='ocrx_word' id='word_1_652' title='bbox 2646 1920 2740 1958; x_wconf 81' lang='lat' dir='ltr'><strong>me.</strong></span> <span class='ocrx_word' id='word_1_653' title='bbox 2771 1901 2853 1956; x_wconf 88' lang='lat' dir='ltr'><strong>Ibi</strong></span> <span class='ocrx_word' id='word_1_654' title='bbox 2895 1904 3178 1958; x_wconf 83' lang='lat' dir='ltr'><strong>ceciderunt</strong></span> <span class='ocrx_word' id='word_1_655' title='bbox 3201 1905 3287 1975; x_wconf 87' lang='lat' dir='ltr'><strong>qui</strong></span> <span class='ocrx_word' id='word_1_656' title='bbox 3315 1913 3588 1974; x_wconf 88' lang='lat' dir='ltr'><strong>aperantur</strong></span> 
     </span>
    </p>
   </div>
   <div class='ocr_carea' id='block_1_81' title="bbox 2002 1991 3590 2069">
    <p class='ocr_par' dir='ltr' id='par_1_81' title="bbox 2002 1991 3590 2069">
     <span class='ocr_line' id='line_1_82' title="bbox 2002 1991 3590 2069; baseline 0.004 -25"><span class='ocrx_word' id='word_1_657' title='bbox 2002 1991 2352 2062; x_wconf 81' lang='lat' dir='ltr'><strong>iniquitatem;</strong></span> <span class='ocrx_word' id='word_1_658' title='bbox 2389 1996 2587 2064; x_wconf 86' lang='lat' dir='ltr'><strong>expulsi</strong></span> <span class='ocrx_word' id='word_1_659' title='bbox 2603 2004 2751 2063; x_wconf 87' lang='lat' dir='ltr'><strong>sunt,</strong></span> <span class='ocrx_word' id='word_1_660' title='bbox 2785 2013 2876 2050; x_wconf 85' lang='lat' dir='ltr'><strong>nec</strong></span> <span class='ocrx_word' id='word_1_661' title='bbox 2929 2005 3197 2066; x_wconf 86' lang='lat' dir='ltr'><strong>potuerunt</strong></span> <span class='ocrx_word' id='word_1_662' title='bbox 3243 2006 3376 2051; x_wconf 88' lang='lat' dir='ltr'><strong>stare</strong></span> <span class='ocrx_word' id='word_1_663' title='bbox 3414 1996 3590 2069; x_wconf 84' lang='lat' dir='ltr'><strong>(Psal.</strong></span> 
     </span>
    </p>
   </div>
   <div class='ocr_carea' id='block_1_82' title="bbox 2003 2085 3590 2160">
    <p class='ocr_par' dir='ltr' id='par_1_82' title="bbox 2003 2085 3590 2160">
     <span class='ocr_line' id='line_1_83' title="bbox 2003 2085 3590 2160; baseline 0.004 -22"><span class='ocrx_word' id='word_1_664' title='bbox 2003 2101 2175 2152; x_wconf 77' lang='lat' dir='ltr'><strong>xxxv,</strong></span> <span class='ocrx_word' id='word_1_665' title='bbox 2205 2085 2292 2152; x_wconf 86' lang='lat'><strong>12,</strong></span> <span class='ocrx_word' id='word_1_666' title='bbox 2325 2087 2436 2158; x_wconf 79' lang='lat'><strong>15).</strong></span> <span class='ocrx_word' id='word_1_667' title='bbox 2480 2089 2621 2159; x_wconf 87' lang='lat' dir='ltr'><strong>Ergo</strong></span> <span class='ocrx_word' id='word_1_668' title='bbox 2648 2089 2840 2145; x_wconf 91' lang='lat' dir='ltr'><strong>domus</strong></span> <span class='ocrx_word' id='word_1_669' title='bbox 2867 2091 2993 2156; x_wconf 90' lang='lat' dir='ltr'><strong>Dei,</strong></span> <span class='ocrx_word' id='word_1_670' title='bbox 3023 2091 3174 2160; x_wconf 87' lang='lat' dir='ltr'><strong>cujus</strong></span> <span class='ocrx_word' id='word_1_671' title='bbox 3215 2091 3380 2160; x_wconf 90' lang='lat' dir='ltr'><strong>pedes</strong></span> <span class='ocrx_word' id='word_1_672' title='bbox 3429 2099 3590 2146; x_wconf 88' lang='lat' dir='ltr'><strong>stant.</strong></span> 
     </span>
    </p>
   </div>
   <div class='ocr_carea' id='block_1_83' title="bbox 2002 2175 3596 2252">
    <p class='ocr_par' dir='ltr' id='par_1_83' title="bbox 2002 2175 3596 2252">
     <span class='ocr_line' id='line_1_84' title="bbox 2002 2175 3596 2252; baseline 0.004 -21"><span class='ocrx_word' id='word_1_673' title='bbox 2002 2175 2155 2231; x_wconf 90' lang='lat' dir='ltr'><strong>Unde</strong></span> <span class='ocrx_word' id='word_1_674' title='bbox 2186 2177 2274 2232; x_wconf 90' lang='lat' dir='ltr'><strong>ille</strong></span> <span class='ocrx_word' id='word_1_675' title='bbox 2299 2178 2535 2248; x_wconf 82' lang='lat' dir='ltr'><strong>gaudens</strong></span> <span class='ocrx_word' id='word_1_676' title='bbox 2560 2179 2794 2236; x_wconf 86' lang='lat' dir='ltr'><strong>Joannes</strong></span> <span class='ocrx_word' id='word_1_677' title='bbox 2822 2181 2949 2251; x_wconf 89' lang='lat' dir='ltr'><strong>quid</strong></span> <span class='ocrx_word' id='word_1_678' title='bbox 2986 2183 3059 2236; x_wconf 87' lang='lat' dir='ltr'><strong>ait</strong></span> <span class='ocrx_word' id='word_1_679' title='bbox 3087 2182 3110 2235; x_wconf 89' lang='lat'><strong>?</strong></span> <span class='ocrx_word' id='word_1_680' title='bbox 3134 2181 3235 2248; x_wconf 88' lang='lat' dir='ltr'><strong>Qui</strong></span> <span class='ocrx_word' id='word_1_681' title='bbox 3269 2182 3415 2236; x_wconf 88' lang='lat' dir='ltr'><strong>habet</strong></span> <span class='ocrx_word' id='word_1_682' title='bbox 3439 2199 3596 2252; x_wconf 90' lang='lat' dir='ltr'><strong>spon-</strong></span> 
     </span>
    </p>
   </div>
   <div class='ocr_carea' id='block_1_84' title="bbox 2001 2273 3589 2343">
    <p class='ocr_par' dir='ltr' id='par_1_84' title="bbox 2001 2273 3589 2343">
     <span class='ocr_line' id='line_1_85' title="bbox 2001 2273 3589 2343; baseline 0.004 -21"><span class='ocrx_word' id='word_1_683' title='bbox 2001 2285 2112 2322; x_wconf 84' lang='lat' dir='ltr'><strong>sam</strong></span> <span class='ocrx_word' id='word_1_684' title='bbox 2136 2285 2351 2339; x_wconf 83' lang='lat' dir='ltr'><strong>sponsus</strong></span> <span class='ocrx_word' id='word_1_685' title='bbox 2372 2281 2463 2337; x_wconf 88' lang='lat' dir='ltr'><strong>est,</strong></span> <span class='ocrx_word' id='word_1_686' title='bbox 2485 2273 2676 2328; x_wconf 88' lang='lat' dir='ltr'><strong>amicus</strong></span> <span class='ocrx_word' id='word_1_687' title='bbox 2695 2283 2863 2327; x_wconf 89' lang='lat' dir='ltr'><strong>autem</strong></span> <span class='ocrx_word' id='word_1_688' title='bbox 2890 2274 3064 2343; x_wconf 86' lang='lat' dir='ltr'><strong>sponsi</strong></span> <span class='ocrx_word' id='word_1_689' title='bbox 3087 2284 3185 2328; x_wconf 86' lang='lat' dir='ltr'><strong>stat</strong></span> <span class='ocrx_word' id='word_1_690' title='bbox 3214 2284 3260 2330; x_wconf 90' lang='lat' dir='ltr'><strong>et</strong></span> <span class='ocrx_word' id='word_1_691' title='bbox 3285 2275 3426 2329; x_wconf 84' lang='lat' dir='ltr'><strong>audit</strong></span> <span class='ocrx_word' id='word_1_692' title='bbox 3453 2291 3589 2329; x_wconf 86' lang='lat' dir='ltr'><strong>eum.</strong></span> 
     </span>
    </p>
   </div>
   <div class='ocr_carea' id='block_1_85' title="bbox 2002 2360 3593 2436">
    <p class='ocr_par' dir='ltr' id='par_1_85' title="bbox 2002 2360 3593 2436">
     <span class='ocr_line' id='line_1_86' title="bbox 2002 2360 3593 2436; baseline 0.001 -20"><span class='ocrx_word' id='word_1_693' title='bbox 2002 2360 2058 2416; x_wconf 89' lang='lat' dir='ltr'><strong>Si</strong></span> <span class='ocrx_word' id='word_1_694' title='bbox 2087 2375 2192 2415; x_wconf 90' lang='lat' dir='ltr'><strong>non</strong></span> <span class='ocrx_word' id='word_1_695' title='bbox 2221 2370 2344 2426; x_wconf 89' lang='lat' dir='ltr'><strong>stat,</strong></span> <span class='ocrx_word' id='word_1_696' title='bbox 2370 2377 2476 2417; x_wconf 88' lang='lat' dir='ltr'><strong>non</strong></span> <span class='ocrx_word' id='word_1_697' title='bbox 2499 2363 2646 2418; x_wconf 89' lang='lat' dir='ltr'><strong>audit</strong></span> <span class='ocrx_word' id='word_1_698' title='bbox 2674 2380 2820 2419; x_wconf 90' lang='lat' dir='ltr'><strong>cum.</strong></span> <span class='ocrx_word' id='word_1_699' title='bbox 2853 2364 2922 2418; x_wconf 90' lang='lat' dir='ltr'><strong>Et</strong></span> <span class='ocrx_word' id='word_1_700' title='bbox 2950 2364 3137 2435; x_wconf 89' lang='lat' dir='ltr'><strong>gaudio</strong></span> <span class='ocrx_word' id='word_1_701' title='bbox 3163 2365 3352 2436; x_wconf 87' lang='lat' dir='ltr'><strong>gaudet</strong></span> <span class='ocrx_word' id='word_1_702' title='bbox 3387 2374 3593 2436; x_wconf 87' lang='lat' dir='ltr'><strong>propter</strong></span> 
     </span>
    </p>
   </div>
   <div class='ocr_carea' id='block_1_86' title="bbox 2003 2451 3594 2527">
    <p class='ocr_par' dir='ltr' id='par_1_86' title="bbox 2003 2451 3594 2527">
     <span class='ocr_line' id='line_1_87' title="bbox 2003 2451 3594 2527; baseline 0.004 -21"><span class='ocrx_word' id='word_1_703' title='bbox 2003 2468 2171 2506; x_wconf 84' lang='lat' dir='ltr'><strong>vocem</strong></span> <span class='ocrx_word' id='word_1_704' title='bbox 2191 2453 2367 2522; x_wconf 86' lang='lat' dir='ltr'><strong>sponsi</strong></span> <span class='ocrx_word' id='word_1_705' title='bbox 2390 2451 2566 2522; x_wconf 86' lang='lat' dir='ltr'><strong>(Joan.</strong></span> <span class='ocrx_word' id='word_1_706' title='bbox 2598 2471 2674 2523; x_wconf 86' lang='grc' dir='ltr'><strong>ιιι,</strong></span> <span class='ocrx_word' id='word_1_707' title='bbox 2697 2455 2811 2524; x_wconf 90' lang='lat'><strong>29).</strong></span> <span class='ocrx_word' id='word_1_708' title='bbox 2849 2455 3036 2511; x_wconf 86' lang='lat' dir='ltr'><strong>Merito</strong></span> <span class='ocrx_word' id='word_1_709' title='bbox 3062 2464 3188 2522; x_wconf 89' lang='lat' dir='ltr'><strong>stat,</strong></span> <span class='ocrx_word' id='word_1_710' title='bbox 3214 2458 3337 2527; x_wconf 89' lang='lat' dir='ltr'><strong>quia</strong></span> <span class='ocrx_word' id='word_1_711' title='bbox 3374 2466 3594 2527; x_wconf 90' lang='lat' dir='ltr'><strong>propter</strong></span> 
     </span>
    </p>
   </div>
   <div class='ocr_carea' id='block_1_87' title="bbox 2001 2544 3594 2617">
    <p class='ocr_par' dir='ltr' id='par_1_87' title="bbox 2001 2544 3594 2617">
     <span class='ocr_line' id='line_1_88' title="bbox 2001 2544 3594 2617; baseline 0.006 -23"><span class='ocrx_word' id='word_1_712' title='bbox 2001 2557 2188 2596; x_wconf 75' lang='lat' dir='ltr'><strong>vocem</strong></span> <span class='ocrx_word' id='word_1_713' title='bbox 2230 2544 2408 2613; x_wconf 89' lang='lat' dir='ltr'><strong>sponsi</strong></span> <span class='ocrx_word' id='word_1_714' title='bbox 2435 2545 2626 2613; x_wconf 83' lang='lat' dir='ltr'><strong>gaudet</strong></span> <span class='ocrx_word' id='word_1_715' title='bbox 2658 2563 2670 2600; x_wconf 89' lang='lat'><strong>:</strong></span> <span class='ocrx_word' id='word_1_716' title='bbox 2705 2563 2826 2600; x_wconf 88' lang='lat' dir='ltr'><strong>nam</strong></span> <span class='ocrx_word' id='word_1_717' title='bbox 2864 2546 2909 2601; x_wconf 91' lang='lat' dir='ltr'><strong>si</strong></span> <span class='ocrx_word' id='word_1_718' title='bbox 2955 2556 3174 2617; x_wconf 86' lang='lat' dir='ltr'><strong>pr0pter</strong></span> <span class='ocrx_word' id='word_1_719' title='bbox 3209 2563 3394 2603; x_wconf 85' lang='lat' dir='ltr'><strong>vocem</strong></span> <span class='ocrx_word' id='word_1_720' title='bbox 3442 2563 3594 2604; x_wconf 88' lang='lat' dir='ltr'><strong>suam</strong></span> 
     </span>
    </p>
   </div>
   <div class='ocr_carea' id='block_1_88' title="bbox 2000 2634 3597 2710">
    <p class='ocr_par' dir='ltr' id='par_1_88' title="bbox 2000 2634 3597 2710">
     <span class='ocr_line' id='line_1_89' title="bbox 2000 2634 3597 2710; baseline 0.006 -23"><span class='ocrx_word' id='word_1_721' title='bbox 2000 2634 2287 2704; x_wconf 88' lang='lat' dir='ltr'><strong>gauderet,</strong></span> <span class='ocrx_word' id='word_1_722' title='bbox 2320 2635 2552 2692; x_wconf 85' lang='lat' dir='ltr'><strong>caderet.</strong></span> <span class='ocrx_word' id='word_1_723' title='bbox 2584 2636 2700 2692; x_wconf 87' lang='lat' dir='ltr'><strong>Jam</strong></span> <span class='ocrx_word' id='word_1_724' title='bbox 2731 2639 2921 2693; x_wconf 81' lang='lat' dir='ltr'><strong>videtis</strong></span> <span class='ocrx_word' id='word_1_725' title='bbox 2961 2653 3088 2708; x_wconf 88' lang='lat' dir='ltr'><strong>ergo</strong></span> <span class='ocrx_word' id='word_1_726' title='bbox 3115 2656 3282 2710; x_wconf 87' lang='lat' dir='ltr'><strong>quare</strong></span> <span class='ocrx_word' id='word_1_727' title='bbox 3309 2639 3597 2696; x_wconf 86' lang='lat' dir='ltr'><strong>ceciderint</strong></span> 
     </span>
    </p>
   </div>
   <div class='ocr_carea' id='block_1_89' title="bbox 2001 2725 3597 2802">
    <p class='ocr_par' dir='ltr' id='par_1_89' title="bbox 2001 2725 3597 2802">
     <span class='ocr_line' id='line_1_90' title="bbox 2001 2725 3597 2802; baseline 0.006 -24"><span class='ocrx_word' id='word_1_728' title='bbox 2001 2727 2091 2795; x_wconf 92' lang='lat' dir='ltr'><strong>qui</strong></span> <span class='ocrx_word' id='word_1_729' title='bbox 2123 2725 2187 2780; x_wconf 89' lang='lat' dir='ltr'><strong>ad</strong></span> <span class='ocrx_word' id='word_1_730' title='bbox 2215 2742 2397 2782; x_wconf 81' lang='lat' dir='ltr'><strong>vocem</strong></span> <span class='ocrx_word' id='word_1_731' title='bbox 2429 2742 2576 2783; x_wconf 91' lang='lat' dir='ltr'><strong>suam</strong></span> <span class='ocrx_word' id='word_1_732' title='bbox 2605 2730 2857 2800; x_wconf 83' lang='lat' dir='ltr'><strong>gaudent.</strong></span> <span class='ocrx_word' id='word_1_733' title='bbox 2884 2732 3101 2787; x_wconf 82' lang='lat' dir='ltr'><strong>Amicus</strong></span> <span class='ocrx_word' id='word_1_734' title='bbox 3131 2732 3270 2786; x_wconf 90' lang='lat' dir='ltr'><strong>enim</strong></span> <span class='ocrx_word' id='word_1_735' title='bbox 3299 2732 3388 2787; x_wconf 90' lang='lat' dir='ltr'><strong>ille</strong></span> <span class='ocrx_word' id='word_1_736' title='bbox 3412 2731 3597 2802; x_wconf 88' lang='lat' dir='ltr'><strong>sponsi</strong></span> 
     </span>
    </p>
   </div>
   <div class='ocr_carea' id='block_1_90' title="bbox 2001 2816 3590 2892">
    <p class='ocr_par' dir='ltr' id='par_1_90' title="bbox 2001 2816 3590 2892">
     <span class='ocr_line' id='line_1_91' title="bbox 2001 2816 3590 2892; baseline 0.004 -22"><span class='ocrx_word' id='word_1_737' title='bbox 2001 2816 2210 2872; x_wconf 89' lang='lat' dir='ltr'><strong>diccbat</strong></span> <span class='ocrx_word' id='word_1_738' title='bbox 2239 2835 2253 2870; x_wconf 88' lang='lat'><strong>:</strong></span> <span class='ocrx_word' id='word_1_739' title='bbox 2284 2817 2384 2872; x_wconf 83' lang='lat' dir='ltr'><strong>llic</strong></span> <span class='ocrx_word' id='word_1_740' title='bbox 2425 2819 2605 2888; x_wconf 84' lang='lat' dir='ltr'><strong>estqui</strong></span> <span class='ocrx_word' id='word_1_741' title='bbox 2634 2819 2854 2891; x_wconf 79' lang='lat' dir='ltr'><strong>baptizat</strong></span> <span class='ocrx_word' id='word_1_742' title='bbox 2885 2819 2993 2891; x_wconf 89' lang='lat' dir='ltr'><strong>(Id.</strong></span> <span class='ocrx_word' id='word_1_743' title='bbox 3044 2838 3081 2889; x_wconf 88' lang='grc' dir='ltr'><strong>ι,</strong></span> <span class='ocrx_word' id='word_1_744' title='bbox 3114 2822 3227 2892; x_wconf 76' lang='grc'><strong>55).</strong></span> <span class='ocrx_word' id='word_1_745' title='bbox 3253 2820 3478 2888; x_wconf 88' lang='lat' dir='ltr'><strong>Quidam</strong></span> <span class='ocrx_word' id='word_1_746' title='bbox 3503 2821 3590 2876; x_wconf 79' lang='lat' dir='ltr'><strong>di-</strong></span> 
     </span>
    </p>
   </div>
   <div class='ocr_carea' id='block_1_91' title="bbox 2001 2908 3596 2983">
    <p class='ocr_par' dir='ltr' id='par_1_91' title="bbox 2001 2908 3596 2983">
     <span class='ocr_line' id='line_1_92' title="bbox 2001 2908 3596 2983; baseline 0.004 -21"><span class='ocrx_word' id='word_1_747' title='bbox 2001 2921 2162 2974; x_wconf 90' lang='lat' dir='ltr'><strong>cunt,</strong></span> <span class='ocrx_word' id='word_1_748' title='bbox 2191 2908 2299 2962; x_wconf 91' lang='lat' dir='ltr'><strong>Nos</strong></span> <span class='ocrx_word' id='word_1_749' title='bbox 2331 2908 2662 2979; x_wconf 88' lang='lat' dir='ltr'><strong>baptizamus</strong></span> <span class='ocrx_word' id='word_1_750' title='bbox 2692 2930 2705 2966; x_wconf 90' lang='lat'><strong>:</strong></span> <span class='ocrx_word' id='word_1_751' title='bbox 2735 2911 2804 2966; x_wconf 89' lang='lat' dir='ltr'><strong>ad</strong></span> <span class='ocrx_word' id='word_1_752' title='bbox 2832 2927 3015 2966; x_wconf 88' lang='lat' dir='ltr'><strong>vocem</strong></span> <span class='ocrx_word' id='word_1_753' title='bbox 3043 2927 3194 2967; x_wconf 89' lang='lat' dir='ltr'><strong>suam</strong></span> <span class='ocrx_word' id='word_1_754' title='bbox 3224 2914 3422 2983; x_wconf 89' lang='lat' dir='ltr'><strong>gavisi,</strong></span> <span class='ocrx_word' id='word_1_755' title='bbox 3452 2924 3596 2970; x_wconf 88' lang='lat' dir='ltr'><strong>stare</strong></span> 
     </span>
    </p>
   </div>
   <div class='ocr_carea' id='block_1_92' title="bbox 2002 3003 3596 3073">
    <p class='ocr_par' dir='ltr' id='par_1_92' title="bbox 2002 3003 3596 3073">
     <span class='ocr_line' id='line_1_93' title="bbox 2002 3003 3596 3073; baseline 0.004 -19"><span class='ocrx_word' id='word_1_756' title='bbox 2002 3016 2110 3055; x_wconf 90' lang='lat' dir='ltr'><strong>non</strong></span> <span class='ocrx_word' id='word_1_757' title='bbox 2141 3009 2463 3070; x_wconf 89' lang='lat' dir='ltr'><strong>potuerunt;</strong></span> <span class='ocrx_word' id='word_1_758' title='bbox 2495 3011 2550 3057; x_wconf 91' lang='lat' dir='ltr'><strong>ct</strong></span> <span class='ocrx_word' id='word_1_759' title='bbox 2577 3019 2682 3058; x_wconf 89' lang='lat' dir='ltr'><strong>non</strong></span> <span class='ocrx_word' id='word_1_760' title='bbox 2711 3003 2980 3073; x_wconf 88' lang='lat' dir='ltr'><strong>pertinent</strong></span> <span class='ocrx_word' id='word_1_761' title='bbox 3007 3003 3075 3058; x_wconf 91' lang='lat' dir='ltr'><strong>ad</strong></span> <span class='ocrx_word' id='word_1_762' title='bbox 3111 3003 3269 3058; x_wconf 88' lang='lat' dir='ltr'><strong>istam</strong></span> <span class='ocrx_word' id='word_1_763' title='bbox 3287 3004 3505 3060; x_wconf 91' lang='lat' dir='ltr'><strong>domum</strong></span> <span class='ocrx_word' id='word_1_764' title='bbox 3529 3004 3596 3062; x_wconf 90' lang='lat' dir='ltr'><strong>de</strong></span> 
     </span>
    </p>
   </div>
   <div class='ocr_carea' id='block_1_93' title="bbox 2001 3092 3077 3168">
    <p class='ocr_par' dir='ltr' id='par_1_93' title="bbox 2001 3092 3077 3168">
     <span class='ocr_line' id='line_1_94' title="bbox 2001 3092 3077 3168; baseline 0.002 -18"><span class='ocrx_word' id='word_1_765' title='bbox 2001 3110 2103 3166; x_wconf 86' lang='lat' dir='ltr'><strong>qua</strong></span> <span class='ocrx_word' id='word_1_766' title='bbox 2131 3092 2344 3164; x_wconf 88' lang='lat' dir='ltr'><strong>dicitur,</strong></span> <span class='ocrx_word' id='word_1_767' title='bbox 2379 3096 2476 3151; x_wconf 91' lang='lat' dir='ltr'><strong>Ubi</strong></span> <span class='ocrx_word' id='word_1_768' title='bbox 2505 3106 2744 3152; x_wconf 85' lang='lat' dir='ltr'><strong>steterunt</strong></span> <span class='ocrx_word' id='word_1_769' title='bbox 2769 3098 2920 3168; x_wconf 87' lang='lat' dir='ltr'><strong>pedes</strong></span> <span class='ocrx_word' id='word_1_770' title='bbox 2948 3098 3077 3168; x_wconf 88' lang='lat' dir='ltr'><strong>ejus.</strong></span> 
     </span>
    </p>
   </div>
   <div class='ocr_carea' id='block_1_94' title="bbox 2074 3190 3592 3264">
    <p class='ocr_par' dir='ltr' id='par_1_94' title="bbox 2074 3190 3592 3264">
     <span class='ocr_line' id='line_1_95' title="bbox 2074 3190 3592 3264; baseline 0.001 -19"><span class='ocrx_word' id='word_1_771' title='bbox 2074 3191 2161 3245; x_wconf 81' lang='lat'><strong>15&#39;.</strong></span> <span class='ocrx_word' id='word_1_772' title='bbox 2205 3190 2354 3264; x_wconf 83' lang='lat' dir='ltr'><strong>[oers.</strong></span> <span class='ocrx_word' id='word_1_773' title='bbox 2400 3191 2478 3264; x_wconf 86' lang='lat'><strong>8.]</strong></span> <span class='ocrx_word' id='word_1_774' title='bbox 2515 3191 2778 3263; x_wconf 75' lang='lat' dir='ltr'><strong>Exsurge,</strong></span> <span class='ocrx_word' id='word_1_775' title='bbox 2810 3192 3047 3260; x_wconf 86' lang='lat' dir='ltr'><strong>Domine,</strong></span> <span class='ocrx_word' id='word_1_776' title='bbox 3080 3194 3135 3247; x_wconf 86' lang='lat' dir='ltr'><strong>in</strong></span> <span class='ocrx_word' id='word_1_777' title='bbox 3174 3193 3394 3264; x_wconf 86' lang='lat' dir='ltr'><strong>requiem</strong></span> <span class='ocrx_word' id='word_1_778' title='bbox 3430 3201 3592 3246; x_wconf 87' lang='lat' dir='ltr'><strong>tuam.</strong></span> 
     </span>
    </p>
   </div>
   <div class='ocr_carea' id='block_1_95' title="bbox 2002 3283 3595 3356">
    <p class='ocr_par' dir='ltr' id='par_1_95' title="bbox 2002 3283 3595 3356">
     <span class='ocr_line' id='line_1_96' title="bbox 2002 3283 3595 3356; baseline 0.001 -18"><span class='ocrx_word' id='word_1_779' title='bbox 2002 3284 2230 3338; x_wconf 89' lang='lat' dir='ltr'><strong>Domino</strong></span> <span class='ocrx_word' id='word_1_780' title='bbox 2274 3284 2566 3339; x_wconf 92' lang='lat' dir='ltr'><strong>dormienti</strong></span> <span class='ocrx_word' id='word_1_781' title='bbox 2610 3285 2771 3351; x_wconf 91' lang='lat' dir='ltr'><strong>dicit,</strong></span> <span class='ocrx_word' id='word_1_782' title='bbox 2798 3283 3053 3356; x_wconf 80' lang='lat' dir='ltr'><strong>Exsurge.</strong></span> <span class='ocrx_word' id='word_1_783' title='bbox 3099 3285 3216 3340; x_wconf 84' lang='lat' dir='ltr'><strong>Jam</strong></span> <span class='ocrx_word' id='word_1_784' title='bbox 3263 3286 3433 3341; x_wconf 90' lang='lat' dir='ltr'><strong>nostis</strong></span> <span class='ocrx_word' id='word_1_785' title='bbox 3473 3286 3595 3354; x_wconf 91' lang='lat' dir='ltr'><strong>quis</strong></span> 
     </span>
    </p>
   </div>
   <div class='ocr_carea' id='block_1_96' title="bbox 2001 3377 3594 3449">
    <p class='ocr_par' dir='ltr' id='par_1_96' title="bbox 2001 3377 3594 3449">
     <span class='ocr_line' id='line_1_97' title="bbox 2001 3377 3594 3449; baseline 0 -17"><span class='ocrx_word' id='word_1_786' title='bbox 2001 3377 2281 3444; x_wconf 89' lang='lat' dir='ltr'><strong>dormivit,</strong></span> <span class='ocrx_word' id='word_1_787' title='bbox 2312 3386 2366 3432; x_wconf 90' lang='lat' dir='ltr'><strong>et</strong></span> <span class='ocrx_word' id='word_1_788' title='bbox 2398 3377 2518 3448; x_wconf 91' lang='lat' dir='ltr'><strong>quis</strong></span> <span class='ocrx_word' id='word_1_789' title='bbox 2546 3377 2856 3433; x_wconf 86' lang='lat' dir='ltr'><strong>resurrexit.</strong></span> <span class='ocrx_word' id='word_1_790' title='bbox 2888 3377 3006 3448; x_wconf 91' lang='lat' dir='ltr'><strong>Ipse</strong></span> <span class='ocrx_word' id='word_1_791' title='bbox 3035 3378 3178 3432; x_wconf 90' lang='lat' dir='ltr'><strong>enim</strong></span> <span class='ocrx_word' id='word_1_792' title='bbox 3212 3377 3442 3449; x_wconf 87' lang='lat' dir='ltr'><strong>quodam</strong></span> <span class='ocrx_word' id='word_1_793' title='bbox 3472 3377 3594 3433; x_wconf 89' lang='lat' dir='ltr'><strong>loco</strong></span> 
     </span>
    </p>
   </div>
   <div class='ocr_carea' id='block_1_97' title="bbox 2001 3468 3594 3542">
    <p class='ocr_par' dir='ltr' id='par_1_97' title="bbox 2001 3468 3594 3542">
     <span class='ocr_line' id='line_1_98' title="bbox 2001 3468 3594 3542; baseline 0.001 -18"><span class='ocrx_word' id='word_1_794' title='bbox 2001 3469 2130 3524; x_wconf 87' lang='lat' dir='ltr'><strong>dicit</strong></span> <span class='ocrx_word' id='word_1_795' title='bbox 2159 3470 2212 3524; x_wconf 91' lang='lat' dir='ltr'><strong>in</strong></span> <span class='ocrx_word' id='word_1_796' title='bbox 2235 3470 2440 3539; x_wconf 85' lang='lat' dir='ltr'><strong>psalmo</strong></span> <span class='ocrx_word' id='word_1_797' title='bbox 2470 3485 2488 3524; x_wconf 92' lang='lat'><strong><em>:</em></strong></span> <span class='ocrx_word' id='word_1_798' title='bbox 2531 3469 2762 3524; x_wconf 83' lang='lat' dir='ltr'><strong>Dormiui</strong></span> <span class='ocrx_word' id='word_1_799' title='bbox 2801 3469 3126 3524; x_wconf 82' lang='lat' dir='ltr'><strong>conturbatus</strong></span> <span class='ocrx_word' id='word_1_800' title='bbox 3174 3468 3345 3542; x_wconf 85' lang='lat' dir='ltr'><strong>(Psal.</strong></span> <span class='ocrx_word' id='word_1_801' title='bbox 3379 3485 3486 3535; x_wconf 73' lang='lat' dir='ltr'><strong>va,</strong></span> <span class='ocrx_word' id='word_1_802' title='bbox 3513 3470 3594 3542; x_wconf 85' lang='lat'><strong>5).</strong></span> 
     </span>
    </p>
   </div>
   <div class='ocr_carea' id='block_1_98' title="bbox 2002 3562 3593 3636">
    <p class='ocr_par' dir='ltr' id='par_1_98' title="bbox 2002 3562 3593 3636">
     <span class='ocr_line' id='line_1_99' title="bbox 2002 3562 3593 3636; baseline 0 -18"><span class='ocrx_word' id='word_1_803' title='bbox 2002 3563 2149 3620; x_wconf 89' lang='lat' dir='ltr'><strong>Bene</strong></span> <span class='ocrx_word' id='word_1_804' title='bbox 2175 3565 2250 3619; x_wconf 92' lang='lat' dir='ltr'><strong>illi</strong></span> <span class='ocrx_word' id='word_1_805' title='bbox 2277 3563 2500 3630; x_wconf 91' lang='lat' dir='ltr'><strong>dicitur,</strong></span> <span class='ocrx_word' id='word_1_806' title='bbox 2533 3562 2796 3636; x_wconf 79' lang='lat' dir='ltr'><strong>Exsurge,</strong></span> <span class='ocrx_word' id='word_1_807' title='bbox 2825 3562 3043 3618; x_wconf 88' lang='lat' dir='ltr'><strong>Domine</strong></span> <span class='ocrx_word' id='word_1_808' title='bbox 3061 3605 3077 3631; x_wconf 95' lang='lat'><strong>,</strong></span> <span class='ocrx_word' id='word_1_809' title='bbox 3107 3563 3160 3616; x_wconf 89' lang='lat' dir='ltr'><strong>in</strong></span> <span class='ocrx_word' id='word_1_810' title='bbox 3188 3563 3408 3634; x_wconf 85' lang='lat' dir='ltr'><strong>requiem</strong></span> <span class='ocrx_word' id='word_1_811' title='bbox 3433 3571 3593 3618; x_wconf 90' lang='lat' dir='ltr'><strong>tuam.</strong></span> 
     </span>
    </p>
   </div>
   <div class='ocr_carea' id='block_1_99' title="bbox 1999 3654 3596 3726">
    <p class='ocr_par' dir='ltr' id='par_1_99' title="bbox 1999 3654 3596 3726">
     <span class='ocr_line' id='line_1_100' title="bbox 1999 3654 3596 3726; baseline -0.003 -13"><span class='ocrx_word' id='word_1_812' title='bbox 1999 3655 2118 3714; x_wconf 85' lang='lat' dir='ltr'><strong>Jam</strong></span> <span class='ocrx_word' id='word_1_813' title='bbox 2138 3672 2245 3713; x_wconf 91' lang='lat' dir='ltr'><strong>non</strong></span> <span class='ocrx_word' id='word_1_814' title='bbox 2270 3655 2677 3712; x_wconf 90' lang='lat' dir='ltr'><strong>conturbaberis</strong></span> <span class='ocrx_word' id='word_1_815' title='bbox 2693 3673 2708 3723; x_wconf 89' lang='lat'><strong>;</strong></span> <span class='ocrx_word' id='word_1_816' title='bbox 2727 3656 2850 3726; x_wconf 90' lang='lat' dir='ltr'><strong>quia</strong></span> <span class='ocrx_word' id='word_1_817' title='bbox 2876 3654 3122 3710; x_wconf 90' lang='lat' dir='ltr'><strong>Christus</strong></span> <span class='ocrx_word' id='word_1_818' title='bbox 3144 3669 3370 3725; x_wconf 85' lang='lat' dir='ltr'><strong>surgens</strong></span> <span class='ocrx_word' id='word_1_819' title='bbox 3393 3669 3425 3710; x_wconf 89' lang='lat' dir='ltr'><strong>a</strong></span> <span class='ocrx_word' id='word_1_820' title='bbox 3449 3667 3596 3709; x_wconf 88' lang='lat' dir='ltr'><strong>mor-</strong></span> 
     </span>
    </p>
   </div>
   <div class='ocr_carea' id='block_1_100' title="bbox 2003 3739 3592 3819">
    <p class='ocr_par' dir='ltr' id='par_1_100' title="bbox 2003 3739 3592 3819">
     <span class='ocr_line' id='line_1_101' title="bbox 2003 3739 3592 3819; baseline -0.001 -15"><span class='ocrx_word' id='word_1_821' title='bbox 2003 3751 2128 3818; x_wconf 90' lang='lat' dir='ltr'><strong>tuis,</strong></span> <span class='ocrx_word' id='word_1_822' title='bbox 2152 3749 2261 3819; x_wconf 90' lang='lat' dir='ltr'><strong>jam</strong></span> <span class='ocrx_word' id='word_1_823' title='bbox 2289 3765 2395 3804; x_wconf 92' lang='lat' dir='ltr'><strong>non</strong></span> <span class='ocrx_word' id='word_1_824' title='bbox 2425 3749 2671 3813; x_wconf 91' lang='lat' dir='ltr'><strong>moritur,</strong></span> <span class='ocrx_word' id='word_1_825' title='bbox 2711 3757 2765 3804; x_wconf 91' lang='lat' dir='ltr'><strong>et</strong></span> <span class='ocrx_word' id='word_1_826' title='bbox 2791 3763 2941 3804; x_wconf 91' lang='lat' dir='ltr'><strong>mors</strong></span> <span class='ocrx_word' id='word_1_827' title='bbox 2965 3749 3014 3803; x_wconf 90' lang='lat' dir='ltr'><strong>ei</strong></span> <span class='ocrx_word' id='word_1_828' title='bbox 3045 3747 3182 3803; x_wconf 90' lang='lat' dir='ltr'><strong>ultra</strong></span> <span class='ocrx_word' id='word_1_829' title='bbox 3214 3763 3320 3803; x_wconf 92' lang='lat' dir='ltr'><strong>non</strong></span> <span class='ocrx_word' id='word_1_830' title='bbox 3345 3739 3592 3804; x_wconf 85' lang='lat' dir='ltr'><strong>domina-</strong></span> 
     </span>
    </p>
   </div>
   <div class='ocr_carea' id='block_1_101' title="bbox 2005 3837 3594 3912">
    <p class='ocr_par' dir='ltr' id='par_1_101' title="bbox 2005 3837 3594 3912">
     <span class='ocr_line' id='line_1_102' title="bbox 2005 3837 3594 3912; baseline 0.001 -18"><span class='ocrx_word' id='word_1_831' title='bbox 2005 3838 2151 3894; x_wconf 88' lang='lat' dir='ltr'><strong>bitur</strong></span> <span class='ocrx_word' id='word_1_832' title='bbox 2177 3839 2353 3911; x_wconf 89' lang='lat' dir='ltr'><strong>(Rom.</strong></span> <span class='ocrx_word' id='word_1_833' title='bbox 2383 3855 2457 3906; x_wconf 78' lang='lat' dir='ltr'><strong>vi,</strong></span> <span class='ocrx_word' id='word_1_834' title='bbox 2486 3839 2566 3912; x_wconf 88' lang='lat'><strong>9).</strong></span> <span class='ocrx_word' id='word_1_835' title='bbox 2589 3839 2758 3908; x_wconf 88' lang='lat' dir='ltr'><strong>Ipsius</strong></span> <span class='ocrx_word' id='word_1_836' title='bbox 2782 3848 2866 3893; x_wconf 90' lang='lat' dir='ltr'><strong>est</strong></span> <span class='ocrx_word' id='word_1_837' title='bbox 2888 3853 2989 3894; x_wconf 82' lang='lat' dir='ltr'><strong>vox</strong></span> <span class='ocrx_word' id='word_1_838' title='bbox 3017 3839 3070 3894; x_wconf 92' lang='lat' dir='ltr'><strong>in</strong></span> <span class='ocrx_word' id='word_1_839' title='bbox 3091 3838 3196 3892; x_wconf 90' lang='lat' dir='ltr'><strong>alio</strong></span> <span class='ocrx_word' id='word_1_840' title='bbox 3213 3839 3419 3908; x_wconf 89' lang='lat' dir='ltr'><strong>psalmo</strong></span> <span class='ocrx_word' id='word_1_841' title='bbox 3443 3856 3457 3894; x_wconf 90' lang='lat'><strong>:</strong></span> <span class='ocrx_word' id='word_1_842' title='bbox 3479 3837 3594 3911; x_wconf 88' lang='lat' dir='ltr'><strong>Ego</strong></span> 
     </span>
    </p>
   </div>
   <div class='ocr_carea' id='block_1_102' title="bbox 2005 3930 3593 4003">
    <p class='ocr_par' dir='ltr' id='par_1_102' title="bbox 2005 3930 3593 4003">
     <span class='ocr_line' id='line_1_103' title="bbox 2005 3930 3593 4003; baseline 0 -17"><span class='ocrx_word' id='word_1_843' title='bbox 2005 3933 2222 3987; x_wconf 85' lang='lat' dir='ltr'><strong>dormivi</strong></span> <span class='ocrx_word' id='word_1_844' title='bbox 2243 3940 2288 3986; x_wconf 90' lang='lat' dir='ltr'><strong>et</strong></span> <span class='ocrx_word' id='word_1_845' title='bbox 2319 3950 2551 3987; x_wconf 88' lang='lat' dir='ltr'><strong>somnum</strong></span> <span class='ocrx_word' id='word_1_846' title='bbox 2577 3934 2714 4003; x_wconf 87' lang='lat' dir='ltr'><strong>cepi,</strong></span> <span class='ocrx_word' id='word_1_847' title='bbox 2749 3941 2796 3986; x_wconf 92' lang='lat' dir='ltr'><strong>et</strong></span> <span class='ocrx_word' id='word_1_848' title='bbox 2817 3932 3077 3986; x_wconf 70' lang='lat' dir='ltr'><strong>exsurrexi</strong></span> <span class='ocrx_word' id='word_1_849' title='bbox 3096 3973 3111 3998; x_wconf 96' lang='lat'><strong>,</strong></span> <span class='ocrx_word' id='word_1_850' title='bbox 3142 3933 3382 4002; x_wconf 73' lang='lat' dir='ltr'><strong>quoniam</strong></span> <span class='ocrx_word' id='word_1_851' title='bbox 3413 3930 3593 3986; x_wconf 85' lang='lat' dir='ltr'><strong>Domi-</strong></span> 
     </span>
    </p>
   </div>
   <div class='ocr_carea' id='block_1_103' title="bbox 2002 4021 3593 4094">
    <p class='ocr_par' dir='ltr' id='par_1_103' title="bbox 2002 4021 3593 4094">
     <span class='ocr_line' id='line_1_104' title="bbox 2002 4021 3593 4094; baseline 0 -16"><span class='ocrx_word' id='word_1_852' title='bbox 2002 4041 2096 4079; x_wconf 88' lang='lat' dir='ltr'><strong>nus</strong></span> <span class='ocrx_word' id='word_1_853' title='bbox 2126 4024 2360 4094; x_wconf 88' lang='lat' dir='ltr'><strong>suscipiet</strong></span> <span class='ocrx_word' id='word_1_854' title='bbox 2388 4041 2464 4078; x_wconf 90' lang='lat' dir='ltr'><strong>me</strong></span> <span class='ocrx_word' id='word_1_855' title='bbox 2495 4022 2664 4092; x_wconf 82' lang='lat' dir='ltr'><strong>(Psul.</strong></span> <span class='ocrx_word' id='word_1_856' title='bbox 2703 4038 2781 4092; x_wconf 90' lang='grc' dir='ltr'><strong>ιιι,</strong></span> <span class='ocrx_word' id='word_1_857' title='bbox 2806 4021 2884 4093; x_wconf 86' lang='grc'><strong>6).</strong></span> <span class='ocrx_word' id='word_1_858' title='bbox 2912 4021 3031 4094; x_wconf 87' lang='lat' dir='ltr'><strong>Ipse</strong></span> <span class='ocrx_word' id='word_1_859' title='bbox 3059 4022 3341 4090; x_wconf 88' lang='lat' dir='ltr'><strong>dormivit,</strong></span> <span class='ocrx_word' id='word_1_860' title='bbox 3375 4023 3478 4093; x_wconf 89' lang='lat' dir='ltr'><strong>ipsi</strong></span> <span class='ocrx_word' id='word_1_861' title='bbox 3506 4023 3593 4078; x_wconf 87' lang='lat' dir='ltr'><strong>di-</strong></span> 
     </span>
    </p>
   </div>
   <div class='ocr_carea' id='block_1_104' title="bbox 2002 4117 3589 4188">
    <p class='ocr_par' dir='ltr' id='par_1_104' title="bbox 2002 4117 3589 4188">
     <span class='ocr_line' id='line_1_105' title="bbox 2002 4117 3589 4188; baseline -0.001 -15"><span class='ocrx_word' id='word_1_862' title='bbox 2002 4119 2140 4173; x_wconf 88' lang='lat' dir='ltr'><strong>citur</strong></span> <span class='ocrx_word' id='word_1_863' title='bbox 2159 4161 2174 4186; x_wconf 94' lang='lat'><strong>,</strong></span> <span class='ocrx_word' id='word_1_864' title='bbox 2205 4117 2456 4188; x_wconf 80' lang='lat' dir='ltr'><strong>Exsurge,</strong></span> <span class='ocrx_word' id='word_1_865' title='bbox 2482 4117 2725 4184; x_wconf 88' lang='lat' dir='ltr'><strong>Domine,</strong></span> <span class='ocrx_word' id='word_1_866' title='bbox 2757 4118 2810 4172; x_wconf 89' lang='lat' dir='ltr'><strong>in</strong></span> <span class='ocrx_word' id='word_1_867' title='bbox 2843 4117 3062 4187; x_wconf 87' lang='lat' dir='ltr'><strong>requiem</strong></span> <span class='ocrx_word' id='word_1_868' title='bbox 3089 4126 3257 4182; x_wconf 88' lang='lat' dir='ltr'><strong>tuam,</strong></span> <span class='ocrx_word' id='word_1_869' title='bbox 3287 4126 3341 4171; x_wconf 90' lang='lat' dir='ltr'><strong>tu</strong></span> <span class='ocrx_word' id='word_1_870' title='bbox 3383 4126 3432 4171; x_wconf 91' lang='lat' dir='ltr'><strong>et</strong></span> <span class='ocrx_word' id='word_1_871' title='bbox 3466 4133 3589 4172; x_wconf 86' lang='lat' dir='ltr'><strong>arca</strong></span> 
     </span>
    </p>
   </div>
   <div class='ocr_carea' id='block_1_105' title="bbox 2002 4210 3596 4282">
    <p class='ocr_par' dir='ltr' id='par_1_105' title="bbox 2002 4210 3596 4282">
     <span class='ocr_line' id='line_1_106' title="bbox 2002 4210 3596 4282; baseline -0.001 -16"><span class='ocrx_word' id='word_1_872' title='bbox 2002 4211 2418 4282; x_wconf 79' lang='lat' dir='ltr'><strong>sanctiﬁcationis</strong></span> <span class='ocrx_word' id='word_1_873' title='bbox 2458 4220 2558 4265; x_wconf 74' lang='lat' dir='ltr'><strong>tute</strong></span> <span class='ocrx_word' id='word_1_874' title='bbox 2590 4227 2609 4264; x_wconf 92' lang='lat'><strong><em>:</em></strong></span> <span class='ocrx_word' id='word_1_875' title='bbox 2638 4210 2688 4266; x_wconf 93' lang='lat' dir='ltr'><strong>id</strong></span> <span class='ocrx_word' id='word_1_876' title='bbox 2719 4220 2834 4278; x_wconf 92' lang='lat' dir='ltr'><strong>est,</strong></span> <span class='ocrx_word' id='word_1_877' title='bbox 2876 4225 3140 4281; x_wconf 78' lang='lat' dir='ltr'><strong>exsurge,</strong></span> <span class='ocrx_word' id='word_1_878' title='bbox 3165 4219 3224 4264; x_wconf 91' lang='lat' dir='ltr'><strong>ut</strong></span> <span class='ocrx_word' id='word_1_879' title='bbox 3267 4218 3516 4280; x_wconf 85' lang='lat' dir='ltr'><strong>exsurgat</strong></span> <span class='ocrx_word' id='word_1_880' title='bbox 3539 4216 3596 4265; x_wconf 88' lang='lat' dir='ltr'><strong>et</strong></span> 
     </span>
    </p>
   </div>
   <div class='ocr_carea' id='block_1_106' title="bbox 2007 4299 3594 4371">
    <p class='ocr_par' dir='ltr' id='par_1_106' title="bbox 2007 4299 3594 4371">
     <span class='ocr_line' id='line_1_107' title="bbox 2007 4299 3594 4371; baseline -0.002 -13"><span class='ocrx_word' id='word_1_881' title='bbox 2007 4319 2132 4360; x_wconf 87' lang='lat' dir='ltr'><strong>arca</strong></span> <span class='ocrx_word' id='word_1_882' title='bbox 2161 4302 2599 4358; x_wconf 85' lang='lat' dir='ltr'><strong>sanctificationis</strong></span> <span class='ocrx_word' id='word_1_883' title='bbox 2630 4311 2754 4364; x_wconf 71' lang='lat' dir='ltr'><strong>tum,</strong></span> <span class='ocrx_word' id='word_1_884' title='bbox 2787 4317 2943 4371; x_wconf 91' lang='lat' dir='ltr'><strong>quam</strong></span> <span class='ocrx_word' id='word_1_885' title='bbox 2973 4299 3333 4356; x_wconf 81' lang='lat' dir='ltr'><strong>sanctificasti.</strong></span> <span class='ocrx_word' id='word_1_886' title='bbox 3367 4299 3484 4370; x_wconf 88' lang='lat' dir='ltr'><strong>Ipse</strong></span> <span class='ocrx_word' id='word_1_887' title='bbox 3499 4315 3594 4355; x_wconf 86' lang='lat' dir='ltr'><strong>ca-</strong></span> 
     </span>
    </p>
   </div>
   <div class='ocr_carea' id='block_1_107' title="bbox 2004 4391 3592 4466">
    <p class='ocr_par' dir='ltr' id='par_1_107' title="bbox 2004 4391 3592 4466">
     <span class='ocr_line' id='line_1_108' title="bbox 2004 4391 3592 4466; baseline -0.003 -16"><span class='ocrx_word' id='word_1_888' title='bbox 2004 4407 2101 4466; x_wconf 88' lang='lat' dir='ltr'><strong>put</strong></span> <span class='ocrx_word' id='word_1_889' title='bbox 2127 4404 2404 4460; x_wconf 90' lang='lat' dir='ltr'><strong>nostrum;</strong></span> <span class='ocrx_word' id='word_1_890' title='bbox 2428 4409 2551 4449; x_wconf 91' lang='lat' dir='ltr'><strong>arca</strong></span> <span class='ocrx_word' id='word_1_891' title='bbox 2579 4393 2713 4464; x_wconf 87' lang='lat' dir='ltr'><strong>ejus,</strong></span> <span class='ocrx_word' id='word_1_892' title='bbox 2733 4393 2968 4449; x_wconf 90' lang='lat' dir='ltr'><strong>Ecclesia</strong></span> <span class='ocrx_word' id='word_1_893' title='bbox 2996 4393 3112 4463; x_wconf 90' lang='lat' dir='ltr'><strong>ejus</strong></span> <span class='ocrx_word' id='word_1_894' title='bbox 3136 4391 3399 4448; x_wconf 84' lang='lat' dir='ltr'><strong>:surrexit</strong></span> <span class='ocrx_word' id='word_1_895' title='bbox 3423 4391 3592 4462; x_wconf 87' lang='lat' dir='ltr'><strong>prior,</strong></span> 
     </span>
    </p>
   </div>
   <div class='ocr_carea' id='block_1_108' title="bbox 2004 4481 3604 4558">
    <p class='ocr_par' dir='ltr' id='par_1_108' title="bbox 2004 4481 3604 4558">
     <span class='ocr_line' id='line_1_109' title="bbox 2004 4481 3604 4558; baseline -0.003 -16"><span class='ocrx_word' id='word_1_896' title='bbox 2004 4495 2190 4558; x_wconf 88' lang='lat' dir='ltr'><strong>surget</strong></span> <span class='ocrx_word' id='word_1_897' title='bbox 2229 4494 2283 4542; x_wconf 91' lang='lat' dir='ltr'><strong>et</strong></span> <span class='ocrx_word' id='word_1_898' title='bbox 2324 4484 2589 4541; x_wconf 90' lang='lat' dir='ltr'><strong>Ecclesia.</strong></span> <span class='ocrx_word' id='word_1_899' title='bbox 2631 4483 2748 4539; x_wconf 90' lang='lat' dir='ltr'><strong>Non</strong></span> <span class='ocrx_word' id='word_1_900' title='bbox 2795 4492 2972 4539; x_wconf 90' lang='lat' dir='ltr'><strong>autem</strong></span> <span class='ocrx_word' id='word_1_901' title='bbox 3009 4483 3232 4540; x_wconf 87' lang='lat' dir='ltr'><strong>auderet</strong></span> <span class='ocrx_word' id='word_1_902' title='bbox 3273 4481 3376 4538; x_wconf 88' lang='lat' dir='ltr'><strong>sibi</strong></span> <span class='ocrx_word' id='word_1_903' title='bbox 3416 4496 3604 4558; x_wconf 39' lang='lat' dir='ltr'><strong>resurf</strong></span> 
     </span>
    </p>
   </div>
   <div class='ocr_carea' id='block_1_109' title="bbox 2006 4563 3598 4654">
    <p class='ocr_par' dir='ltr' id='par_1_109' title="bbox 2006 4563 3598 4654">
     <span class='ocr_line' id='line_1_110' title="bbox 2006 4563 3598 4654; baseline -0.004 -19"><span class='ocrx_word' id='word_1_904' title='bbox 2006 4579 2302 4654; x_wconf 86' lang='lat' dir='ltr'><strong>rectionem</strong></span> <span class='ocrx_word' id='word_1_905' title='bbox 2347 4592 2542 4647; x_wconf 87' lang='lat' dir='ltr'><strong>corpus</strong></span> <span class='ocrx_word' id='word_1_906' title='bbox 2586 4575 2934 4646; x_wconf 60' lang='lat' dir='ltr'><strong>momittere,</strong></span> <span class='ocrx_word' id='word_1_907' title='bbox 2965 4575 3068 4630; x_wconf 91' lang='lat' dir='ltr'><strong>nisi</strong></span> <span class='ocrx_word' id='word_1_908' title='bbox 3111 4575 3261 4645; x_wconf 89' lang='lat' dir='ltr'><strong>prius</strong></span> <span class='ocrx_word' id='word_1_909' title='bbox 3289 4563 3598 4644; x_wconf 81' lang='lat' dir='ltr'><strong>resurgeret</strong></span> 
     </span>
    </p>
   </div>
   <div class='ocr_carea' id='block_1_110' title="bbox 2005 4667 3597 4744">
    <p class='ocr_par' dir='ltr' id='par_1_110' title="bbox 2005 4667 3597 4744">
     <span class='ocr_line' id='line_1_111' title="bbox 2005 4667 3597 4744; baseline -0.004 -17"><span class='ocrx_word' id='word_1_910' title='bbox 2005 4679 2184 4744; x_wconf 84' lang='lat' dir='ltr'><strong>caput.</strong></span> <span class='ocrx_word' id='word_1_911' title='bbox 2217 4669 2482 4742; x_wconf 75' lang='lat' dir='ltr'><strong>Exsurge,</strong></span> <span class='ocrx_word' id='word_1_912' title='bbox 2518 4667 2766 4734; x_wconf 89' lang='lat' dir='ltr'><strong>Domine,</strong></span> <span class='ocrx_word' id='word_1_913' title='bbox 2798 4669 2852 4722; x_wconf 87' lang='lat' dir='ltr'><strong>in</strong></span> <span class='ocrx_word' id='word_1_914' title='bbox 2879 4668 3101 4737; x_wconf 86' lang='lat' dir='ltr'><strong>requiem</strong></span> <span class='ocrx_word' id='word_1_915' title='bbox 3125 4676 3284 4731; x_wconf 89' lang='lat' dir='ltr'><strong>tuam,</strong></span> <span class='ocrx_word' id='word_1_916' title='bbox 3319 4676 3374 4720; x_wconf 93' lang='lat' dir='ltr'><strong>tu</strong></span> <span class='ocrx_word' id='word_1_917' title='bbox 3400 4675 3445 4721; x_wconf 85' lang='lat' dir='ltr'><strong>et</strong></span> <span class='ocrx_word' id='word_1_918' title='bbox 3473 4682 3597 4721; x_wconf 87' lang='lat' dir='ltr'><strong>arca</strong></span> 
     </span>
    </p>
   </div>
   <div class='ocr_carea' id='block_1_111' title="bbox 2005 4757 3596 4836">
    <p class='ocr_par' dir='ltr' id='par_1_111' title="bbox 2005 4757 3596 4836">
     <span class='ocr_line' id='line_1_112' title="bbox 2005 4757 3596 4836; baseline -0.006 -13"><span class='ocrx_word' id='word_1_919' title='bbox 2005 4765 2423 4836; x_wconf 82' lang='lat' dir='ltr'><strong>sanctiﬁcationis</strong></span> <span class='ocrx_word' id='word_1_920' title='bbox 2449 4773 2566 4818; x_wconf 66' lang='lat' dir='ltr'><strong>luat.</strong></span> <span class='ocrx_word' id='word_1_921' title='bbox 2613 4763 2680 4817; x_wconf 87' lang='lat' dir='ltr'><strong>Et</strong></span> <span class='ocrx_word' id='word_1_922' title='bbox 2722 4776 2917 4832; x_wconf 91' lang='lat' dir='ltr'><strong>corpus</strong></span> <span class='ocrx_word' id='word_1_923' title='bbox 2945 4758 3143 4816; x_wconf 83' lang='lat' dir='ltr'><strong>Christi</strong></span> <span class='ocrx_word' id='word_1_924' title='bbox 3169 4758 3316 4830; x_wconf 87' lang='lat' dir='ltr'><strong>quod</strong></span> <span class='ocrx_word' id='word_1_925' title='bbox 3337 4773 3404 4813; x_wconf 79' lang='lat' dir='ltr'><strong>ex</strong></span> <span class='ocrx_word' id='word_1_926' title='bbox 3429 4757 3596 4814; x_wconf 84' lang='lat' dir='ltr'><strong>Maria</strong></span> 
     </span>
    </p>
   </div>
   <div class='ocr_carea' id='block_1_112' title="bbox 2005 4847 3593 4922">
    <p class='ocr_par' dir='ltr' id='par_1_112' title="bbox 2005 4847 3593 4922">
     <span class='ocr_line' id='line_1_113' title="bbox 2005 4847 3593 4922; baseline -0.008 -9"><span class='ocrx_word' id='word_1_927' title='bbox 2005 4867 2187 4921; x_wconf 87' lang='lat' dir='ltr'><strong>natum</strong></span> <span class='ocrx_word' id='word_1_928' title='bbox 2219 4865 2336 4922; x_wconf 90' lang='lat' dir='ltr'><strong>est,</strong></span> <span class='ocrx_word' id='word_1_929' title='bbox 2370 4854 2698 4910; x_wconf 88' lang='lat' dir='ltr'><strong>intellectum</strong></span> <span class='ocrx_word' id='word_1_930' title='bbox 2730 4861 2812 4908; x_wconf 89' lang='lat' dir='ltr'><strong>est</strong></span> <span class='ocrx_word' id='word_1_931' title='bbox 2836 4867 2866 4906; x_wconf 88' lang='lat' dir='ltr'><strong>a</strong></span> <span class='ocrx_word' id='word_1_932' title='bbox 2891 4850 3209 4922; x_wconf 87' lang='lat' dir='ltr'><strong>quibusdam</strong></span> <span class='ocrx_word' id='word_1_933' title='bbox 3238 4863 3362 4904; x_wconf 87' lang='lat' dir='ltr'><strong>arca</strong></span> <span class='ocrx_word' id='word_1_934' title='bbox 3389 4847 3593 4903; x_wconf 83' lang='lat' dir='ltr'><strong>sancti-</strong></span> 
     </span>
    </p>
   </div>
   <div class='ocr_carea' id='block_1_113' title="bbox 2006 4941 3592 5016">
    <p class='ocr_par' dir='ltr' id='par_1_113' title="bbox 2006 4941 3592 5016">
     <span class='ocr_line' id='line_1_114' title="bbox 2006 4941 3592 5016; baseline -0.006 -11"><span class='ocrx_word' id='word_1_935' title='bbox 2006 4950 2300 5016; x_wconf 86' lang='lat' dir='ltr'><strong>ficationis;</strong></span> <span class='ocrx_word' id='word_1_936' title='bbox 2331 4958 2391 5004; x_wconf 92' lang='lat' dir='ltr'><strong>ut</strong></span> <span class='ocrx_word' id='word_1_937' title='bbox 2433 4947 2537 5003; x_wconf 92' lang='lat' dir='ltr'><strong>hoc</strong></span> <span class='ocrx_word' id='word_1_938' title='bbox 2578 4947 2814 5012; x_wconf 88' lang='lat' dir='ltr'><strong>diceret,</strong></span> <span class='ocrx_word' id='word_1_939' title='bbox 2849 4943 3100 5016; x_wconf 85' lang='lat' dir='ltr'><strong>Exsurge,</strong></span> <span class='ocrx_word' id='word_1_940' title='bbox 3123 4941 3364 5006; x_wconf 87' lang='lat' dir='ltr'><strong>Domine,</strong></span> <span class='ocrx_word' id='word_1_941' title='bbox 3409 4942 3464 4995; x_wconf 87' lang='lat' dir='ltr'><strong>in</strong></span> <span class='ocrx_word' id='word_1_942' title='bbox 3506 4958 3592 4997; x_wconf 88' lang='lat' dir='ltr'><strong>re-</strong></span> 
     </span>
    </p>
   </div>
   <div class='ocr_carea' id='block_1_114' title="bbox 2006 5031 3591 5112">
    <p class='ocr_par' dir='ltr' id='par_1_114' title="bbox 2006 5031 3591 5112">
     <span class='ocr_line' id='line_1_115' title="bbox 2006 5031 3591 5112; baseline -0.005 -18"><span class='ocrx_word' id='word_1_943' title='bbox 2006 5042 2172 5112; x_wconf 88' lang='lat' dir='ltr'><strong>quiem</strong></span> <span class='ocrx_word' id='word_1_944' title='bbox 2197 5049 2352 5106; x_wconf 91' lang='lat' dir='ltr'><strong>tuam,</strong></span> <span class='ocrx_word' id='word_1_945' title='bbox 2374 5048 2426 5093; x_wconf 92' lang='lat' dir='ltr'><strong>tu</strong></span> <span class='ocrx_word' id='word_1_946' title='bbox 2455 5048 2501 5094; x_wconf 91' lang='lat' dir='ltr'><strong>et</strong></span> <span class='ocrx_word' id='word_1_947' title='bbox 2537 5055 2657 5092; x_wconf 89' lang='lat' dir='ltr'><strong>arca</strong></span> <span class='ocrx_word' id='word_1_948' title='bbox 2688 5035 3102 5106; x_wconf 73' lang='lat' dir='ltr'><strong>sanctificationis</strong></span> <span class='ocrx_word' id='word_1_949' title='bbox 3129 5042 3229 5088; x_wconf 77' lang='lat' dir='ltr'><strong>tute</strong></span> <span class='ocrx_word' id='word_1_950' title='bbox 3256 5049 3274 5087; x_wconf 91' lang='lat'><strong><em>:</em></strong></span> <span class='ocrx_word' id='word_1_951' title='bbox 3301 5031 3436 5087; x_wconf 91' lang='lat' dir='ltr'><strong>Cum</strong></span> <span class='ocrx_word' id='word_1_952' title='bbox 3464 5045 3591 5087; x_wconf 86' lang='lat' dir='ltr'><strong>cor-</strong></span> 
     </span>
    </p>
   </div>
   <div class='ocr_carea' id='block_1_115' title="bbox 2006 5121 3590 5203">
    <p class='ocr_par' dir='ltr' id='par_1_115' title="bbox 2006 5121 3590 5203">
     <span class='ocr_line' id='line_1_116' title="bbox 2006 5121 3590 5203; baseline -0.006 -16"><span class='ocrx_word' id='word_1_953' title='bbox 2006 5147 2138 5203; x_wconf 91' lang='lat' dir='ltr'><strong>pore</strong></span> <span class='ocrx_word' id='word_1_954' title='bbox 2163 5145 2408 5201; x_wconf 81' lang='lat' dir='ltr'><strong>exsurge,</strong></span> <span class='ocrx_word' id='word_1_955' title='bbox 2426 5139 2486 5185; x_wconf 92' lang='lat' dir='ltr'><strong>ut</strong></span> <span class='ocrx_word' id='word_1_956' title='bbox 2511 5130 2732 5201; x_wconf 90' lang='lat' dir='ltr'><strong>palpent</strong></span> <span class='ocrx_word' id='word_1_957' title='bbox 2749 5128 2840 5199; x_wconf 92' lang='lat' dir='ltr'><strong>qui</strong></span> <span class='ocrx_word' id='word_1_958' title='bbox 2865 5141 2974 5182; x_wconf 91' lang='lat' dir='ltr'><strong>non</strong></span> <span class='ocrx_word' id='word_1_959' title='bbox 2997 5123 3307 5182; x_wconf 90' lang='lat' dir='ltr'><strong>credebant.</strong></span> <span class='ocrx_word' id='word_1_960' title='bbox 3337 5121 3590 5194; x_wconf 86' lang='lat' dir='ltr'><strong>Exsurge,</strong></span> 
     </span>
    </p>
   </div>
   <div class='ocr_carea' id='block_1_116' title="bbox 2006 5215 3592 5294">
    <p class='ocr_par' dir='ltr' id='par_1_116' title="bbox 2006 5215 3592 5294">
     <span class='ocr_line' id='line_1_117' title="bbox 2006 5215 3592 5294; baseline -0.006 -14"><span class='ocrx_word' id='word_1_961' title='bbox 2006 5224 2245 5290; x_wconf 88' lang='lat' dir='ltr'><strong>Domine,</strong></span> <span class='ocrx_word' id='word_1_962' title='bbox 2271 5225 2324 5278; x_wconf 88' lang='lat' dir='ltr'><strong>in</strong></span> <span class='ocrx_word' id='word_1_963' title='bbox 2345 5224 2564 5294; x_wconf 89' lang='lat' dir='ltr'><strong>requiem</strong></span> <span class='ocrx_word' id='word_1_964' title='bbox 2585 5231 2745 5286; x_wconf 89' lang='lat' dir='ltr'><strong>tuam,</strong></span> <span class='ocrx_word' id='word_1_965' title='bbox 2763 5229 2816 5273; x_wconf 89' lang='lat' dir='ltr'><strong>tu</strong></span> <span class='ocrx_word' id='word_1_966' title='bbox 2843 5227 2890 5274; x_wconf 93' lang='lat' dir='ltr'><strong>et</strong></span> <span class='ocrx_word' id='word_1_967' title='bbox 2906 5234 3026 5272; x_wconf 89' lang='lat' dir='ltr'><strong>arca</strong></span> <span class='ocrx_word' id='word_1_968' title='bbox 3039 5215 3592 5285; x_wconf 75' lang='lat' dir='ltr'><strong>sanctiﬁcationistute.</strong></span> 
     </span>
    </p>
   </div>
   <div class='ocr_carea' id='block_1_117' title="bbox 2082 5307 3597 5388">
    <p class='ocr_par' dir='ltr' id='par_1_117' title="bbox 2082 5307 3597 5388">
     <span class='ocr_line' id='line_1_118' title="bbox 2082 5307 3597 5388; baseline -0.005 -18"><span class='ocrx_word' id='word_1_969' title='bbox 2082 5315 2168 5371; x_wconf 87' lang='lat'><strong>16.</strong></span> <span class='ocrx_word' id='word_1_970' title='bbox 2204 5313 2354 5388; x_wconf 87' lang='lat' dir='ltr'><strong>[vers.</strong></span> <span class='ocrx_word' id='word_1_971' title='bbox 2389 5312 2468 5384; x_wconf 88' lang='lat'><strong>9.]</strong></span> <span class='ocrx_word' id='word_1_972' title='bbox 2510 5312 2805 5368; x_wconf 83' lang='lat' dir='ltr'><strong>Sacerdotes</strong></span> <span class='ocrx_word' id='word_1_973' title='bbox 2833 5311 2904 5364; x_wconf 91' lang='lat' dir='ltr'><strong>tui</strong></span> <span class='ocrx_word' id='word_1_974' title='bbox 2930 5309 3207 5363; x_wconf 88' lang='lat' dir='ltr'><strong>induantur</strong></span> <span class='ocrx_word' id='word_1_975' title='bbox 3221 5307 3512 5378; x_wconf 86' lang='lat' dir='ltr'><strong>justitiam,</strong></span> <span class='ocrx_word' id='word_1_976' title='bbox 3545 5315 3597 5362; x_wconf 86' lang='lat' dir='ltr'><strong>et</strong></span> 
     </span>
    </p>
   </div>
   <div class='ocr_carea' id='block_1_118' title="bbox 2008 5402 3597 5476">
    <p class='ocr_par' dir='ltr' id='par_1_118' title="bbox 2008 5402 3597 5476">
     <span class='ocr_line' id='line_1_119' title="bbox 2008 5402 3597 5476; baseline -0.004 -11"><span class='ocrx_word' id='word_1_977' title='bbox 2008 5411 2167 5465; x_wconf 85' lang='lat' dir='ltr'><strong>sancti</strong></span> <span class='ocrx_word' id='word_1_978' title='bbox 2191 5410 2266 5463; x_wconf 89' lang='lat' dir='ltr'><strong>tui</strong></span> <span class='ocrx_word' id='word_1_979' title='bbox 2290 5409 2538 5464; x_wconf 80' lang='lat' dir='ltr'><strong>lwtentur.</strong></span> <span class='ocrx_word' id='word_1_980' title='bbox 2562 5405 2639 5462; x_wconf 89' lang='lat' dir='ltr'><strong>&#39;l‘e</strong></span> <span class='ocrx_word' id='word_1_981' title='bbox 2665 5411 2985 5476; x_wconf 83' lang='lat' dir='ltr'><strong>exsurgente</strong></span> <span class='ocrx_word' id='word_1_982' title='bbox 3011 5417 3040 5457; x_wconf 93' lang='lat' dir='ltr'><strong>a</strong></span> <span class='ocrx_word' id='word_1_983' title='bbox 3064 5402 3307 5469; x_wconf 89' lang='lat' dir='ltr'><strong>mortuis,</strong></span> <span class='ocrx_word' id='word_1_984' title='bbox 3335 5408 3390 5457; x_wconf 89' lang='lat' dir='ltr'><strong>et</strong></span> <span class='ocrx_word' id='word_1_985' title='bbox 3434 5407 3597 5458; x_wconf 85' lang='lat' dir='ltr'><strong>eunte</strong></span> 
     </span>
    </p>
   </div>
   <div class='ocr_carea' id='block_1_119' title="bbox 1977 5491 3592 5569">
    <p class='ocr_par' dir='ltr' id='par_1_119' title="bbox 1977 5491 3592 5569">
     <span class='ocr_line' id='line_1_120' title="bbox 1977 5491 3592 5569; baseline -0.006 -12"><span class='ocrx_word' id='word_1_986' title='bbox 1977 5502 2076 5557; x_wconf 84' lang='lat' dir='ltr'><strong>&#39;ad</strong></span> <span class='ocrx_word' id='word_1_987' title='bbox 2101 5501 2314 5557; x_wconf 86' lang='lat' dir='ltr'><strong>Patrem</strong></span> <span class='ocrx_word' id='word_1_988' title='bbox 2335 5541 2350 5568; x_wconf 97' lang='lat'><strong>,</strong></span> <span class='ocrx_word' id='word_1_989' title='bbox 2378 5497 2554 5569; x_wconf 87' lang='lat' dir='ltr'><strong>regale</strong></span> <span class='ocrx_word' id='word_1_990' title='bbox 2571 5496 2708 5552; x_wconf 83' lang='lat' dir='ltr'><strong>illud</strong></span> <span class='ocrx_word' id='word_1_991' title='bbox 2743 5493 3097 5552; x_wconf 83' lang='lat' dir='ltr'><strong>sacerdotium</strong></span> <span class='ocrx_word' id='word_1_992' title='bbox 3128 5492 3378 5548; x_wconf 89' lang='lat' dir='ltr'><strong>induatur</strong></span> <span class='ocrx_word' id='word_1_993' title='bbox 3408 5491 3592 5562; x_wconf 88' lang='lat' dir='ltr'><strong>fidem,</strong></span> 
     </span>
    </p>
   </div>
   <div class='ocr_carea' id='block_1_120' title="bbox 2074 5627 3596 5689">
    <p class='ocr_par' dir='ltr' id='par_1_120' title="bbox 2074 5627 3596 5689">
     <span class='ocr_line' id='line_1_121' title="bbox 2074 5627 3596 5689; baseline -0.002 -6"><span class='ocrx_word' id='word_1_994' title='bbox 2074 5637 2093 5669; x_wconf 77' lang='grc' dir='ltr'>ί</span> <span class='ocrx_word' id='word_1_995' title='bbox 2117 5641 2192 5686; x_wconf 81' lang='lat' dir='ltr'><strong>Er.</strong></span> <span class='ocrx_word' id='word_1_996' title='bbox 2217 5640 2269 5684; x_wconf 91' lang='lat' dir='ltr'><strong>et</strong></span> <span class='ocrx_word' id='word_1_997' title='bbox 2291 5639 2418 5683; x_wconf 80' lang='lat' dir='ltr'><strong>t.ov.:</strong></span> <span class='ocrx_word' id='word_1_998' title='bbox 2453 5633 2546 5683; x_wconf 89' lang='lat' dir='ltr'><strong>sed</strong></span> <span class='ocrx_word' id='word_1_999' title='bbox 2569 5630 2650 5682; x_wconf 84' lang='lat' dir='ltr'><strong>ubi</strong></span> <span class='ocrx_word' id='word_1_1000' title='bbox 2671 5643 2764 5682; x_wconf 87' lang='lat' dir='ltr'><strong>non</strong></span> <span class='ocrx_word' id='word_1_1001' title='bbox 2793 5633 3039 5681; x_wconf 83' lang='lat' dir='ltr'><strong>steterunt.</strong></span> <span class='ocrx_word' id='word_1_1002' title='bbox 3081 5629 3244 5689; x_wconf 81' lang='lat' dir='ltr'><strong>Abest,</strong></span> <span class='ocrx_word' id='word_1_1003' title='bbox 3268 5639 3380 5689; x_wconf 87' lang='lat' dir='ltr'><strong>non,</strong></span> <span class='ocrx_word' id='word_1_1004' title='bbox 3407 5627 3470 5677; x_wconf 89' lang='lat' dir='ltr'><strong>ab</strong></span> <span class='ocrx_word' id='word_1_1005' title='bbox 3492 5634 3596 5680; x_wconf 76' lang='lat' dir='ltr'><strong>Ant.</strong></span> 
     </span>
    </p>
   </div>
   <div class='ocr_carea' id='block_1_121' title="bbox 2011 5704 3596 5824">
    <p class='ocr_par' dir='ltr' id='par_1_121' title="bbox 2011 5704 3596 5824">
     <span class='ocr_line' id='line_1_122' title="bbox 2011 5704 3596 5824; baseline -0.003 -18"><span class='ocrx_word' id='word_1_1006' title='bbox 2273 5757 2419 5824; x_wconf 82' lang='lat' dir='ltr'><strong>pedes</strong></span> <span class='ocrx_word' id='word_1_1007' title='bbox 2444 5756 2632 5807; x_wconf 83' lang='lat' dir='ltr'><strong>Domini</strong></span> <span class='ocrx_word' id='word_1_1008' title='bbox 2655 5755 2838 5824; x_wconf 77' lang='lat' dir='ltr'><strong>domus.</strong></span> <span class='ocrx_word' id='word_1_1009' title='bbox 2884 5761 2960 5804; x_wconf 84' lang='lat' dir='ltr'><strong>Er.</strong></span> <span class='ocrx_word' id='word_1_1010' title='bbox 2988 5761 3040 5805; x_wconf 87' lang='lat' dir='ltr'><strong>et</strong></span> <span class='ocrx_word' id='word_1_1011' title='bbox 3062 5761 3193 5824; x_wconf 77' lang='lat' dir='ltr'><strong>bov.,</strong></span> <span class='ocrx_word' id='word_1_1012' title='bbox 3216 5749 3596 5824; x_wconf 29' lang='lat' dir='ltr'><strong>pedesnbomini,</strong></span> 
     </span>
    </p>
   </div>
   <div class='ocr_carea' id='block_1_122' title="bbox 2015 5816 3532 5885">
    <p class='ocr_par' dir='ltr' id='par_1_122' title="bbox 2015 5816 3532 5885">
     <span class='ocr_line' id='line_1_123' title="bbox 2015 5816 3532 5885; baseline -0.006 -12"><span class='ocrx_word' id='word_1_1013' title='bbox 2015 5823 2192 5873; x_wconf 86' lang='lat' dir='ltr'><strong>omissa</strong></span> <span class='ocrx_word' id='word_1_1014' title='bbox 2215 5816 2354 5884; x_wconf 78' lang='lat' dir='ltr'><strong>voce,</strong></span> <span class='ocrx_word' id='word_1_1015' title='bbox 2381 5820 2570 5872; x_wconf 86' lang='lat' dir='ltr'><strong>domus.</strong></span> <span class='ocrx_word' id='word_1_1016' title='bbox 2588 5819 2680 5871; x_wconf 90' lang='lat' dir='ltr'><strong>sed</strong></span> <span class='ocrx_word' id='word_1_1017' title='bbox 2702 5819 2881 5870; x_wconf 89' lang='lat' dir='ltr'><strong>melius</strong></span> <span class='ocrx_word' id='word_1_1018' title='bbox 2896 5825 3002 5870; x_wconf 74' lang='lat' dir='ltr'><strong>uss.</strong></span> <span class='ocrx_word' id='word_1_1019' title='bbox 3017 5852 3032 5883; x_wconf 88' lang='lat'><strong>,</strong></span> <span class='ocrx_word' id='word_1_1020' title='bbox 3055 5817 3204 5885; x_wconf 83' lang='lat' dir='ltr'><strong>pedes</strong></span> <span class='ocrx_word' id='word_1_1021' title='bbox 3219 5816 3323 5876; x_wconf 78' lang='lat' dir='ltr'><strong>ejus</strong></span> <span class='ocrx_word' id='word_1_1022' title='bbox 3345 5816 3532 5868; x_wconf 84' lang='lat' dir='ltr'><strong>domus.</strong></span> 
     </span>
    </p>
   </div>
  </div>
