4078 6476
459 356 599 415 1723

460 470 585 541 quia
608 468 783 545 justus
807 482 873 525 ex
912 466 1019 525 ﬁde
1040 466 1169 525 vivit
1197 462 1373 536 (Rom.
1404 461 1587 537 1,17);
1616 470 1668 518 et
1705 469 1921 530 accepto
1955 460 2038 529 pi-

466 574 633 632 gnore
661 560 887 631 Spiritus
924 559 1121 624 sancti,
1150 558 1393 613 laetentur
1416 554 1651 610 membra
1681 568 1774 623 spe
1799 566 2040 609 resurre-

465 654 660 708 ctionis
679 694 694 719 ,
720 667 836 723 qua:
860 650 1131 721 prsccessit
1158 649 1207 703 in
1235 648 1405 719 capite
1434 665 1447 702 :
1471 647 1547 702 eis
1573 646 1714 701 enim
1753 642 2039 713 Apostolus

461 740 619 811 dicit,
648 742 755 812 Spe
778 742 1047 812 gaudentes
1076 740 1185 812 (Id.
1213 756 1305 803 xu,
1335 740 1444 810 12).

534 834 620 889 17.
653 831 803 905 [vers.
830 830 942 905 10.]
968 831 1187 903 Pr0pter
1210 831 1378 885 David
1401 846 1591 885 servum
1612 839 1783 899 tuam,
1810 843 1871 882 ne
1897 842 2038 880 aver-

467 932 543 978 tas
586 924 769 994 faciem
794 922 982 979 Christi
1026 925 1118 977 tui.
1151 923 1262 978 Hoc
1312 922 1423 977 Deo
1469 920 1614 976 Patri
1662 920 1859 975 dictum
1914 925 2035 984 est,

466 1016 686 1085 Propter
725 1016 889 1070 David
918 1034 1112 1072 servam
1139 1026 1275 1070 tuum
1295 1056 1310 1081 ,
1338 1031 1401 1069 ne
1437 1024 1630 1068 avertas
1654 1013 1831 1084 [aciem
1853 1010 2038 1065 Christi

410 1116 413 1117 '
465 1108 553 1163 tui.
584 1108 878 1165 Cruciﬁxus
922 1117 1005 1164 est
1035 1108 1290 1164 Dominus
1321 1107 1373 1162 in
1400 1103 1613 1171 Iudzea;
1644 1102 1925 1159 cruciﬁxus
1953 1108 2035 1157 est

468 1213 499 1253 a
526 1198 756 1266 Iudaeis;
788 1200 855 1255 ab
882 1200 1009 1270 ipsis
1039 1200 1279 1254 turbatus
1308 1197 1575 1252 dormivit.
1622 1194 1764 1250 Inter
1809 1208 2034 1264 quorum

468 1291 799 1345 smvientium
862 1306 1052 1346 manus
1118 1289 1399 1357 dormivit,
1445 1288 1512 1342 ad
1582 1302 1675 1341 eos
1720 1284 2033 1356 judicandos

462 1382 731 1438 surrexit:
760 1392 812 1438 et
861 1383 990 1438 dicit
1041 1382 1267 1453 quodam
1308 1385 1461 1445 loco,
1495 1379 1562 1434 Et
1612 1381 1798 1434 suscita
1825 1396 1937 1445 me,
1988 1387 2034 1432 et

456 1472 667 1527 reddam
687 1474 787 1529 illis
813 1472 981 1545 (Psal.
1005 1474 1229 1545 XL,‘H).
1271 1473 1340 1528 Et
1366 1471 1613 1537 reddidit,
1657 1480 1710 1526 et
1733 1470 2032 1525 redditurus

458 1573 559 1621 est.
594 1564 724 1621 Nam
754 1575 948 1636 quanta
973 1577 1155 1636 postea
1191 1564 1358 1619 Judmi
1382 1565 1523 1634 passi
1567 1572 1693 1618 sunt
1726 1562 1902 1617 occiso
1924 1561 2032 1616 Do-

454 1656 622 1724 mino,
654 1667 849 1712 norunt
877 1658 996 1727 ipsi.
1022 1658 1099 1713 De
1126 1652 1237 1727 ipsa
1260 1658 1494 1723 civitate,
1525 1656 1615 1711 ubi
1642 1656 1789 1711 illum
1818 1655 2028 1711 occide-

455 1756 579 1800 runt
601 1789 616 1815 ,
647 1762 833 1803 omnes
854 1748 1059 1818 expulsi
1086 1758 1231 1802 sunt.
1253 1748 1389 1815 Quid
1417 1761 1544 1819 ergo
1560 1749 1582 1801 ?
1598 1747 1754 1803 etiam
1781 1746 1846 1802 de
1866 1747 2031 1817 stirpe

458 1836 623 1891 David
652 1854 839 1894 omnes
868 1839 1136 1907 perierunt
1159 1879 1174 1905 ,
1197 1838 1338 1894 etde
1364 1839 1504 1895 tribu
1524 1838 1695 1895 Iuda?
1723 1838 1837 1893 Non
1867 1857 1879 1893 :
1908 1854 2031 1892 nam

454 1928 794 1982 crediderunt
840 1930 963 1985 inde
1007 1931 1203 2001 aliqui,
1235 1938 1290 1985 et
1332 1932 1498 1986 multa
1541 1931 1707 1985 millia
1755 1930 2029 1984 hominum

453 2018 791 2073 crediderunt
819 2021 959 2088 inde,
982 2022 1155 2076 ethoc
1175 2021 1287 2092 jam
1312 2031 1432 2093 post
1456 2022 1899 2078 resurrectionem
1926 2022 2031 2076 Do-

453 2107 602 2161 mini.
626 2108 941 2175 Sasvierunt,
966 2120 1023 2165 ut
1050 2112 1442 2182 crucifigerent,
1468 2121 1521 2168 et
1543 2122 1726 2183 postea
1753 2121 2029 2184 coeperunt

452 2200 634 2255 videre
654 2201 770 2255 ﬁeri
793 2203 1043 2257 miracula
1074 2204 1125 2258 in
1154 2204 1370 2259 nomine
1391 2204 1660 2269 cruciﬁxi;
1686 2213 1740 2260 et
1765 2205 1880 2275 plus
1900 2218 2029 2258 con-

451 2299 779 2348 tremuerunt
805 2302 1005 2347 tantum
1038 2309 1193 2365 posse
1219 2295 1335 2365 ejus
1360 2311 1575 2361 nomen,
1600 2297 1688 2366 qui
1714 2298 1861 2366 quasi
1888 2296 2027 2350 inter

450 2398 637 2438 manus
665 2399 850 2439 eorum
877 2385 1005 2457 nihil
1035 2394 1278 2456 poterat;
1308 2397 1361 2443 et
1384 2388 1686 2458 compuncti
1706 2388 1886 2454 corde,
1914 2388 2027 2457 jam

450 2476 727 2532 credentes
756 2476 1084 2533 divinitatem
1134 2479 1393 2535 occultam
1442 2479 1605 2535 fuisse
1641 2480 1694 2535 in
1735 2479 1827 2534 illo
1865 2494 2024 2549 quem

450 2568 658 2622 caeteris
684 2568 911 2623 similem
943 2568 1246 2625 hominibus
1272 2580 1628 2641 putaverunt,
1658 2578 1711 2626 et
1744 2570 2024 2625 consilium

451 2665 693 2726 petentes
708 2658 776 2713 ab
796 2659 1090 2729 Apostolis,
1109 2662 1410 2726 audierunt,
1436 2662 1580 2733 Agite
1601 2662 1959 2731 paenitentiam,
1978 2668 2026 2714 et

456 2746 733 2817 baptizatur
756 2752 1091 2820 unusquisque
1112 2753 1399 2806 vestrumin
1421 2753 1619 2806 nomine
1634 2751 1840 2806 Domini
1868 2751 2025 2807 nostri

450 2836 574 2894 Iesu
606 2840 810 2895 Christi.
846 2842 986 2913 Ergo
1022 2843 1144 2914 quia
1186 2844 1255 2899 ad
1298 2844 1613 2915 judicandos
1657 2861 1749 2901 eos
1776 2862 1804 2900 a
1837 2846 2025 2915 quibus

448 2929 729 2985 cruciﬁxus
755 2939 871 2998 est,
904 2934 1135 2989 surrexit
1179 2933 1423 2989 Christus
1448 2976 1460 3000 ,
1491 2945 1546 2991 et
1596 2937 1788 2991 avertit
1835 2934 2027 2991 faciem

448 3034 598 3075 suam
621 3037 653 3077 a
680 3021 878 3079 Iudaeis
898 3065 913 3091 ,
947 3032 1001 3080 et
1026 3027 1288 3082 convertit
1315 3028 1380 3081 ad
1403 3028 1629 3094 Gentes;
1661 3036 1909 3097 tanquam
1937 3042 2025 3083 ro-

449 3119 603 3181 gatur
647 3113 788 3169 Deus
838 3124 1059 3186 propter
1109 3119 1363 3187 reliquias
1407 3118 1679 3187 lsrael,et
1702 3119 1894 3173 dicitur
1940 3120 2022 3185 ei,

450 3200 669 3274 Propter
688 3203 857 3260 David
884 3224 1078 3263 servam
1127 3221 1288 3276 tuum,
1312 3227 1373 3264 ne
1410 3221 1603 3265 avertas
1632 3212 1812 3281 faciem
1840 3210 2027 3265 Christi

447 3294 541 3348 tui.
571 3293 628 3349 Si
656 3296 806 3365 palea
835 3297 1084 3354 damnata
1115 3308 1228 3367 est,
1255 3300 1523 3356 frumenta
1553 3302 1889 3369 colligantur.
1922 3302 2026 3356 Re-

446 3386 616 3458 liquiae
658 3390 811 3445 salva.-
852 3393 979 3461 ﬁant
1020 3392 1170 3463 (Isai.
1202 3410 1254 3461 x,
1288 3394 1403 3467 21),
1429 3395 1568 3451 sicut
1596 3395 1721 3450 dicit
1748 3396 1931 3451 Isaias.
1961 3396 2028 3451 Et

446 3479 603 3549 plane
627 3479 781 3537 facta:
808 3493 931 3538 sunt
960 3485 1199 3555 reliquim
1230 3487 1391 3542 salvae
1421 3505 1435 3541 :
1468 3487 1592 3542 inde
1621 3496 1771 3542 erant
1817 3488 2024 3543 duode-

446 3571 547 3625 cim
574 3572 835 3643 Aposmli,
864 3574 988 3631 inde
1011 3577 1127 3646 plus
1142 3592 1301 3647 quam
1324 3579 1597 3649 quingenti
1625 3579 1814 3634 fratres
1834 3577 2026 3649 quibus

448 3677 508 3719 se
532 3664 785 3725 Dominus
805 3666 1190 3725 demonstravit
1216 3681 1336 3740 post
1360 3674 1805 3728 resurrectionem
1830 3672 1884 3745 (Ι
1905 3674 2021 3727 Cor.

452 3772 543 3826 xv,
573 3758 657 3829 6);
687 3760 812 3817 inde
854 3769 935 3817 tot
978 3763 1144 3819 millia
1168 3764 1454 3836 baptizata,
1483 3783 1601 3837 quae
1636 3769 1802 3839 pretia
1844 3782 2025 3823 rerum

447 3864 661 3907 suarum
679 3862 803 3910 ante
827 3854 989 3926 pedes
1011 3858 1397 3927 Apostolorum
1422 3860 1693 3930 ponebant
1717 3860 2022 3931 (AClJl,IV).

444 3939 588 4012 Ergo
606 3944 881 4014 impletum
904 3955 985 4003 est
1002 3950 1146 4019 quod
1166 3950 1250 4005 hic
1272 3961 1487 4022 rogatus
1515 3961 1597 4007 est
1623 3952 1784 4018 Dens,
1805 3952 2025 4023 Pr0pter

447 4033 615 4089 David
638 4053 836 4092 servum
873 4048 1044 4109 luant,
1080 4058 1141 4095 ne
1166 4054 1359 4097 avertas
1388 4046 1567 4114 facient
1598 4044 1784 4099 Christi
1806 4046 1897 4098 tui.

520 4128 605 4183 18.
637 4127 787 4201 [vers.
820 4131 934 4204 11.]
963 4132 1163 4189 Iuravit
1197 4134 1447 4191 Dominus
1480 4136 1645 4190 David
1670 4139 1957 4203 veritatem,
1980 4144 2027 4191 et

452 4236 552 4275 non
593 4224 843 4291 paenitebit
870 4241 999 4279 eam.
1034 4226 1169 4293 Quid
1196 4237 1295 4295 est,
1315 4229 1547 4299 juravit?
1578 4230 1901 4283 Promissum
1930 4244 2027 4299 per

448 4312 684 4381 seipsum
726 4313 973 4370 ﬁrmavit.
1003 4317 1138 4384 Quid
1163 4328 1278 4387 est,
1309 4337 1407 4373 non
1439 4321 1687 4390 pcenitcbit
1725 4337 1836 4375 eam
1857 4323 1881 4376 ?
1906 4320 2023 4376 Non

438 4406 690 4460 ‘mutabit.
721 4406 835 4463 Non
867 4410 1007 4463 enim
1030 4411 1266 4465 dolorem
1294 4414 1618 4482 pmnilentitc
1650 4415 1843 4484 patitur
1863 4415 2021 4480 Deus,

434 4484 539 4547 'aut
568 4495 618 4548 in
638 4495 815 4565 aliquo
836 4498 1057 4565 fallitur,
1081 4509 1139 4553 ut
1163 4502 1289 4555 velit
1309 4505 1576 4572 corrigere
1603 4506 1653 4558 in
1676 4520 1780 4573 quo
1804 4505 2020 4559 erravit.

434 4582 551 4639 Sed
598 4587 863 4654 quomodo
910 4588 1179 4643 hominem
1220 4604 1337 4644 cum
1376 4594 1630 4661 panitet,
1664 4604 1867 4649 mutare
1910 4596 2023 4651 vult

450 4673 592 4744 quod
620 4674 773 4740 fecit;
804 4677 882 4733 sic
906 4677 997 4731 ubi
1037 4679 1189 4733 audis
1215 4680 1333 4749 quia
1368 4682 1588 4751 pmnitet
1613 4683 1776 4737 Deum
1797 4725 1813 4751 ,
1846 4692 2021 4739 muta-

440 4764 647 4821 tionem
675 4765 842 4837 ipsam
871 4783 1045 4839 spera.
1080 4770 1249 4825 Aliter
1275 4772 1414 4826 illam
1444 4774 1567 4827 facit
1600 4773 1756 4841 Deus,
1783 4776 2021 4845 quamvis

447 4857 665 4914 nomine
694 4861 1018 4929 poenitentiae
1044 4865 1294 4933 appellet,
1324 4866 1479 4921 aliter
1509 4876 1562 4922 tu
1587 4884 1598 4921 :
1630 4876 1682 4921 tu
1707 4869 1844 4923 enim
1872 4870 2018 4939 facis,

447 4953 568 5023 quia
608 4968 911 5021 erraveras;
945 4956 1032 5010 ille
1077 4967 1250 5012 autem
1298 4959 1455 5025 facit,
1481 4961 1600 5029 quia
1639 4962 1903 5028 vindicat,
1930 4972 2022 5019 aut

446 5043 572 5113 quia
618 5043 826 5100 liberat.
870 5047 1087 5103 Mutavit
1130 5064 1347 5119 regnum
1400 5053 1546 5118 Sail],
1577 5068 1695 5107 cum
1739 5054 2022 5123 poeniteret

449 5146 570 5190 eum
599 5136 733 5191 sicut
755 5138 949 5192 dictum
973 5149 1052 5193 est
1072 5157 1083 5193 :
1102 5150 1155 5195 et
1182 5141 1230 5194 in
1254 5157 1319 5197 eo
1346 5143 1461 5211 ipso
1491 5143 1607 5197 loco
1635 5144 1721 5199 ubi
1748 5146 2020 5217 Scriptura

428 5223 607 5292 ‘dicit,
634 5226 873 5283 Paenituit
899 5248 1042 5297 etttlt,‘
1067 5232 1133 5285 ibi
1162 5234 1321 5304 paulo
1352 5246 1466 5304 post
1496 5236 1715 5305 dicitur,
1744 5238 1865 5293 Non
1891 5242 2021 5294 enim

447 5317 520 5372 sic
548 5328 620 5373 est
648 5327 701 5373 ut
728 5320 897 5387 homo,
928 5330 980 5375 ul
1008 5325 1243 5393 pteniteat
1280 5343 1392 5379 eum
1420 5327 1471 5399 (l
1508 5328 1631 5397 Reg.
1663 5345 1751 5397 xv,
1784 5332 1873 5398 11,
1900 5330 2016 5405 29).

446 5405 579 5464 Cum
607 5425 735 5481 ergo
761 5423 927 5469 mutat
963 5430 1123 5484 Opera
1151 5433 1242 5471 sua
1272 5434 1366 5487 per
1394 5420 1820 5477 incommutabile
1847 5425 2022 5481 consi-

430 5497 575 5554 ilium
601 5516 753 5557 suum
780 5522 793 5571 ;
825 5516 1040 5575 propter
1068 5509 1265 5578 ipsam,
1292 5526 1394 5564 non
1435 5515 1675 5579 consilii,
1708 5515 1800 5569 sed
1839 5519 2019 5586 operis

418 5591 818 5661 .mutationem,
842 5598 1104 5665 ptrnitere
1123 5598 1337 5655 dicitur.
1370 5602 1481 5657 Hoc
1508 5614 1681 5659 autem
1722 5610 1798 5661 sic
1822 5609 2017 5679 promi-

438 5682 550 5750 sit,
580 5690 771 5741 utnon
803 5698 1053 5745 mutaret.
1075 5691 1353 5760 Quomodo
1381 5694 1573 5750 dicitur
1599 5708 1651 5751 et
1681 5699 1827 5757 illud,
1858 5702 2015 5753 Jam-

416 5772 513 5836 ‘vit
541 5775 825 5851 Dominus,
853 5791 901 5839 et
930 5800 1030 5840 non
1053 5788 1301 5857 pwnitebit
1323 5803 1433 5845 eum
1453 5830 1469 5859 ,
1494 5787 1574 5846 Tu
1615 5807 1667 5847 es
1702 5793 1934 5851 sacerdos
1962 5795 2015 5850 in

1630 340 1712 404 ‘s.
1753 342 2120 405 sucus'rnu
2155 304 2457 403 EPISCOPI

3583 334 3765 410 im

2149 465 2411 523 internum,
2440 457 2713 512 secundum
2742 457 2969 514 ordinem
3026 457 3360 517 Melchisedee
3409 458 3582 535 (Psat.
3611 482 3721 536 crx,

2144 551 2200 623 4)
2231 569 2243 604 :
2270 552 2346 609 sic
2386 563 2439 604 et
2468 551 2569 605 hoc
2594 552 2717 621 quia
2747 554 2819 607 ita
2850 553 3168 623 promissum
3195 564 3299 624 est,
3328 566 3386 612 ut
3412 573 3518 614 non
3548 572 3725 617 muta-

2144 650 2311 707 retur,
2342 643 2463 711 quia
2494 644 2797 699 necessario
2820 643 3050 699 futurum
3078 656 3191 701 erat
3214 658 3267 703 et
3291 664 3721 723 permansurum;

2140 733 2295 801 dixit,
2318 735 2516 789 Iuravit
2539 735 2784 793 Dominus
2814 736 2978 793 David
3003 740 3277 809 veritatem,
3300 752 3348 797 et
3384 761 3483 799 non
3510 748 3723 817 ρωπία-

2142 824 2210 879 bit
2234 843 2345 881 eam
2370 825 2487 881 :Ex
2506 828 2672 898 fructu
2700 833 2879 885 ventris
2905 832 2978 884 tui
2999 848 3182 901 ponam
3203 851 3355 904 super
3373 838 3538 890 sedem
3559 846 3720 893 tuam.

2141 915 2355 973 Poterat
2398 920 2610 988 dicere,
2654 922 2732 977 Ex
2784 922 2956 978 fructu
3003 925 3223 980 femoris
3268 928 3342 981 tui
3374 947 3387 981 :
3415 944 3607 998 quare,
3638 929 3724 985 Ea:

2140 1013 2307 1080 fructu
2334 1013 2515 1068 ventris
2537 1054 2551 1076 ,
2580 1015 2744 1070 voluit
2765 1016 2983 1072 dicere?
3012 1016 3081 1071 Et
3109 1018 3234 1074 illud
3261 1020 3475 1089 quidem
3503 1023 3547 1077 si
3577 1023 3724 1092 dice-

2140 1111 2244 1167 ret,
2276 1118 2461 1158 verum
2500 1104 2738 1161 diceret:
2770 1106 2863 1162 sed
2895 1109 3282 1178 significantius
3307 1109 3487 1167 dicere
3517 1114 3719 1183 voluit,

2140 1190 2225 1245 Ex
2250 1196 2422 1265 fracta
2448 1197 2665 1261 ventris;
2691 1199 2814 1268 quia
2851 1199 2921 1255 de
2947 1199 3140 1255 femina
3170 1212 3323 1257 natus
3351 1214 3433 1259 est
3452 1203 3719 1275 Christus,

2140 1300 2247 1356 quo
2275 1287 2353 1341 vir
2393 1303 2498 1359 non
2530 1292 2771 1344 accessit.

2208 1377 2297 1431 19.
2329 1376 2476 1451 [vers.
2511 1378 2621 1452 12.]
2653 1380 2790 1447 Quid
2832 1383 3001 1453 ergo?
3026 1382 3230 1438 Iuravit
3276 1384 3521 1442 Dominus
3550 1387 3721 1443 David

2135 1469 2437 1524 veritatem:
2468 1469 2551 1525 Ex
2578 1476 2744 1543 fructu
2784 1476 2967 1529 ventris
3007 1477 3080 1529 tui
3128 1494 3314 1548 ponam
3352 1496 3503 1548 super
3552 1482 3720 1535 sedem

2136 1567 2293 1613 tuam.
2336 1561 2395 1614 Si
2436 1565 2762 1617 custodierint
2815 1567 2909 1633 ﬁlii
2937 1568 3007 1619 tui
3050 1577 3393 1623 testamentum
3441 1587 3639 1637 meum,
3672 1581 3720 1626 et

2136 1651 2417 1705 testimonia
2445 1670 2554 1707 mea
2580 1656 2687 1708 [nec
2714 1673 2826 1726 qua:
2856 1657 3038 1711 docebo
3066 1659 3217 1725 illos;
3242 1670 3287 1713 et
3310 1662 3406 1727 ﬁlii
3430 1678 3597 1715 eorum
3633 1680 3716 1717 se—

2134 1740 2319 1796 debant
2345 1760 2499 1815 usque
2526 1746 2579 1799 in
2604 1756 2845 1801 (eternam
2868 1765 3018 1821 super
3039 1751 3205 1805 sedem
3234 1761 3389 1806 tuam.
3426 1752 3481 1807 Si
3509 1754 3600 1807 ﬁlii
3641 1754 3715 1808 tui

2133 1834 2520 1904 custodierint,
2564 1846 2618 1892 et
2663 1837 2752 1891 ﬁlii
2793 1854 2976 1894 eorum
3020 1840 3280 1896 sedchunt
3341 1843 3391 1895 in
3432 1855 3713 1898 aeternum.

2131 1923 2377 1980 Meritum
2406 1927 2529 1983 ﬁliis
2552 1938 2799 1999 parentes
2836 1930 3052 1985 faciunt.
3077 1932 3213 1999 Quid
3239 1933 3283 1987 si
3309 1932 3404 1987 filii
3438 1934 3598 2002 ipsius
3620 1950 3717 1989 cu-

2132 2018 2424 2088 stodirent,
2456 2028 2510 2073 et
2549 2021 2642 2075 lilii
2685 2034 2870 2077 eorum
2900 2038 3003 2077 non
3048 2025 3417 2079 custodirent?
3439 2025 3613 2093 Quare
3647 2027 3715 2081 ad

2132 2110 2382 2165 meritum
2403 2121 2613 2180 patrum
2644 2113 2967 2181 promittitur
2992 2114 3260 2169 beatitudo
3291 2115 3554 2170 ﬁliorum?
3577 2117 3716 2183 Quid

2130 2195 2273 2248 enim
2296 2195 2388 2263 ait,
2422 2196 2485 2249 Si
2512 2196 2835 2249 custodierint
2862 2197 2959 2266 ﬁlii
2985 2199 3075 2262 tui,
3104 2208 3150 2251 et
3174 2199 3271 2267 ﬁlii
3291 2216 3462 2253 eorum
3476 2200 3717 2254 sedebant

2129 2283 2183 2337 in
2212 2294 2451 2338 azternam
2479 2285 2607 2354 (non
2629 2288 2722 2353 ait,
2752 2287 2807 2342 Si
2838 2288 3188 2343 custodierint
3215 2289 3307 2343 ﬁlii
3331 2291 3425 2355 tui,
3456 2290 3718 2347 sedebunt

2130 2390 2289 2447 super
2320 2378 2502 2432 sedem
2533 2386 2711 2444 tuam;
2741 2388 2795 2435 et
2821 2380 2864 2433 si
2895 2381 3242 2435 custodierint
3279 2382 3373 2436 ﬁlii
3403 2398 3586 2437 eorum
3613 2424 3627 2448 ,
3661 2392 3717 2440 et

2128 2470 2228 2541 ipsi
2262 2472 2520 2527 sedebant
2546 2489 2706 2542 super
2732 2474 2912 2527 sedem
2938 2483 3078 2528 tuam
3110 2492 3122 2527 :
3157 2475 3248 2529 sed
3280 2474 3373 2541 ait,
3408 2476 3469 2529 Si
3509 2476 3603 2544 ﬁlii
3639 2477 3715 2530 tui

2129 2564 2455 2618 custodierint
2473 2605 2487 2630 ,
2517 2572 2561 2617 et
2585 2565 2679 2633 ﬁlii
2706 2581 2875 2617 eorum
2902 2564 3138 2618 sedebant
3163 2582 3311 2636 super
3334 2567 3499 2619 sedem
3526 2567 3711 2637 tuam),

2130 2654 2229 2708 nisi
2258 2656 2378 2724 quia
2397 2656 2534 2710 ﬁlios
2561 2654 2648 2709 hic
2677 2656 2842 2709 voluit
2870 2656 3087 2726 intelligi
3116 2656 3317 2711 fructus
3344 2656 3617 2726 ipsorum?
3649 2658 3713 2713 Si

2129 2746 2225 2815 ﬁlii
2248 2748 2340 2812 tui,
2357 2746 2543 2817 inquit,
2564 2747 2887 2801 custodierint
2913 2748 3069 2816 legem
3090 2757 3323 2813 meum,“
3345 2749 3582 2801 mandata
3599 2766 3711 2802 mea

2130 2837 2236 2891 hinc
2260 2854 2373 2907 qua:
2400 2839 2583 2893 docebo
2614 2856 2697 2894 eos
2726 2840 3053 2893 servaverint
3085 2839 3177 2893 ﬁlii
3209 2841 3315 2903 tui;
3348 2848 3394 2893 ct
3417 2841 3511 2907 ﬁlii
3537 2858 3714 2895 eorum

2128 2930 2366 2983 sedebant
2404 2947 2553 3000 super
2587 2932 2753 2985 sedem
2801 2942 2937 2987 tuam
2970 2948 2985 2985 .'
3017 2930 3067 2987 id
3103 2942 3212 2995 est,
3238 2931 3325 2986 hic
3369 2932 3468 2987 erit
3510 2932 3714 2987 fructus

2130 3020 2387 3089 ipsorum,
2418 3031 2474 3076 ut
2506 3022 2725 3077 sedeant
2762 3038 2921 3093 super
2946 3024 3127 3078 sedem
3175 3036 3336 3079 tuam.
3365 3023 3519 3079 Modo
3543 3025 3705 3089 enim,

2128 3114 2319 3169 fratres
2340 3156 2354 3181 ,
2379 3130 2565 3169 omnes
2589 3116 2677 3186 qui
2710 3116 3013 3172 laboramus
3046 3118 3096 3172 in
3125 3114 3339 3173 Christo
3358 3158 3373 3183 ,
3405 3131 3591 3173 omnes
3619 3117 3710 3187 qui

2129 3206 2590 3263 contremiscimus
2631 3208 2792 3263 verba
2838 3209 3036 3277 ipsius,
3081 3209 3173 3279 qui
3217 3210 3712 3279 quomodocumque

2129 3311 2385 3352 conamur
2430 3298 2601 3354 facere
2646 3300 2972 3354 voluntatem
3002 3300 3195 3370 ipsius,
3225 3309 3278 3355 et
3316 3302 3713 3371 ingemiscimus

2129 3400 2371 3461 petentes
2400 3399 2455 3445 ut
2475 3391 2686 3461 adjuvet
2716 3406 2844 3459 nos,
2875 3406 2980 3462 quo
3006 3392 3323 3463 impleamus
3349 3393 3490 3463 quod
3510 3393 3663 3463 jubet
3690 3410 3705 3461 ;

2130 3483 2385 3554 numquid
2410 3486 2518 3554 jam
2542 3484 2789 3540 sedemus
2835 3486 2887 3540 in
2926 3486 3033 3539 illis
3073 3485 3288 3541 sedibus
3330 3486 3705 3551 beatitudinis,

2130 3590 2248 3647 quae
2280 3576 2433 3630 nobis
2460 3578 2873 3646 promittuntur?
2900 3575 3048 3632 Non:
3075 3578 3169 3633 sed
3197 3577 3441 3632 mandata
3468 3587 3711 3634 tenentes

2129 3681 2406 3739 speramus
2428 3667 2529 3723 hoc
2554 3668 2807 3723 futurum.
2825 3668 2937 3739 Ipsa
2957 3683 3079 3738 spes
3097 3678 3343 3739 tauquam
3360 3670 3414 3723 in
3434 3670 3552 3724 ﬁliis
3567 3670 3707 3725 dicta

2128 3767 2210 3815 est
2235 3762 2273 3825 ¹;
2293 3761 2413 3829 quia
2440 3759 2672 3815 hominis
2698 3760 2753 3815 in
2780 3759 2879 3815 hac
2916 3761 3019 3815 vita
3042 3761 3265 3816 viventis
3298 3776 3421 3832 spes
3444 3758 3537 3815 ﬁlii
3560 3769 3706 3830 sunt,

2129 3850 2332 3907 fructus
2354 3852 2444 3906 ﬁlii
2461 3852 2894 3922 sunt.Propterea
2919 3860 2975 3908 et
2994 3852 3236 3909 homines
3252 3861 3566 3908 excusantes
3582 3867 3711 3908 ava-

2128 3942 2304 3997 ritiam
2326 3942 2695 4007 suam,dicunt
2719 3958 2779 3997 se
2798 3942 2917 3998 ﬁliis
2944 3944 3054 3999 suis
3075 3958 3289 3999 servare
3308 3943 3447 4014 quod
3469 3951 3702 4010 servant;

2130 4039 2184 4087 et
2207 4032 2450 4087 nolentes
2496 4033 2625 4088 dare
2671 4033 2835 4104 inopi,
2859 4034 3070 4104 pietatis
3104 4035 3319 4089 nomine
3342 4048 3401 4089 se
3428 4044 3705 4101 excusant,

2128 4122 2248 4193 quia
2296 4123 2387 4177 ﬁlii
2425 4138 2609 4179 eorum
2653 4138 2775 4194 spes
2820 4140 3006 4180 eorum
3054 4134 3195 4181 sunt.
3225 4125 3422 4181 Omnes
3463 4126 3706 4180 homines

2129 4216 2269 4271 enim
2292 4217 2378 4288 qui
2409 4216 2698 4273 secundum
2728 4217 2830 4273 hoc
2858 4219 3108 4273 smculum
3130 4220 3343 4283 vivunt,
3372 4234 3521 4289 spem
3552 4232 3703 4273 suam

2128 4307 2349 4372 dicunt,
2377 4307 2517 4363 ﬁlios
2565 4323 2823 4379 generare
2868 4317 2921 4363 et
2967 4310 3291 4379 relinquere.
3341 4308 3465 4364 Ideo
3492 4310 3708 4364 nomine

2128 4400 2356 4454 ﬁliorum
2403 4415 2552 4469 spem
2601 4400 2769 4469 ipsam
2806 4402 2997 4469 posuit,
3026 4410 3077 4455 et
3118 4402 3227 4467 ait,
3276 4401 3338 4455 Si
3380 4402 3708 4455 custodierint

2128 4492 2225 4560 ﬁlii
2250 4494 2320 4545 tui
2343 4501 2691 4547 leslamcntum
2727 4510 2911 4561 meum,
2936 4504 2983 4547 et
3011 4494 3292 4548 testimonia
3319 4510 3432 4546 mea
3454 4494 3563 4548 huc
3593 4508 3708 4562 qua

2129 4586 2311 4639 docebo
2339 4586 2456 4639 illos
2472 4603 2491 4650 ;
2518 4593 2567 4638 ct
2590 4585 2687 4651 ﬁlii
2718 4601 2886 4638 eorum
2913 4584 3150 4638 sedebant
3195 4585 3251 4638 in
3288 4592 3531 4638 internum
3555 4600 3708 4653 super

2126 4676 2295 4732 sedem
2338 4686 2475 4729 tuam
2520 4691 2538 4730 :
2567 4676 2619 4731 id
2651 4684 2765 4741 est,
2790 4677 2921 4731 tales
2950 4674 3152 4731 fructus
3179 4673 3475 4741 habebunt,
3501 4683 3559 4730 ut
3583 4688 3707 4745 spes

2128 4782 2219 4825 eos
2241 4782 2345 4822 non
2374 4768 2540 4835 fallat,
2572 4776 2630 4822 ut
2658 4766 2781 4821 illuc
2809 4766 3024 4822 veniant
3047 4781 3154 4837 quo
3178 4774 3394 4837 sperant
3416 4780 3476 4822 se
3511 4775 3704 4822 ventu—

2126 4874 2235 4914 ros.
2263 4859 2419 4914 Modo
2449 4874 2577 4930 ergo
2604 4867 2857 4929 tanquam
2898 4867 3075 4927 patres
3119 4864 3274 4921 sunt,
3304 4856 3547 4912 homines
3586 4856 3705 4925 spei

2125 4949 2315 5005 futura:
2340 4969 2352 5005 :
2384 4967 2505 5005 cum
2534 4958 2713 5005 autem
2744 4949 2921 5018 adepti
2948 4948 3142 5003 fuerint
3162 4948 3301 5017 quod
3335 4954 3578 5018 sperant,
3606 4945 3706 5003 ﬁlii

2126 5052 2280 5111 sunt;
2332 5044 2453 5114 quia
2501 5043 2629 5097 illud
2676 5042 2818 5113 quod
2865 5040 3258 5110 adipiscuntur,
3290 5048 3611 5109 pepererunt
3649 5047 3707 5096 et

2123 5146 2516 5205 generari-runt
2545 5136 2598 5189 in
2625 5134 2873 5205 Operibus
2899 5132 3010 5187 suis
3031 5134 3075 5184 ¹.
3106 5132 3175 5185 Ει
3202 5131 3304 5186 hoc
3332 5131 3437 5186 illis
3460 5138 3707 5186 servatur

2124 5228 2177 5283 in
2207 5237 2512 5300 posterum,
2541 5229 2665 5300 quia
2702 5236 2758 5285 et
2793 5228 2906 5298 ipsa
2950 5226 3237 5297 posteritas
3277 5226 3332 5280 in
3361 5224 3486 5280 ﬁliis
3514 5222 3707 5293 appel~

2122 5322 2220 5378 lari
2246 5324 2396 5379 solet.

2193 5416 2281 5470 ΩΟ.
2324 5417 2428 5468 Aut
2453 5413 2496 5467 si
2526 5412 2663 5467 ﬁlios
2686 5412 2831 5482 ipsos
2855 5411 3099 5466 homines
3127 5410 3323 5480 accipis
3341 5450 3357 5475 ,
3388 5407 3623 5479 intellige
3651 5416 3706 5465 et

2124 5508 2189 5563 de
2230 5507 2356 5577 ipsis
2388 5506 2617 5570 dictum,
2652 5503 2713 5558 Si
2750 5503 3078 5557 custodierint
3109 5503 3205 5571 ﬁlii
3245 5502 3319 5555 tui
3356 5510 3705 5556 testamentum

2128 5615 2286 5654 meum
2305 5638 2320 5665 ,
2349 5607 2393 5650 et
2428 5597 2707 5650 testimonia
2744 5612 2854 5650 mea
2882 5596 2989 5649 hcc
3016 5609 3130 5666 qua:
3152 5593 3337 5648 docebo
3364 5608 3449 5648 eos
3459 5608 3481 5660 ,'
3518 5601 3577 5648 ut
3600 5591 3707 5649 ista

2188 5737 2204 5803 ξ
2233 5734 2419 5803 Aliquot
2436 5742 2563 5803 Mss”
2580 5735 2695 5803 data
2715 5740 2784 5803 est
3067 5794 3097 5803 __
3248 5792 3259 5803 ,

2186 5800 2207 5831 ³
2230 5794 2362 5863 Μαι,
2385 5796 2605 5863 operibus
2623 5797 2768 5849 bonis.
2793 5804 2918 5860 uss,
2943 5794 3167 5859 operibus
3184 5794 3299 5847 suis.
