4074 6522
340 519 432 575 sit
458 529 664 574 sensus
691 531 708 570 :
739 509 804 571 Si
825 509 1152 568 curtodierint
1174 508 1269 578 ﬁlii
1292 507 1367 564 tui
1386 515 1737 566 testamentum
1759 519 1958 572 nteant,

346 618 408 666 "et
442 607 743 665 testimonia
768 621 883 660 mea
909 607 1017 660 hac
1040 618 1154 675 qua
1180 602 1366 657 docebo
1390 601 1535 666 illos,
1568 608 1616 654 et
1643 599 1739 668 ﬁlii
1769 613 1960 665 eorum,

349 699 416 757 id
443 708 564 768 est,
589 699 638 756 si
659 695 1040 763 custodierint;
1071 703 1130 750 ut
1152 694 1238 750 hic
1261 692 1676 763 subdistinguas,
1695 698 1750 745 et
1768 688 1965 746 deinde

341 792 598 860 inferas,
626 791 868 846 redebunt
891 789 948 844 in
971 797 1215 845 tetanum
1233 802 1386 858 super
1407 785 1576 842 sedem
1599 792 1756 850 tuam,
1777 781 1835 837 id
1860 789 1962 849 est,

338 893 420 941 ιιι
449 884 558 942 ﬁlii
587 883 665 940 tui
693 893 752 939 ct
785 882 881 937 ﬁlii
913 896 1130 949 eorum,
1169 878 1265 936 sed
1299 892 1485 934 omnes
1515 877 1560 932 si
1587 874 1961 931 'custodierint.

337 977 517 1046 Quid
551 992 680 1049 ergo
708 977 755 1032 si
793 991 900 1032 non
933 973 1312 1032 custodierint?
1340 972 1497 1044 periit
1522 969 1804 1041 promissio
1835 965 1963 1022 Dei?

339 1071 487 1127 Non
517 1089 534 1126 :
569 1070 668 1127 sed
701 1069 823 1128 ideo
857 1067 1057 1126 dictum
1099 1076 1213 1134 est,
1255 1076 1312 1123 et
1341 1066 1462 1122 ideo
1500 1063 1815 1135 promissum
1849 1069 1960 1128 est,

353 1165 494 1235 quia
537 1162 784 1235 praevidit
817 1164 836 1195 ί
867 1162 1035 1228 Deus;
1067 1161 1193 1233 quid
1217 1202 1233 1228 ,
1263 1161 1369 1214 nisi
1396 1156 1728 1214 credituros?
1765 1154 1870 1211 Sed
1897 1168 1965 1208 ne

359 1257 568 1327 aliquis
588 1255 742 1327 quasi
764 1255 1058 1311 minaretur
1082 1252 1354 1324 promissis
1380 1251 1496 1316 Dei,
1523 1250 1654 1305 etin
1675 1253 1964 1319 postestate

306 1398 321 1430 λ
355 1361 464 1403 sua
494 1348 660 1406 vellet
686 1362 889 1418 ponere
917 1344 1059 1417 quod
1092 1343 1337 1416 promisit
1364 1344 1504 1398 Deus
1537 1350 1595 1396 ut
1623 1339 1958 1409 impleretur;

340 1437 492 1494 ideo
515 1448 573 1495 et
579 1441 775 1511 juravit
794 1439 927 1494 dixit
945 1440 965 1470 ³
991 1456 1004 1488 :
1029 1438 1081 1492 in
1109 1451 1214 1507 quo
1243 1435 1473 1492 ostendit
1496 1433 1620 1505 quia
1661 1433 1777 1488 sine
1803 1429 1964 1486 dubio

340 1538 659 1587 venturum
691 1539 792 1586 est.
821 1529 1100 1598 Quomodo
1128 1543 1257 1598 ergo
1289 1528 1466 1598 posuit
1491 1527 1597 1590 ibi,
1631 1525 1691 1580 Si
1719 1522 1965 1578 custodie-

1510 389 1905 451 ENARRATIO
1937 389 2012 448 ιιι
2027 388 2362 450 ῬΒΑΙιΜΗΜ
2381 395 2625 456 CXXXI.

2067 522 2193 562 trum
2212 550 2225 572 ,
2251 517 2297 562 et
2329 513 2548 580 persistit
2577 514 2631 568 in
2654 511 2885 584 precibus
2905 513 2954 568 et
2979 512 3398 574 obsecrationibus
3419 531 3562 578 nocte
3589 534 3655 580 ad

2062 598 2170 654 die.
2191 599 2269 654 lbi
2293 602 2538 672 subjecit,
2559 604 2684 670 Quae
2705 614 2874 661 autent
2892 608 2946 661 in
2967 607 3158 664 deliciis
3183 609 3308 680 agit,
3336 611 3501 667 vivens
3516 629 3653 670 mor-

2063 700 2157 744 tua
2179 701 2252 746 est
2272 692 2315 764 (Ι
2337 692 2470 748 Tim.
2495 710 2552 762 v,
2571 696 2625 762 5,
2645 696 2723 770 6).
2744 697 2894 754 Unde
2921 714 3050 770 ergo
3065 699 3222 756 vidua
3252 703 3368 757 est?
3388 702 3521 772 Quia
3543 720 3655 764 non

2065 782 2230 838 habet
2259 785 2515 841 auxilium
2544 787 2774 856 aliunde,
2807 791 2910 844 nisi
2934 790 3100 847 solius
3128 792 3246 848 Dei.
3269 793 3381 848 lllae
3403 810 3522 864 qua:
3550 795 3653 852 ha-

2068 873 2196 930 bent
2243 876 2423 946 viros,
2467 879 2618 948 quasi
2662 881 2976 950 superbiant
3018 883 3087 939 de
3131 884 3328 940 auxilio
3356 885 3592 946 virorum
3631 903 3649 944 :

2065 967 2292 1023 deserta:
2336 971 2583 1028 videntur
2618 974 2790 1030 viduae
2813 1015 2828 1044 ,
2875 985 2930 1030 et
2963 975 3236 1032 robustius
3273 987 3356 1033 est
3388 980 3651 1040 auxilium

2065 1072 2272 1113 earum.
2292 1060 2433 1130 Ergo
2455 1070 2560 1118 tota
2586 1064 2820 1120 Ecclesia
2841 1081 2948 1122 una
2967 1067 3124 1122 vidua
3149 1078 3250 1133 est,
3283 1072 3394 1124 sive
3421 1070 3478 1124 in
3500 1071 3649 1140 viris,

2070 1151 2182 1205 sive
2211 1152 2263 1205 in
2299 1152 2508 1210 feminis
2527 1197 2543 1222 ,
2575 1157 2687 1214 sive
2715 1158 2770 1212 in
2799 1159 3092 1230 conjugatis
3114 1201 3131 1226 ,
3163 1162 3275 1217 sive
3312 1162 3364 1216 in
3393 1163 3654 1222 maritatis

2061 1242 2283 1304 feminis
2300 1285 2312 1309 ,
2341 1245 2456 1302 sive
2485 1247 2540 1302 in
2565 1249 2992 1308 adolescentibus
3009 1293 3024 1320 ,
3050 1253 3164 1310 sive
3191 1255 3246 1308 in
3267 1255 3510 1322 senibus,
3541 1257 3653 1312 sive

2057 1335 2125 1390 in
2149 1335 2440 1406 virginibus
2463 1355 2478 1394 :
2501 1342 2674 1398 omnis
2712 1343 2946 1398 Ecclesia
2975 1361 3075 1400 una
3103 1345 3258 1400 vidua
3289 1354 3410 1412 est,
3439 1346 3653 1402 deserta

2069 1428 2124 1482 in
2157 1430 2257 1484 boc
2285 1431 2513 1498 saeculo,
2562 1433 2607 1487 si
2649 1436 2811 1489 sentit
2853 1436 3018 1501 illud,
3063 1439 3108 1492 si
3151 1439 3300 1494 novit
3340 1438 3654 1495 viduitatem

2053 1535 2255 1588 suam;
2305 1534 2431 1580 tunc
2469 1527 2613 1582 enim
2659 1529 2912 1583 auxilium
2961 1529 3166 1599 praesto
3196 1541 3279 1587 est
3323 1532 3420 1587 illi.
3464 1531 3654 1588 Nonne

337 1622 510 1678 ,νίκη
541 1621 623 1678 Ne
641 1622 754 1692 jam
781 1620 1023 1692 glorieris
1044 1620 1112 1675 de
1137 1619 1433 1689 promissis,
1461 1627 1516 1672 et
1529 1616 1763 1671 dimittas
1785 1625 1836 1669 te
1858 1629 1964 1668 non

336 1712 667 1769 .custodire.
682 1711 833 1767 Tunc
854 1711 958 1766 eris
985 1710 1124 1765 ﬁlius
1146 1709 1332 1772 David,
1358 1709 1402 1763 si
1429 1706 1772 1769 custodieris;
1799 1705 1844 1759 si
1870 1718 1966 1760 au-

337 1811 483 1870 item
533 1817 638 1858 non
660 1843 675 1866 ,
707 1817 812 1856 non
845 1800 950 1854 eris
975 1800 1114 1854 ﬁlius
1141 1798 1328 1853 David.
1360 1797 1506 1852 Filiis
1535 1795 1696 1850 David
1724 1793 1966 1862 promisit

2053 1616 2368 1684 agnoscitis.
2413 1619 2566 1672 istam
2619 1619 2830 1673 viduam
2871 1621 2924 1674 iu
2955 1622 3268 1693 Evangelia,
3295 1622 3490 1680 fratres
3514 1622 3654 1691 mei,

2051 1717 2190 1761 4cum
2221 1709 2425 1765 diceret
2455 1712 2713 1766 Dominus
2741 1720 2990 1782 oportere
3015 1729 3225 1784 semper
3247 1731 3404 1780 orare
3426 1755 3442 1783 ,
3470 1724 3526 1770 et
3547 1729 3656 1771 non

2050 1798 2346 1854 deﬁcere?
2374 1800 2500 1855 Erat
2527 1802 2735 1872 quidam
2750 1804 2913 1874 judex
2937 1805 2989 1858 in
3015 1805 3211 1859 civitate
3230 1845 3247 1873 ,
3272 1806 3437 1874 dixit,
3457 1805 3545 1875 qui
3567 1821 3656 1861 nec

335 1894 540 1952 Deus.
567 1893 686 1950 Noli
715 1893 914 1956 dicere,
938 1891 1103 1948 Filius
1129 1906 1248 1946 sum
1279 1890 1468 1954 David,
1500 1890 1545 1944 si
1576 1888 1886 1957 degeneras.
1907 1886 1962 1944 Si

359 1987 549 2048 Judaei
570 1987 705 2047 illud
735 2002 839 2042 non
873 1985 1088 2051 dicunt,
1123 1985 1210 2053 qui
1243 1984 1311 2038 de
1343 1984 1457 2053 ipsa
1490 1982 1656 2050 stirpe
1695 1980 1806 2034 nati
1841 1985 1965 2034 sunt

335 2079 519 2150 .(imo
544 2078 728 2135 dicunt
764 2077 920 2144 illud,
954 2076 1048 2132 sed
1086 2076 1329 2131 delirant.
1368 2076 1564 2144 Aperte
1596 2074 1740 2128 enim
1777 2071 1963 2127 Domi-

342 2186 477 2228 .nus
503 2170 623 2229 ait:
666 2169 726 2226 Si
769 2169 864 2237 filii
907 2167 1124 2224 Abt-alue
1166 2167 1313 2232 estis,
1363 2169 1498 2236 facta
1551 2162 1764 2218 Abraluz
1815 2162 1966 2232 facite

356 2263 566 2337 [Ῑοαιι.
592 2278 685 2319 vnt
704 2304 719 2330 ,
746 2259 859 2333 59].
895 2260 1023 2316 inde
1055 2258 1178 2313 illos
1217 2256 1428 2326 negavit
1455 2256 1592 2311 filios
1612 2295 1628 2322 ,
1679 2255 1800 2324 quia
1827 2253 1964 2309 facta

359 2371 479 2412 non
504 2356 826 2424 faciebant);
849 2367 948 2408 nos
965 2350 1234 2422 quomodo
1255 2365 1352 2405 nos
1373 2349 1598 2404 dicimus
1617 2345 1960 2411 ﬁlios'David,

337 2449 462 2520 .qui
509 2449 576 2506 de
619 2448 738 2517 ejus
764 2446 942 2516 stirpe
994 2459 1111 2498 non'
1146 2456 1328 2497 smnus
1389 2439 1681 2497 secundum
1710 2437 1964 2494 carnem?

361 2541 564 2598 Restat
583 2549 641 2596 ut
663 2539 756 2595 ﬁlii
783 2553 890 2594 non
916 2537 1104 2602 simus,
1125 2535 1225 2590 nisi
1255 2532 1512 2588 imitando
1537 2531 1719 2596 ﬁdem,
1747 2530 1852 2585 nisi
1873 2543 1966 2585 co-

331 2632 540 2689 .lendo
571 2633 734 2690 Deum
755 2672 770 2696 ,
813 2631 948 2685 sicut
979 2628 1069 2682 ille
1108 2626 1288 2681 coluit.
1328 2625 1386 2682 Si
1418 2639 1545 2692 ergo
1572 2622 1714 2693 quod
1743 2621 1836 2677 tibi
1869 2635 1967 2691 per

366 2725 600 2795 stirpem
640 2736 746 2778 non
771 2735 983 2790 Speras,
1011 2733 1108 2789 per
1134 2716 1270 2771 facta
1301 2730 1409 2771 non
1436 2714 1518 2770 vis
1557 2713 1802 2782 assequi;
1830 2725 1964 2782 quo-

365 2812 542 2870 modo
583 2813 638 2868 in
682 2820 734 2868 te
775 2809 1122 2880 eomplebitur
1169 2807 1290 2878 quia
1333 2804 1542 2861 sedebis
1582 2817 1744 2874 super
1781 2801 1965 2858 sedem

359 2903 590 2960 David?
617 2912 674 2959 et
710 2903 756 2958 si
796 2917 904 2958 non
936 2901 990 2956 in
1028 2909 1081 2956 te
1117 2897 1497 2968 complebitur,
1522 2903 1674 2966 putas
1705 2893 1829 2964 quia
1855 2907 1965 2948 non

365 2995 769 3066 complebitur?
793 2993 861 3050 Et
879 2992 1148 3064 quomodo
1169 2990 1376 3047 invenit
1401 3004 1518 3046 eam
1545 2989 1602 3044 in
1626 2986 1830 3056 campis
1855 2985 1964 3042 sal-

367 3087 567 3142 tuum?
595 3094 650 3143 et
675 3085 943 3158 quomodo
972 3091 1232 3139 steterunt
1260 3081 1422 3152 pedes
1447 3080 1600 3151 ejus?
1627 3078 1964 3147 Qualiscum-

335 3227 342 3240 .
367 3193 480 3254 que
509 3192 638 3254 ergo
664 3178 844 3242 lueris,
876 3175 964 3231 illa
990 3176 1181 3231 domus
1203 3173 1385 3229 stabit.

443 3271 537 3330 Sil.
577 3268 732 3348 {rem
764 3268 874 3348 lii]
897 3269 1152 3341 Quoniam
1183 3265 1328 3344 elegit
1348 3262 1598 3326 Dominus
1629 3263 1795 3334 Sion;
1831 3286 1938 3340 pra:

329 3381 332 3388 '
365 3367 522 3438 elegit
547 3382 660 3422 eam
681 3368 735 3421 in
763 3365 1120 3420 habitationem
1143 3363 1257 3419 sibi.
1285 3364 1414 3419 Sion
1443 3361 1557 3431 ipsa
1581 3371 1664 3418 est
1695 3361 1956 3428 Ecclesia,

324 3493 330 3499 -
367 3462 489 3532 ipsa
527 3470 620 3518 est
657 3471 712 3518 et
750 3462 841 3517 illa
867 3461 1164 3517 Jerusalem
1191 3459 1259 3514 ad
1286 3457 1440 3528 cujus
1465 3470 1650 3528 pacem
1673 3455 1960 3521 currimus,

366 3570 496 3626 qua:
524 3569 635 3611 non
660 3555 716 3609 in
745 3554 993 3625 Angelis,
1026 3554 1122 3610 sed
1157 3553 1213 3608 in
1239 3550 1393 3607 nobis
1427 3548 1815 3621 peregrinatur,
1847 3561 1967 3617 qua:

325 3663 338 3701 :
365 3661 444 3704 ex
479 3655 636 3718 parte
673 3645 894 3702 meliore
929 3653 1203 3715 exspectat
1235 3651 1440 3713 partem
1471 3640 1796 3705 redituram;
1826 3636 1968 3693 unde

2069 1889 2233 1944 Deum
2261 1892 2498 1959 timebat,
2531 1910 2620 1948 nec
2649 1896 2903 1949 hominem
2925 1897 3270 1960 reverebatur;
3293 1905 3340 1950 et
3363 1896 3657 1968 interpella-

2051 1981 2154 2036 .bat
2177 2000 2292 2037 eum
2319 1985 2552 2053 quadam
2571 1985 2720 2040 vidua
2739 1987 2962 2056 quotidie
2978 2028 2992 2054 ,
3020 1995 3066 2040 et
3086 1986 3300 2051 dicebat,
3341 1987 3552 2046 Vindice
3579 2003 3658 2042 me

2068 2076 2133 2128 de
2161 2075 2449 2131 adversario
2487 2094 2614 2131 meo.
2659 2078 2726 2132 Et
2763 2078 3156 2148 interpellando
3185 2077 3422 2148 quotidie
3456 2077 3616 2133 vidua
3637 2117 3654 2146 ,

2068 2167 2228 2238 fregit
2251 2170 2421 2224 illum.
2451 2170 2536 2224 Ait
2559 2171 2691 2225 enim
2716 2172 2825 2242 ipse
2843 2173 3010 2242 judex’
3034 2171 3173 2242 apud
3193 2188 3262 2234 se,
3284 2172 3370 2241 qui
3389 2187 3479 2225 nec
3501 2169 3658 2226 Deum

2070 2261 2296 2328 timebat,
2327 2279 2416 2315 nec
2443 2263 2694 2316 hominem
2717 2265 3032 2321 reverebatur
3055 2281 3074 2318 :
3104 2263 3214 2320 Etsi
3243 2263 3426 2329 Deum,
3456 2261 3558 2318 non
3581 2265 3654 2318 ti-

2068 2369 2179 2407 meo
2195 2395 2208 2419 ,
2243 2370 2332 2407 nec
2360 2355 2614 2409 hominem
2639 2355 2872 2410 erubesco
2894 2396 2908 2421 ,
2950 2355 3030 2410 vel
3051 2364 3259 2427 propter
3286 2354 3492 2409 twdium
3527 2352 3659 2420 quod

2067 2445 2196 2499 mihi
2221 2447 2344 2516 facit
2369 2448 2467 2500 ista
2503 2447 2686 2514 vidua,
2721 2448 2983 2502 vindicabo
3021 2465 3152 2502 eam.
3185 2448 3239 2504 Si
3267 2446 3468 2502 audivit
3490 2445 3660 2516 iudex

2070 2537 2250 2591 malus
2277 2538 2496 2594 viduam
2520 2579 2536 2605 ,
2566 2555 2635 2594 ne
2657 2538 2870 2594 mdium
2894 2548 3188 2610 pateretur;
3215 2539 3354 2595 Deus
3381 2554 3487 2594 non
3513 2537 3659 2592 audit

2069 2626 2386 2697 Ecclesium,
2415 2644 2574 2702 quam
2598 2629 2842 2688 hortatur
2864 2639 2924 2687 ut
2971 2631 3290 2702 deprecetur
3327 2627 3477 2703 (Luc.
3509 2642 3658 2696 xvm,

2045 2720 2228 2792 4-8)?

2138 2812 2231 2868 24.
2264 2813 2395 2870 Item
2413 2855 2427 2880 ,
2453 2813 2713 2886 Pauperes
2737 2817 2848 2887 ejus
2871 2815 3109 2871 saturabo
3135 2815 3378 2889 panibus:
3407 2812 3531 2884 quid
3555 2821 3658 2880 est,

2069 2903 2303 2960 fratres?
2332 2907 2510 2962 Simus
2534 2919 2798 2977 pauperes
2819 2949 2836 2974 ,
2859 2916 2916 2962 et
2941 2915 3066 2961 tunc
3095 2906 3472 2963 saturabimur.
3506 2905 3657 2962 Multi

2070 3009 2459 3068 praesumentes
2497 2998 2566 3055 de
2609 2999 2810 3054 saeculo
2836 3006 2893 3054 et
2921 2999 3168 3070 superbi,
3193 2998 3469 3053 christiani
3500 3005 3657 3065 sunt;

2069 3089 2295 3145 adorant
2319 3089 2614 3159 Christum,
2640 3092 2736 3146 sed
2765 3106 2874 3147 non
2899 3099 3239 3148 saturantur:
3265 3090 3484 3146 saturati
3514 3089 3658 3145 enim

2069 3193 2226 3249 sunt,
2251 3194 2304 3239 et
2323 3185 2595 3240 abundant
2620 3186 2672 3239 in
2695 3186 2942 3255 superbia
2969 3199 3084 3238 sua.
3118 3185 3192 3239 De
3217 3183 3411 3238 talibus
3435 3182 3655 3247 dicitur,

2040 3305 2044 3308 ν
2073 3277 2415 3353 Opprobrium
2434 3278 2504 3338 eis
2515 3278 2598 3354 qui
2615 3276 2895 3343 abundant,
2913 3283 2960 3330 et
2972 3275 3222 3350 despectio
3237 3274 3463 3348 superbis
3485 3271 3655 3348 (Psal.

2038 3393 2042 3398 δ
2070 3391 2238 3442 cxxu,
2270 3375 2325 3448 4)
2357 3394 2370 3429 :
2396 3376 2481 3430 isti
2509 3374 2810 3442 abundant;
2834 3382 2888 3430 et
2914 3369 3036 3428 ideo
3062 3371 3402 3438 manducauit,
3430 3369 3524 3425 sed
3550 3381 3657 3423 non

2069 3476 2396 3525 saturantur.
2445 3469 2510 3524 Et
2549 3467 2675 3539 quid
2711 3467 2777 3522 de
2817 3467 2925 3522 illis
2960 3466 3160 3521 dictum
3198 3473 3282 3519 est
3319 3463 3372 3517 in
3412 3459 3657 3532 psalmo?

2071 3560 2511 3616 Manducaverunt
2559 3569 2605 3615 et
2655 3560 2996 3614 adoraverunt
3044 3572 3215 3612 omnes
3261 3554 3435 3608 divites
3487 3562 3652 3608 terra.

2069 3653 2308 3708 Aderant
2337 3653 2603 3708 Christum
2625 3693 2638 3720 ,
2678 3658 2999 3707 venerantur
3023 3647 3294 3705 Christum
3318 3689 3333 3714 ,
3357 3645 3657 3715 supplicant

328 3757 337 3793 .2
369 3738 533 3795 nobis
561 3737 777 3794 litterae
799 3746 1084 3803 venerunt,
1110 3750 1229 3803 qua:
1251 3734 1490 3805 quotidie
1515 3734 1825 3788 recitantur.
1848 3730 1967 3800 Ipsa

2070 3745 2322 3812 Christo;
2372 3743 2469 3801 sed
2500 3759 2607 3798 non
2643 3751 2948 3799 saturantur
2985 3741 3245 3811 sapientia
3271 3745 3326 3794 et
3347 3733 3550 3808 iustitia
3577 3736 3658 3806 ip-

326 3867 330 3870 -
361 3831 594 3900 .eivitas,
619 3831 731 3901 ipsa
758 3839 842 3886 est
863 3831 1014 3894 Sion,
1047 3843 1205 3898 quam
1234 3826 1504 3897 praeelegit
1531 3824 1804 3880 Dominus.

2071 3836 2204 3891 sius.
2247 3835 2466 3903 Quare?
2490 3835 2626 3903 Quia
2654 3849 2761 3889 non
2793 3842 2918 3888 sunt
2943 3846 3222 3903 pauperes.
3271 3830 3539 3898 Pauperes
3565 3842 3658 3883 att-

444 3922 541 3979 22.
581 3919 910 3995 [vers.!4.]
942 3919 1068 3975 Hau:
1105 3919 1299 3988 requies
1342 3933 1452 3971 mea
1480 3917 1533 3970 in
1569 3915 1760 3970 sarcula
1800 3929 1964 3970 secu-

2073 3937 2215 3995 tem,
2262 3927 2317 3984 id
2360 3935 2441 3984 e‘st
2485 3927 2715 3982 humiles
2758 3926 2952 3991 corde,
3003 3932 3202 3995 quanto
3241 3924 3358 3991 plus
3395 3921 3654 3982 esuriant.

324 4054 326 4057 -
372 4014 566 4070 lorum.
616 4013 734 4070 iam
775 4012 869 4066 Dei
910 4011 1071 4066 verba
1115 4018 1260 4066 sunt.
1304 4006 1521 4078 Requies
1571 4023 1712 4072 mea;
1760 4005 1834 4060 ibi
1877 4019 1967 4060 re-

2071 4029 2220 4076 tanto
2261 4020 2382 4089 plus
2430 4019 2781 4084 manducant;
2822 4025 2971 4070 tanto
2999 4024 3174 4070 autem
3216 4013 3334 4083 plus
3371 4011 3654 4077 esuriunt,

247 4151 251 4155 -
321 4133 326 4138 ‘
369 4107 616 4175 (ιιιῖθεοοο
654 4103 921 4172 Quantum
959 4115 1058 4157 008
1100 4108 1242 4156 “mal
1268 4099 1410 4154 Deus
1433 4137 1450 4164 ν
1489 4097 1709 4163 fratres,
1752 4105 1811 4150 ιιι
1846 4095 1970 4165 quia
2010 4101 2025 4184 ί
2070 4119 2316 4182 quantoa
2345 4110 2544 4166 saeculo
2566 4109 2751 4164 inanes
2767 4115 2908 4163 sunt.
2932 4105 3030 4174 Qui
3055 4106 3242 4175 plenus
3271 4111 3374 4170 est,
3397 4099 3655 4173 quidquid

322 4223 328 4228 -
373 4210 481 4252 nos
523 4195 942 4266 requiescimus,
983 4208 1044 4249 se
1085 4193 1228 4249 dicat
1268 4190 1635 4260 requiescere!
1677 4188 1794 4244 Non
1826 4187 1967 4244 enim

2072 4205 2150 4259 illi
2195 4203 2414 4258 daturus
2451 4217 2544 4269 es,
2584 4201 2826 4272 respuit;
2883 4199 3003 4270 quia
3044 4198 3233 4268 plenus
3269 4203 3370 4251 est.
3411 4194 3487 4248 Da
3523 4191 3656 4246 mihi

373 4287 496 4358 ipse
538 4286 825 4357 aliquando
853 4285 1117 4352 turbatur,
1159 4291 1251 4339 aut
1287 4283 1366 4338 sic
1409 4281 1727 4353 requiescit;
1769 4279 1866 4338 sed
1895 4279 1969 4336 ibi

373 4395 436 4438 se
465 4380 596 4438 dicit
625 4380 981 4450 requiescere,
1009 4378 1130 4449 quia
1151 4391 1248 4435 nos
1275 4376 1334 4432 iu
1362 4375 1452 4431 illo
1481 4374 1722 4444 requiem
1747 4372 1968 4432 habebi-
1997 4365 2040 4448 f‘J-‘

329 4522 332 4524 γ
373 4485 518 4529 mus.
551 4469 650 4526 Hic
672 4470 934 4538 habitabo,
956 4469 1195 4540 quoniam
1215 4467 1454 4538 .prteelegi
1483 4482 1613 4520 eam.

448 4563 541 4620 25.
603 4561 782 4637 [να-ε.
826 4563 952 4635 15.]
1014 4562 1232 4617 Viduam
1267 4563 1376 4632 ejus
1423 4559 1717 4616 benedicens
1763 4559 1967 4613 benedi-

333 4694 338 4700 -
375 4673 489 4714 cum
507 4697 524 4725 ,
553 4665 600 4712 et
625 4671 870 4727 pauperes
899 4657 1008 4723 eius
1039 4653 1278 4708 saturabo
1309 4652 1543 4723 panibus.
1579 4649 1765 4708 Omnis
1793 4649 1968 4706 anitna

379 5027 435 5080 in
465 5023 760 5081 Dominum.
788 5023 988 5094 Agebat
1015 5032 1191 5078 autem
1214 5019 1280 5076 de
1304 5019 1419 5074 istis
1441 5019 1612 5074 viduis
1631 5032 1768 5086 quas
1781 5033 1968 5073 omnes

381 5117 612 5174 dicimus
647 5115 670 5148 ⁸
698 5116 753 5172 in
778 5114 1039 5172 Ecclesia.
1072 5113 1289 5169 Dixerat
1311 5119 1488 5166 autem
1509 5150 1524 5176 ,
1549 5109 1677 5174 Qum
1699 5109 1752 5163 in
1776 5109 1968 5162 deliciis

337 5245 344 5262 .
382 5209 526 5280 agit;
553 5208 722 5264 vivens
747 5216 948 5264 mortua
971 5215 1080 5273 est;
1116 5213 1175 5261 et
1197 5220 1303 5260 non
1333 5203 1475 5257 illam
1507 5200 1805 5256 numeravit
1829 5199 1969 5254 inter

384 5302 591 5357 viduas.
638 5299 954 5356 Describens
998 5306 1176 5352 autem
1205 5295 1390 5351 viduas
1420 5302 1662 5360 sanctas,
1699 5291 1824 5360 quid
1861 5290 1968 5345 ait?

389 5392 516 5461 Qua:
533 5400 701 5448 autem
716 5407 824 5446 vere
843 5391 992 5446 vidua
1020 5399 1090 5443 est
1121 5397 1167 5442 et
1195 5387 1440 5454 desolata,
1467 5385 1682 5456 speravit
1710 5383 1762 5436 in
1790 5382 1968 5436 Domi-

384 5507 768 5590 __I_s'i:eal_iquot
787 5512 893 5556 uss.
919 5505 1114 5566 Quidam
1135 5515 1273 5562 vero,
1297 5499 1550 5566 praedixit.
1593 5496 1682 5547 Alii
1702 5509 1812 5548 cum
1831 5496 1965 5559 Edd.,

379 5571 686 5635 praedicavit.
1284 5623 1294 5632 ι

447 5635 468 5665 ³
490 5636 563 5683 sic
582 5640 688 5682 Mss.
717 5638 771 5680 At
783 5630 915 5690 Edd.,
938 5627 1048 5679 ideo
1065 5626 1110 5677 ei
1129 5625 1379 5690 juravtt‘et
1396 5622 1540 5690 digit.
1650 5684 1652 5686 τ

449 5695 471 5728 ³
495 5682 626 5755 ὧι,
652 5692 862 5758 sperabit
935 5698 987 5741 et
1024 5682 1164 5762 infra,
1199 5686 1417 5762 persistet

342 5810 350 5831 ρ
388 5753 685 5832 ttr._eta1ss.,'
709 5753 932 5819 speravit,
958 5753 1182 5817 persistit,
1214 5753 1354 5814 juxta
1377 5759 1593 5813 gracula
1625 5753 1819 5801 textum
1841 5754 1965 5811 Apo-

387 5821 688 5947 mihseptem
708 5885 839 5945 Mss,
863 5875 1078 5932 dixerat.

2073 4295 2396 4350 esurientem
2421 4335 2435 4360 ,
2468 4292 2536 4347 da
2564 4292 2692 4347 mihi
2721 4290 2789 4346 de
2817 4289 3008 4361 quibus
3038 4279 3236 4343 dictum
3266 4293 3370 4353 est,
3400 4283 3544 4338 Beati
3569 4284 3656 4354 qui

2073 4385 2299 4438 esuriant
2325 4392 2372 4437 et
2401 4383 2577 4437 sitiunt
2592 4381 2866 4452 justitiam,
2899 4379 3138 4450 quoniam
3167 4377 3266 4449 ipsi
3294 4374 3656 4430 saturabuntur

1971 4486 2010 4542 ’έὶο
2074 4479 2092 4547 (
2119 4477 2307 4531 Matth.
2340 4492 2396 4542 v,
2425 4476 2458 4531 6
2481 4476 2611 4547 );et
2636 4483 2792 4530 erunt
2813 4475 2865 4529 bi
2890 4485 3153 4544 pauperes
3181 4469 3249 4526 de
3272 4462 3467 4540 quibus
3495 4464 3655 4524 modo

2019 4630 2029 4641 δη
2073 4569 2222 4636 dicit,
2251 4569 2315 4622 Et
2333 4583 2578 4638 pauperes
2603 4568 2712 4637 ejus
2729 4567 2962 4620 saturabo
2979 4563 3210 4634 panibus.
3231 4562 3364 4628 Quia
3389 4567 3445 4614 et
3471 4559 3521 4612 in
3541 4558 3655 4627 ipso

1999 4649 2043 4742 ξ
2071 4661 2278 4731 psalmo
2310 4660 2395 4715 ubi
2425 4659 2624 4714 dictum
2645 4666 2748 4723 est,
2779 4655 3213 4709 Manducaverunt
3239 4662 3286 4706 et
3315 4652 3653 4704 adoroverunt

331 4799 334 4802 .
376 4765 501 4820 quae
536 4749 788 4821 intelligit
824 4762 883 4805 se
929 4751 1197 4804 desertam
1220 4747 1367 4802 omni
1409 4746 1627 4812 auxilio,
1676 4744 1778 4800 nisi
1802 4742 1970 4800 solius

335 4893 340 4896 .
383 4815 502 4909 Dei,
533 4840 692 4898 vidua
710 4815 834 4897 Vest.
887 4838 1168 4906 Quomodo
1203 4838 1345 4894 enim
1389 4837 1676 4907 Apostolus
1719 4815 2038 4896 describit

337 4983 342 4990 .
380 4933 633 4990 viduam?
655 4932 784 5001 Qua:
803 4941 969 4987 autem
988 4947 1099 4985 vere
1121 4930 1272 4985 vidua
1292 4937 1361 4984 est
1377 4937 1424 4982 et
1449 4927 1694 4995 desolata,
1711 4929 1926 5000 speravit
1947 4927 1968 4958 ³
2003 4929 2032 5002 ις,

2001 5024 2038 5078 ί
2071 5038 2190 5082 runt
2214 5044 2324 5082 eum
2351 5025 2522 5096 (Psal.
2555 5030 2668 5092 xxi,
2697 5024 2788 5089 50,
2813 5023 2924 5094 27).
2959 5022 3054 5076 Ubi
3077 5020 3274 5074 dictum
3292 5027 3392 5083 cst,
3425 5014 3650 5068 Mandu-

2073 4768 2242 4807 omnes
2263 4751 2440 4805 divites
2469 4759 2644 4815 terror;
2668 4747 2866 4821 dictum
2891 4755 2974 4802 est
3000 4746 3108 4801 illic
3133 4756 3187 4800 et
3213 4743 3280 4800 de
3307 4742 3649 4814 pauperibus,

2073 4856 2126 4902 et
2144 4859 2366 4916 prorsus
2391 4858 2456 4899 eo
2482 4841 2642 4898 modo
2675 4855 2780 4912 quo
2801 4849 2854 4895 et
2878 4841 2933 4895 in
2955 4840 3057 4895 isto
3083 4840 3306 4907 psalmo,
3331 4835 3498 4889 Edent
3520 4849 3648 4902 pau-

2073 4953 2236 5010 peres,
2256 4945 2302 4991 et
2322 4936 2702 4999 saturabuntur,
2723 4942 2769 4986 et
2790 4933 3065 4986 laudabunt
3088 4929 3360 4983 Dominum
3375 4926 3461 4992 qui
3480 4924 3652 4992 requi-

2071 5126 2308 5172 caverunt
2334 5127 2380 5170 et
2401 5117 2742 5170 adoraverunt
2765 5131 2938 5169 omnes
2963 5113 3136 5165 divites
3161 5119 3339 5171 (errat;
3361 5108 3429 5162 ibi
3453 5107 3648 5160 dictum
3685 5166 3692 5190 ὦ

2030 5218 2037 5225 ”
2072 5209 2348 5277 est,Edent
2365 5225 2634 5280 pauperes,
2650 5216 2694 5261 et
2717 5206 3094 5262 saturabtmlur.
3109 5202 3285 5270 Quare
3300 5199 3509 5270 quando
3527 5199 3651 5253 divi-

2072 5309 2152 5357 tes
2178 5301 2308 5356 dicti
2327 5309 2451 5356 sunt
2466 5301 2736 5364 adorasse,
2761 5294 2984 5352 saturati
3003 5309 3108 5348 non
3123 5293 3250 5348 dicti
3267 5301 3416 5355 sunt;
3441 5290 3651 5360 quando

2070 5402 2248 5447 autem
2296 5406 2553 5463 pauperes
2589 5388 2719 5444 dicti
2761 5397 2918 5451 sunt,
2960 5384 3185 5439 saturati
3226 5382 3352 5438 dicti
3397 5382 3558 5436 sunt?
3588 5382 3653 5435 Et

2069 5485 2212 5540 unde
2231 5483 2490 5541 saturati?
2529 5481 2644 5535 haec
2663 5479 2933 5544 saturitas,
2957 5475 3170 5540 fratres,
3194 5473 3366 5545 qualis
3379 5473 3487 5527 est?
3511 5471 3651 5526 Deus

2071 5579 2186 5650 ipse
2205 5590 2287 5634 εει
2310 5578 2481 5648 panis.
2508 5574 2687 5639 Panis,
2706 5582 2762 5627 ut
2791 5572 2872 5627 lac
2896 5570 3050 5626 nobis
3076 5569 3247 5636 ﬁeret,
3278 5565 3554 5622 descendit
3583 5563 3650 5620 ad

2037 5691 2040 5696 ‘
2068 5682 2298 5734 terram;
2326 5681 2378 5726 et
2398 5671 2471 5724 ait
2491 5669 2600 5723 suis
2627 5686 2641 5722 :
2669 5665 2779 5738 Ego
2807 5682 2918 5720 sum
2941 5664 3085 5734 panis
3113 5664 3251 5717 vivus
3275 5703 3289 5727 ,
3320 5660 3406 5729 qui
3435 5659 3496 5712 de
3514 5658 3641 5710 uelo

2033 5797 2039 5803 -
2073 5761 2501 5832 descendilloan.
2517 5776 2588 5826 v1,
2609 5760 2720 5830 41).
2743 5757 2867 5813 Ideo
2889 5757 3062 5812 illicin
3086 5755 3313 5825 psalmo,
3333 5749 3500 5806 Edent
3522 5764 3644 5818 pau-

2077 5871 2240 5933 μετα,
2262 5864 2310 5913 et
2331 5851 2710 5931 saturabuntttr.
2726 5850 2807 5912 De
2828 5863 2936 5926 quo
2953 5845 3321 5914 satiabuntur!
3347 5841 3490 5910 Audi
3506 5837 3651 5923 quod

2552 6034 2706 6053 ,.._,.-
