4074 6540
383 417 520 477 172⁸1

383 532 624 606 sequitur
657 545 672 585 :
700 527 771 584 Et
804 523 1079 583 laudabunt
1112 517 1390 577 Dominum
1416 515 1502 588 qui
1532 514 1804 606 requirunt
1838 528 1975 606 eum.

457 603 549 681 Q5.
595 623 777 679 Estote
803 632 929 689 ergo
956 628 1216 686 pauperes
1236 654 1251 679 ,
1282 616 1454 667 estote
1478 610 1531 663 in
1560 605 1816 662 membris
1841 603 1982 660 illius

394 715 592 783 viduae,
624 728 728 769 non
746 711 815 766 sit
835 708 1088 764 auxilium
1116 713 1355 760 vestrum
1382 701 1484 756 nisi
1509 700 1563 755 in
1591 713 1698 754 uno
1719 698 1848 752 Deo.
1875 696 1980 751 Pe-

393 809 551 863 cunia
592 804 723 861 nihil
764 811 879 868 est;
922 815 1028 855 non
1063 798 1189 854 inde
1225 794 1480 855 auxilium
1507 790 1787 846 habebitis.
1829 785 1980 842 Multi

395 905 613 968 propter
662 892 943 965 pecuniam
992 886 1305 960 praecipitati
1354 892 1509 950 sunt,
1559 880 1713 936 multi
1764 884 1982 949 propter

398 986 676 1059 pecuniam
704 985 982 1056 perierunt
1010 1001 1021 1037 :
1052 980 1202 1035 multi
1233 984 1449 1049 propter
1468 972 1744 1045 pecuniam
1761 969 1983 1027 multam

401 1076 613 1147 quaasiti
633 1085 756 1131 sunt
780 1091 810 1130 a
834 1073 1166 1144 raptoribus;
1194 1070 1291 1124 tuti
1313 1074 1514 1133 essent,
1538 1066 1583 1121 si
1604 1079 1710 1118 non
1726 1062 1987 1116 haberent

402 1184 566 1239 quare
583 1176 967 1238 quzererentur.
993 1165 1140 1220 Multi
1158 1163 1225 1218 de
1243 1160 1427 1216 amicis
1448 1156 1836 1229 potentioribus
1850 1168 1986 1224 prae-

402 1268 745 1330 sumpserunt
769 1278 782 1314 :
804 1257 1114 1314 ceciderunt
1142 1254 1215 1309 illi
1240 1253 1306 1307 de
1319 1250 1509 1321 quibus
1533 1251 1986 1319 praesumpserant

400 1360 456 1407 et
497 1352 830 1407 involverunt
855 1366 947 1406 eos
971 1349 1060 1419 qui
1081 1348 1149 1403 de
1177 1362 1236 1403 se
1277 1347 1748 1415 praesumpserunt.
1800 1335 1989 1406 ReSpi-

408 1443 512 1498 cite
549 1443 790 1513 exempla
812 1443 1021 1513 generis
1052 1438 1290 1494 humani.
1321 1434 1460 1503 Quid
1481 1445 1728 1502 magnum
1751 1425 1990 1498 estquod

406 1534 559 1590 vobis
590 1534 825 1589 dicitur?
869 1533 983 1588 Non
1016 1532 1189 1587 solum
1216 1528 1283 1583 de
1310 1527 1392 1581 his
1418 1521 1708 1593 Scripturis
1734 1535 1797 1575 ea
1822 1517 1992 1588 loqui-

407 1641 559 1692 mur;
600 1627 757 1697 legite
782 1641 842 1681 ea
866 1626 919 1679 in
945 1625 1073 1679 orbe
1099 1632 1382 1677 terrarum.
1422 1614 1693 1671 Attendite
1722 1626 1829 1666 non
1857 1624 1994 1679 prae-

412 1735 626 1776 sumere
655 1721 722 1776 de
753 1720 993 1791 pecunia,
1045 1717 1111 1771 de
1154 1715 1325 1769 amico
1380 1710 1629 1773 homine,
1678 1706 1745 1760 de
1788 1704 1995 1759 honore

407 1821 461 1868 et
495 1813 748 1883 jactantia
793 1810 994 1867 surculi.
1035 1808 1187 1864 Tolle
1231 1807 1329 1861 ista
1367 1803 1584 1859 omnia:
1615 1799 1710 1854 sed
1739 1797 1785 1853 si
1829 1794 1995 1850 habes

409 1904 521 1971 illa,
548 1920 644 1975 age
674 1906 782 1960 Deo
811 1904 1006 1975 gratias
1035 1902 1078 1956 si
1100 1897 1400 1956 contemnis
1427 1895 1536 1950 illa.
1562 1894 1618 1948 Si
1643 1899 1820 1946 autem
1844 1886 1998 1943 inﬂa-

414 1996 487 2050 ris
512 1996 655 2062 inde,
684 1997 791 2050 noli
813 1994 1088 2050 attendere
1113 1990 1323 2061 quando
1347 1987 1452 2043 eris
1480 1984 1660 2057 praeda
1689 1981 1994 2046 hominum;

409 2084 522 2155 jam
549 2086 760 2141 diabolo
798 2085 977 2155 praeda
1019 2098 1097 2138 es.
1130 2083 1186 2137 Si
1221 2090 1399 2135 autem
1450 2077 1518 2132 de
1560 2075 1643 2130 his
1686 2073 1847 2128 rebus
1889 2084 1999 2125 non

414 2179 837 2249 przesumpseris,
868 2177 973 2233 eris
1000 2178 1053 2230 in
1082 2172 1336 2229 membris
1376 2170 1519 2223 illius
1545 2166 1738 2231 viduae,
1766 2179 1887 2235 qua:
1916 2170 1999 2218 est

412 2271 649 2326 Ecclesia
669 2312 684 2336 ,
727 2272 793 2325 de
817 2285 920 2341 qua
945 2268 1151 2324 dictum
1179 2275 1280 2331 est,
1315 2263 1534 2316 Viduam
1561 2261 1671 2331 ejus
1703 2256 2000 2312 benedicens

414 2364 701 2418 benedicam
729 2380 748 2418 :
772 2363 881 2418 eris
906 2372 961 2417 et
980 2376 1198 2431 pauper,
1228 2358 1296 2414 de
1319 2355 1563 2427 qualibus
1584 2352 1785 2410 dictum
1805 2357 1909 2417 est,
1932 2346 2002 2402 Εἰ

414 2471 659 2525 pauperes
674 2455 784 2525 ejus
800 2453 1037 2508 saturabo
1059 2450 1293 2522 panibus.

484 2546 576 2603 26.
602 2546 900 2619 Aliquando
928 2554 1105 2600 autem
1126 2583 1143 2612 ,
1170 2541 1312 2613 quod
1343 2555 1452 2596 non
1478 2545 1562 2593 est
1588 2532 2002 2608 praetermitten-

414 2638 540 2694 dum
572 2639 769 2706 dicere,
803 2639 1009 2694 invenis
1038 2649 1329 2708 pauperem
1363 2630 1673 2702 superbum,
1698 2635 1753 2683 et
1784 2624 2004 2680 divitem

417 2730 673 2786 humilem
706 2747 719 2783 :
771 2729 1005 2799 quotidie
1049 2727 1279 2798 patimur
1324 2724 1476 2779 tales.
1509 2720 1676 2776 Audis
1713 2729 2006 2789 pauperem

424 2822 574 2891 quasi
596 2830 897 2892 gementem
930 2820 1029 2875 sub
1053 2818 1216 2873 divite
1235 2859 1250 2883 ,
1274 2824 1329 2871 et
1355 2812 1567 2885 quando
1592 2808 1858 2882 potentior
1881 2821 2007 2877 pre-

420 2912 521 2967 mit
547 2912 717 2976 dives,
753 2921 879 2967 tunc
905 2911 1052 2966 illum
1080 2908 1337 2964 humilem
1368 2906 1518 2960 vides
1550 2921 1565 2958 :
1596 2898 1883 2971 aliquando
1909 2910 2010 2952 nec

418 3012 545 3060 tunc
563 3046 578 3071 ,
606 3003 703 3059 sed
728 3013 783 3059 et
809 3014 932 3058 tunc
972 3000 1292 3071 superbum;
1322 2998 1465 3053 unde
1493 2994 1646 3051 vides
1681 2991 1803 3063 quis
1833 2997 2007 3055 esset,

414 3094 465 3149 si
487 3094 687 3165 aliquid
714 3094 953 3149 haberet.
976 3094 1116 3163 Ergo
1138 3106 1338 3161 pauper
1364 3088 1459 3143 Dei
1484 3087 1538 3142 in
1564 3087 1744 3140 animo
1769 3090 1873 3148 est,
1901 3095 2009 3135 non

422 3184 476 3239 in
504 3187 737 3241 sacculo.
767 3185 1017 3240 Procedit
1044 3181 1330 3253 aliquando
1366 3179 1528 3233 homo
1567 3176 1771 3231 habens
1798 3172 2012 3243 plenam

422 3273 671 3343 domum,
704 3275 897 3330 uberes
934 3284 1139 3339 terras,
1185 3270 1352 3326 multa
1384 3267 1609 3339 praedia,
1639 3264 1868 3319 multum
1895 3259 2013 3316 auri

419 3372 477 3420 et
500 3366 729 3436 argenti,
756 3366 906 3421 novit
932 3365 1053 3435 quia
1080 3365 1134 3418 in
1164 3362 1292 3432 ipsis
1318 3375 1424 3416 non
1451 3366 1535 3415 est
1559 3352 2011 3428 prtesumendum,

425 3456 674 3514 humiliat
699 3474 759 3514 se
786 3459 895 3514 Deo
916 3499 929 3523 ,
964 3456 1091 3512 facit
1116 3455 1239 3511 inde
1265 3454 1431 3519 bene;
1474 3452 1547 3506 ita
1582 3464 1676 3505 cor
1704 3448 1869 3518 ipsius
1902 3445 2015 3501 eri-

424 3550 565 3620 gitur
600 3550 666 3603 ad
695 3550 883 3616 Deum,
908 3558 967 3603 ut
996 3548 1201 3603 noverit
1245 3547 1369 3617 quia
1408 3559 1514 3598 non
1556 3541 1729 3596 solum
1767 3537 1902 3594 nihil
1938 3536 2015 3591 illi

424 3632 652 3711 prosunt
674 3639 872 3694 divitiae
900 3640 1060 3709 ipsae,
1091 3637 1186 3693 sed
1221 3645 1274 3692 et
1312 3633 1610 3705 impediunt
1636 3629 1803 3701 pedes
1826 3628 2014 3699 ipsius,

427 3730 532 3786 nisi
573 3730 664 3786 ille
692 3738 845 3801 regat
881 3737 939 3784 et
974 3729 1063 3784 ille
1104 3728 1384 3784 subveniat
1413 3733 1504 3780 :et
1532 3730 1842 3779 numeratur
1879 3721 2018 3777 inter

429 3834 693 3891 pauperes
721 3821 811 3891 qui
840 3829 1147 3875 saturantur
1171 3817 1417 3890 panibus.
1442 3815 1654 3870 lnvenis
1676 3813 1839 3868 alium
1867 3826 2013 3867 men-

429 3912 609 3967 dicum
658 3912 897 3967 inﬂatum
922 3952 937 3979 ,
981 3920 1072 3967 aut
1110 3910 1230 3966 ideo
1272 3925 1377 3965 non
1426 3908 1664 3963 inﬂatum
1689 3945 1704 3971 ,
1735 3904 1856 3975 quia
1886 3904 2019 3959 nihil

430 4006 619 4074 habet,
644 4016 969 4076 quaarentem
998 4014 1177 4060 tamen
1207 4002 1348 4058 unde
1378 4001 1610 4056 inﬂetur.
1643 3998 1763 4053 Non
1791 3995 2020 4051 attendit

428 4096 576 4153 Deus
610 4097 953 4167 facultatem,
999 4096 1095 4153 sed
1138 4096 1479 4167 cupiditatem
1510 4110 1525 4146 :
1557 4101 1610 4147 et
1648 4090 1851 4160 judicat
1894 4103 2017 4144 eum

432 4188 724 4245 secundum
751 4189 1095 4259 cupiditatem
1114 4202 1217 4259 qua
1240 4186 1409 4241 inhiat
1428 4184 1590 4261 rebus
1618 4180 2018 4252 temporalibus,

431 4295 538 4336 non
558 4282 850 4338 secundum
873 4282 1200 4347 facultatem,
1224 4294 1382 4350 quam
1413 4294 1519 4332 non
1548 4277 1598 4331 ei
1625 4274 1881 4345 contingit
1907 4272 2022 4329 adi-

428 4372 582 4445 pisci.
626 4374 779 4430 Unde
822 4375 891 4430 de
929 4374 1181 4429 divitibus
1224 4372 1353 4426 dicit
1394 4368 1724 4439 Apostolus:
1766 4363 2021 4419 Divitibus

429 4465 583 4537 hujus
611 4467 784 4521 steculi
805 4467 1025 4537 prcecipe
1052 4483 1153 4521 non
1176 4464 1389 4536 superbe
1409 4478 1606 4533 sapere,
1628 4476 1787 4530 neque
1814 4469 2019 4529 sperare

432 4556 489 4610 in
513 4557 703 4612 incerto
729 4558 1048 4625 diuitiarum,
1078 4556 1166 4612 sed
1193 4558 1245 4611 in
1264 4555 1370 4609 Deo
1388 4556 1516 4621 vivo,
1545 4553 1633 4623 qui
1658 4552 1799 4606 nobis
1817 4556 2021 4620 praestat

430 4648 601 4701 omnia
639 4648 953 4703 abundanter
981 4649 1048 4702 ad
1066 4648 1354 4720 fruendum.
1396 4644 1533 4712 Quid
1563 4658 1690 4713 ergo
1718 4642 1915 4696 faciant
1952 4640 2022 4697 de

430 4738 630 4795 divitiis
668 4742 818 4797 suis?
844 4741 1095 4813 Sequitur
1117 4750 1170 4797 et
1199 4740 1327 4798 dicit
1344 4757 1358 4794 :
1374 4737 1565 4790 Divites
1589 4736 1689 4789 sint
1712 4736 1765 4788 in
1789 4732 2022 4805 operibus

431 4832 610 4897 bonis;
640 4834 792 4905 facile
831 4835 1080 4900 tribuant,
1111 4832 1496 4887 communicent.
1529 4829 1594 4883 Et
1625 4829 1747 4883 vide
1772 4829 1896 4897 quia
1935 4827 2022 4883 hic

432 4940 694 4996 pauperes
728 4935 893 4982 sunt:
932 4926 1314 4991 Thesaurizent,
1355 4921 1545 4992 inquit,
1582 4920 1677 4976 sibi
1715 4920 2021 4992 fundamen-

432 5027 540 5071 tum
567 5018 752 5073 bonum
793 5020 845 5074 in
886 5022 1132 5088 futurum,
1164 5026 1217 5070 ut
1252 5014 1634 5087 appreliendant
1672 5029 1842 5068 veram
1867 5014 2022 5067 vitam

434 5109 653 5178 (lTim.
676 5127 759 5178 vt,
790 5111 1013 5181 17-19).
1048 5110 1177 5166 Cum
1209 5106 1683 5179 apprehenderint,
1713 5114 1838 5160 tunc
1862 5113 2022 5159 erunt

430 5200 656 5270 divites;
684 5203 897 5274 quando
924 5211 1100 5258 autem
1124 5217 1229 5257 non
1254 5216 1370 5256 eam
1399 5199 1575 5254 adhuc
1602 5197 1820 5264 habent,
1852 5212 2021 5253 nove-

430 5291 610 5349 riutse
633 5309 915 5365 pauperes.
938 5293 1014 5349 Ita
1041 5293 1098 5347 fit
1127 5303 1187 5348 ut
1211 5307 1398 5348 omnes
1418 5289 1648 5345 humiles
1669 5288 1852 5354 corde,
1882 5295 1937 5343 et
1965 5287 2021 5344 in

430 5384 693 5442 charitate
738 5386 948 5457 gemina
988 5386 1003 5415 ‘
1040 5384 1376 5451 constitutos,
1430 5379 1686 5453 quidquid
1736 5378 2022 5434 habuerint

432 5475 487 5531 in
517 5475 622 5532 hoc
660 5477 894 5544 saeculo,
940 5478 1076 5533 inter
1111 5490 1371 5547 pauperes
1410 5489 1537 5531 suos
1575 5478 1823 5529 numeret
1857 5470 2018 5538 Deus,

430 5581 565 5639 quos
593 5575 797 5623 saturat
819 5570 1066 5641 panibus.
1660 5564 1669 5575 ’

499 5660 590 5714 27.
624 5660 786 5732 [vers.
820 5662 907 5727 16,
943 5660 1063 5733 17.]
1094 5661 1391 5717 Sacerdotes
1411 5660 1521 5727 eius
1542 5656 1755 5713 induam
1780 5656 2016 5725 salutari,

428 5759 476 5807 α
516 5753 680 5808 sancti
722 5755 831 5823 ejus
877 5755 1211 5809 exsultatione
1251 5753 1595 5808 exsultabunt.
1648 5750 1767 5807 Jam
1816 5750 1871 5806 in
1916 5750 2022 5808 ﬁne

495 5889 513 5922 ι
532 5890 605 5942 sic
622 5894 735 5942 ιον.
759 5895 816 5941 At
838 5890 949 5942 Edd.
972 5891 1050 5943 alii
1076 5898 1126 5943 et
1151 5898 1279 5957 Mss,
1303 5902 1553 5957 germana.

1649 398 1707 456 8.
1746 387 2114 456 Λῦσιυὸτωί
2149 384 2451 454 EPISCOPI

2890 332 2961 367 ην,

2942 398 2949 409 γ’
3532 392 3676 453 ms

2087 511 2288 568 Psalmi
2314 513 2528 577 sumus;
2545 507 2819 580 paululum
2837 505 3336 565 advertatCharitas
3349 515 3549 565 vestra.
3572 511 3679 568 Sa-

2085 605 2309 659 cerdotes
2337 604 2446 673 ejus
2468 602 2683 657 induam
2705 602 2939 669 salutari,
2967 610 3014 656 et
3034 602 3197 657 sancti
3211 602 3321 673 ejus
3336 602 3673 659 exsultatione

2086 695 2425 749 exsultabant.
2451 688 2582 762 Quis
2628 702 2713 750 est
2769 693 3017 749 salutaris
3046 702 3251 762 noster,
3286 694 3391 750 nisi
3435 694 3684 750 Christus

2087 789 2307 844 noster?
2336 788 2472 855 Quid
2501 796 2583 844 est
2608 801 2736 858 ergo
2755 829 2769 853 ,
2800 786 3101 844 Sacerdotes
3140 791 3253 861 ejus
3278 790 3488 843 induam
3535 790 3683 845 salu-

2091 880 2224 935 tari?
2266 881 2521 951 Quotquot
2562 881 2616 934 in
2657 879 2855 935 Christo
2880 880 3118 951 baptizati
3142 882 3259 935 estis
3282 923 3296 949 ,
3325 880 3581 935 Christum
3598 882 3685 937 in-

2090 972 2269 1028 duistis
2296 973 2490 1045 (Galat.
2518 988 2594 1037 ιιι,
2621 973 2733 1042 27).
2760 971 2827 1026 Et
2847 974 3010 1027 sancti
3020 973 3130 1043 ejus
3150 974 3486 1028 exsultatione
3509 975 3685 1029 exsul-

2092 1064 2285 1119 tabum.
2304 1064 2458 1121 Unde
2477 1065 2796 1120 exsultabunt
2812 1066 3181 1120 exsultatione?
3198 1065 3335 1133 Quia
3364 1066 3532 1120 induti
3560 1074 3690 1122 sunt

2092 1156 2313 1212 salutari
2338 1174 2350 1210 :
2372 1172 2479 1212 non
2508 1158 2563 1213 in
2591 1172 2670 1213 se.
2699 1158 2814 1213 Lux
2841 1157 2984 1213 enim
3010 1157 3137 1213 facti
3165 1160 3208 1225 ί,
3235 1158 3327 1213 sed
3350 1159 3401 1213 in
3431 1159 3685 1227 Domino;

2082 1244 2216 1303 nam
2244 1257 2397 1305 erant
2424 1257 2547 1304 ante
2576 1250 2809 1306 tenebrae
2853 1248 2873 1319 (
2898 1247 3089 1319 Ephcs.
3118 1265 3170 1315 v,
3201 1249 3290 1319 8).
3320 1249 3390 1304 Et
3414 1249 3536 1305 ideo
3560 1250 3687 1307 sub-

2092 1342 2240 1414 jecit,
2269 1342 2299 1395 Ι
2305 1343 2352 1396 bi
2372 1343 2621 1398 suscitabo
2649 1360 2809 1397 cornu
2835 1342 3003 1397 David
3032 1358 3051 1397 :
3079 1350 3136 1398 ut
3153 1342 3220 1398 de
3244 1342 3455 1398 Christo
3480 1360 3689 1415 pracsu-

2096 1444 2291 1501 matur,
2320 1438 2434 1507 ipsa
2461 1438 2564 1493 erit
2590 1437 2814 1492 altitudo
2837 1437 3023 1492 David.
3049 1436 3229 1492 Cornu
3256 1441 3399 1494 enim
3425 1439 3690 1510 signiﬁcat

2097 1529 2431 1585 altitudinem
2463 1539 2558 1586 :et
2586 1532 2796 1600 qualem
2827 1529 3197 1586 altitudinem?
3229 1531 3343 1588 Non
3392 1533 3687 1590 carnalem.

2098 1621 2224 1677 ideo
2250 1623 2426 1677 omnia
2458 1638 2578 1678 ossa
2608 1637 2769 1678 carne
2810 1623 3045 1679 involuta
3086 1632 3211 1678 sunt
3238 1640 3252 1676 :
3283 1638 3452 1679 cornu
3479 1625 3691 1681 excedit

2099 1728 2335 1769 carnem.
2368 1715 2607 1769 Altitudo
2659 1715 2983 1786 spiritualis,
3011 1730 3178 1771 cornu
3220 1725 3322 1772 est.
3352 1715 3484 1783 Quae
3512 1725 3693 1773 autem

2100 1806 2324 1861 altitudo
2346 1806 2635 1875 spiritualis
2662 1816 2744 1861 est
2770 1848 2786 1873 ,
2828 1808 2929 1862 nisi
2973 1807 3040 1862 de
3079 1806 3295 1863 Christo
3324 1823 3693 1879 praesumere;

2100 1910 2209 1951 non
2235 1896 2435 1951 dicere.
2474 1897 2587 1967 Ego
2613 1897 2753 1952 facio
2776 1939 2792 1965 ,
2821 1912 2921 1970 ego
2946 1898 3186 1969 baptizo;
3214 1898 3331 1967 sed,
3362 1899 3464 1954 Hic
3490 1910 3561 1954 est
3606 1900 3698 1971 qui

2104 1987 2329 2057 baptizat
2358 1988 2533 2057 (Joan.
2563 2004 2600 2054 ι,
2629 1990 2768 2059 55)?
2787 1988 2867 2044 lbi
2890 1998 2973 2045 est
2999 2004 3168 2046 cornu
3198 1990 3384 2045 David.
3416 1992 3479 2046 Et
3506 2002 3563 2046 ut
3591 2006 3697 2047 no-

2102 2081 2286 2136 veritis
2312 2081 2433 2151 quia
2460 2081 2530 2135 ibi
2554 2089 2635 2137 est
2659 2097 2827 2138 cornu
2856 2082 3041 2149 David,
3070 2083 3331 2139 attendite
3348 2083 3472 2154 quid
3498 2098 3696 2154 sequa-

2105 2178 2192 2225 tur
2222 2189 2235 2224 :
2278 2170 2469 2225 Paravi
2494 2173 2749 2227 lucernam
2773 2171 2974 2229 Christo
2999 2190 3129 2229 meo.
3166 2174 3295 2243 Quae
3337 2183 3420 2230 est
3443 2174 3699 2231 lucerna?

2105 2261 2222 2316 Jam
2250 2264 2417 2317 nostis
2440 2263 2648 2318 Domini
2677 2265 2839 2320 verba
2861 2264 2927 2319 de
2951 2264 3156 2320 Joanne
3188 2283 3202 2320 :
3234 2264 3337 2320 Ille
3356 2275 3462 2320 erat
3492 2267 3701 2321 lucerna

2107 2354 2291 2408 ardens
2312 2365 2357 2409 et
2374 2354 2545 2410 lucens
2562 2354 2670 2425 (Id.
2690 2372 2742 2423 v,
2758 2357 2874 2428 35).
2898 2356 2967 2411 Et
2981 2356 3108 2428 quid
3123 2357 3197 2412 ait
3215 2357 3485 2413 Joannes?
3512 2357 3609 2412 Hic
3624 2366 3702 2413 est

2107 2446 2193 2516 qui
2235 2447 2474 2517 baptizat.
2506 2447 2561 2503 In
2590 2449 2691 2504 hoc
2730 2464 2858 2521 ergo
2889 2451 3235 2506 exsultabunt
3277 2452 3449 2507 sancti
3474 2493 3488 2517 ,
3518 2452 3573 2506 in
3601 2452 3703 2509 hoc

2108 2535 2451 2595 exSultabunt
2476 2541 2782 2597 sacerdotes
2806 2560 2820 2607 ;
2853 2542 2974 2613 quia
2995 2558 3157 2598 omne
3174 2543 3317 2613 quod
3340 2544 3579 2615 ipsorum
3605 2544 3703 2600 bo—

2110 2648 2238 2687 num
2268 2641 2368 2698 est,
2392 2648 2498 2687 non
2526 2641 2609 2689 est
2632 2634 2868 2704 ipsorum
2894 2675 2909 2701 ,
2942 2635 3036 2691 sed
3077 2635 3217 2690 illius
3244 2636 3330 2705 qui
3358 2636 3519 2691 habet
3545 2644 3703 2707 pote-

2112 2731 2302 2777 statem
2330 2723 2650 2793 baptizandi.
2680 2723 2911 2780 Securus
2938 2741 3066 2795 ergo
3093 2725 3298 2782 accedit
3330 2726 3399 2782 ad
3449 2728 3704 2797 templum

2112 2813 2228 2883 ejus
2259 2814 2433 2869 omnis
2462 2816 2551 2885 qui
2578 2818 2785 2887 accepit
2810 2817 3140 2888 Baptismum
3165 2821 3207 2884 ²;
3237 2819 3359 2889 quia
3390 2834 3495 2875 non
3527 2820 3705 2876 homi-

2114 2905 2197 2959 nis
2217 2944 2233 2970 ,
2266 2905 2359 2960 sed
2393 2905 2535 2960 illius
2560 2916 2641 2962 est
2665 2909 2717 2963 in
2739 2924 2843 2977 quo
2872 2910 3183 2964 suscitatum
3210 2918 3293 2965 est
3319 2926 3488 2967 cornu
3515 2911 3705 2967 David.

2118 3024 2121 3041 ς
2184 2996 2274 3053 23.
2318 2997 2485 3069 [vers.
2512 2998 2600 3054 18.
2626 2998 2645 3072 ]
2678 2999 2846 3072 Super
2870 3002 3038 3071 ipsum
3058 3010 3228 3056 autem
3254 3003 3452 3072 ﬂorebit
3479 3002 3706 3072 sanctiﬁ-

2114 3090 2245 3143 catio
2279 3106 2391 3144 mea
2432 3089 2530 3161 (a).
2560 3089 2732 3161 Super
2758 3093 2957 3162 quem?
3001 3092 3174 3162 Super
3203 3092 3473 3149 Christum
3504 3108 3707 3149 meum.

2117 3181 2318 3236 Christo
2341 3182 2486 3237 enim
2506 3199 2616 3237 meo
2645 3198 2766 3239 cum
2792 3183 2955 3251 dicit,
2987 3199 3088 3240 vox
3111 3192 3194 3241 est
3222 3185 3419 3253 Patris,
3444 3185 3535 3255 qui
3558 3184 3707 3251 dicit,

2126 3271 2347 3326 Viduam
2387 3274 2496 3344 ejus
2546 3273 2838 3330 benedicens
2887 3276 3174 3331 benedicam
3197 3317 3212 3341 ,
3237 3285 3283 3331 et
3328 3293 3575 3347 pauperes
3599 3278 3711 3349 ejus

2119 3366 2359 3421 saturabo
2389 3366 2619 3437 panibus.
2653 3367 2954 3423 Sacerdotes
2980 3370 3089 3439 ejus
3115 3369 3327 3423 induam
3364 3370 3578 3425 salutari
3599 3410 3615 3435 ,
3666 3377 3713 3423 et

2119 3462 2281 3516 sancti
2309 3462 2417 3533 ejus
2434 3463 2769 3518 exsultatione
2786 3464 3130 3523 exsultabant.
3151 3463 3252 3532 Qui
3267 3464 3428 3532 dicit,
3448 3462 3530 3518 Ibi
3554 3462 3717 3519 susciv

2120 3556 2235 3610 tabo
2264 3572 2424 3610 cornu
2450 3553 2619 3611 David
2635 3596 2652 3624 ,
2684 3556 2826 3613 Deus
2848 3565 2950 3613 est.
2983 3556 3103 3628 Ipse
3129 3557 3298 3624 dicit,
3326 3556 3519 3612 Par-avi
3543 3558 3715 3613 lucer-

2121 3662 2241 3700 nam
2288 3646 2489 3702 Christo
2537 3665 2647 3704 meo
2670 3689 2686 3715 ,
2739 3650 2859 3719 quia
2907 3657 2963 3705 et
3002 3648 3248 3706 Christus
3297 3660 3481 3708 noster
3505 3659 3588 3708 est
3615 3692 3629 3716 ,
3660 3658 3717 3707 et

2121 3737 2367 3795 Christus
2420 3739 2592 3795 Patris
2631 3738 2921 3797 :Christus
2968 3750 3151 3797 n08ter
3200 3750 3327 3811 est,
3375 3757 3498 3799 cum
3546 3742 3717 3811 salvat

2123 3848 2222 3890 nos
2265 3841 2324 3890 et
2368 3834 2505 3905 regit
2551 3848 2650 3890 nos
2674 3875 2689 3900 ,
2722 3833 2993 3905 quomodo
3024 3843 3079 3891 et
3105 3834 3362 3891 Dominus
3390 3843 3592 3905 noster,
3619 3835 3717 3891 Fi-

2124 3926 2229 3982 lius
2257 3937 2433 3983 autem
2465 3927 2675 3991 Patris;
2729 3927 2973 3984 Christus
3000 3938 3177 3985 autem
3233 3938 3290 3984 et
3317 3937 3499 3985 noster
3528 3937 3583 3984 et
3610 3928 3719 3984 Pa-

2124 4021 2242 4073 tris.
2293 4019 2423 4074 Nam
2465 4018 2511 4073 si
2558 4019 2731 4075 Patris
2781 4019 3022 4098 Christus
3069 4035 3177 4076 non
3206 4028 3382 4088 esset,
3412 4036 3519 4076 non
3564 4020 3717 4076 dice-

2124 4120 2273 4167 retur
2322 4114 2567 4184 superius
2593 4155 2608 4180 ,
2662 4113 2882 4181 Propter
2924 4113 3092 4168 David
3156 4131 3355 4170 servum
3407 4125 3547 4169 tuum
3586 4156 3600 4180 ,
3653 4131 3719 4169 ne

2124 4212 2319 4259 avertas
2367 4206 2548 4276 faciem
2571 4204 2762 4261 Christi
2792 4207 2886 4261 tui.
2921 4206 3089 4278 Super
3112 4207 3282 4275 ipsum
3315 4216 3482 4262 autem
3522 4207 3720 4278 ﬂorebit

2124 4297 2458 4365 sanctiﬁcatio
2480 4314 2610 4352 mea.
2638 4298 2810 4368 Super
2837 4299 3104 4354 Christum
3130 4300 3309 4355 ﬂoret.
3339 4298 3507 4355 Nemo
3546 4299 3721 4356 homi-

2125 4404 2252 4443 num
2284 4389 2430 4444 illam
2459 4390 2560 4445 sibi
2597 4399 2876 4457 assumat,
2908 4391 3031 4461 quia
3074 4391 3190 4460 ipse
3217 4392 3550 4457 sanctiﬁcat;
3583 4391 3721 4447 alio-

2125 4483 2252 4552 quin
2299 4498 2404 4538 non
2462 4483 2564 4538 erit
2618 4498 2843 4551 verum,
2877 4484 3049 4554 Super
3095 4484 3264 4554 ipsum
3318 4494 3487 4539 autem
3521 4483 3722 4555 ﬂorebit

2126 4575 2465 4643 sanctiﬁcatio
2489 4591 2622 4630 mea.
2652 4574 2833 4631 Gloria
2856 4575 3292 4631 sanctificationis
3317 4574 3549 4630 ﬂorehit.
3578 4574 3718 4631 San-

2125 4666 2376 4723 ctificatio
2403 4684 2532 4739 ergo
2555 4666 2753 4723 Christi
2776 4669 2830 4723 in
2858 4669 2977 4740 ipso
3000 4668 3234 4732 Christo,
3259 4674 3497 4738 potestas
3516 4666 3716 4722 sancti-

2059 4797 2063 4799 λ
2126 4758 2391 4814 ﬂcationis
2418 4759 2512 4813 Dei
2542 4760 2595 4813 in
2616 4758 2852 4814 Christo.
2882 4759 3111 4813 Florebit
3137 4758 3278 4813 enim
3308 4758 3449 4828 quod
3468 4757 3621 4823 dixit,
3650 4755 3720 4812 ad

2125 4853 2347 4925 gloriam
2374 4854 2484 4908 vult
2510 4854 2779 4924 pertinere
2805 4872 2817 4907 :
2843 4852 3056 4923 quando
3082 4852 3223 4907 enim
3252 4850 3448 4906 ﬂorent
3472 4851 3716 4918 arbores,

2129 4953 2257 5001 tunc
2297 4945 2535 5016 pulchra:
2562 4953 2705 4999 sunt.
2740 4945 2879 5015 Ergo
2920 4943 3268 4999 sanctificatio
3312 4943 3367 4997 in
3411 4941 3715 5011 Baptismo;

2128 5036 2249 5092 inde
2294 5036 2450 5091 ﬂoret
2491 5037 2512 5068 ³
2552 5045 2605 5091 ει
2650 5037 2834 5091 claret.
2880 5034 3033 5091 Unde
3076 5034 3242 5090 cessit
3278 5032 3301 5065 ‘
3326 5033 3555 5089 mundus
3592 5032 3721 5089 huic

2128 5130 2548 5201 pulchritudini?
2572 5130 2705 5199 Quia
2733 5130 2785 5185 in
2806 5128 3020 5184 Christo
3043 5126 3235 5184 floret:
3259 5141 3381 5182 nam
3406 5140 3544 5197 pone
3570 5126 3718 5182 illam

2129 5222 2183 5277 in
2212 5221 2446 5278 hominis
2472 5230 2769 5294 potestate;
2797 5219 3066 5293 quomodo
3090 5218 3276 5288 ﬂoret,
3304 5219 3518 5291 quando
3543 5216 3720 5275 omnis

2191 5447 2209 5512 ξ
2235 5452 2309 5512 ει·
2333 5443 2480 5507 Lugd.
2505 5450 2645 5512 νερεν
2668 5438 2905 5512 venit.“
2922 5438 3049 5512 em'm
3067 5436 3156 5512 ινφ
3177 5436 3298 5512 tacti.
3315 5441 3440 5512 εᾳηέο
3487 5505 3518 5512 ί.
3541 5443 3598 5512 υς

2191 5510 2212 5541 ³
2236 5510 2308 5571 sic
2322 5500 2428 5571 Mss:
2456 5514 2511 5555 At
2534 5500 2665 5565 EddL,
2689 5503 2774 5554 sed
2790 5503 2938 5571 illius.
2964 5509 3021 5552 Et
3043 5502 3157 5571 quia
3173 5500 3417 5571 ille_habet
3441 5502 3722 5569 potestatem

2129 5569 2423 5641 baptizandi,
2443 5581 2640 5619 securus
2652 5562 2847 5617 accedit
2866 5565 2931 5615 ad
2959 5562 3188 5628 templimt
3227 5562 3332 5625 ejus
3355 5562 3508 5613 omnis
3530 5562 3617 5625 qui
3632 5573 3718 5611 uc-

2127 5634 2243 5696 cipt't
2272 5634 2583 5695 Baptismum.
3324 5678 3329 5681 .

2191 5697 2212 5727 ³
2229 5701 2330 5743 Am.
2358 5700 2430 5742 Er.
2457 5701 2509 5743 et
2532 5693 2755 5755 plerique
2780 5699 2909 5751 Mss,
2938 5689 3065 5740 unde
3089 5687 3256 5755 ﬂoret._
3300 5754 3305 5755 ν

2188 5758 2211 5789 ’⁸
2234 5759 2306 5821 sic
2328 5766 2427 5805 Am.
2453 5750 2609 5821 Erfet
2625 5750 2775 5804 nostri
2797 5762 2905 5803 Mss.
2930 5758 2986 5821 Λει
3008 5750 3141 5821 ιρι..
3431 5809 3443 5821 ⁸
3522 5807 3535 5820 .

2190 5820 2263 5891 (ιθ
2290 5820 2507 5891 praeterit
2528 5820 2727 5883 primam
2742 5824 2931 5883 partem
2946 5815 2998 5882 ᾗ.
3013 5813 3072 5867 18
3105 5808 3363 5868 {Inimicos
3393 5809 3499 5871 eius
3515 5808 3720 5863 induant
