4078 6476
316 1114 325 1140 1

360 371 502 431 1739

358 503 489 547 caro
518 487 714 558 fenum,
739 491 794 546 et
819 483 994 545 omnis
1017 483 1230 544 claritas
1247 482 1424 542 carnis
1449 491 1511 542 ut
1530 484 1631 543 tios
1652 483 1760 543 feni
1785 483 1939 558 (Iani.

357 585 450 649 Π..
474 580 553 650 6).

758 787 841 849 ΙΝ
880 785 1260 850 PSALMUM
1302 783 1602 848 CXXXII

937 875 1352 964 manuario.

885 1036 1055 1078 SERIO
1093 1038 1160 1076 AD
1196 1035 1422 1076 ιιιιιιιειι.

424 1155 477 1210 1.
505 1153 656 1228 (una.
688 1155 767 1227 1.]
796 1155 1040 1214 Psalmus
1063 1156 1240 1213 brevis
1264 1164 1374 1223 est;
1398 1155 1494 1212 sed
1517 1156 1670 1214 valde
1694 1164 1850 1215 notus
1880 1167 1938 1216 et

358 1247 686 1302 nominatus.
720 1245 854 1301 Ecce
877 1265 1027 1319 quam
1064 1249 1249 1303 bonum
1275 1258 1323 1303 et
1359 1265 1511 1321 quam
1526 1251 1811 1320 jucundum
1836 1253 1933 1306 Ira-

357 1338 515 1391 bitare
556 1339 738 1408 fratres
765 1339 818 1393 in
843 1355 1019 1394 unum.
1051 1338 1124 1395 Ita
1158 1355 1320 1395 sonus
1346 1340 1446 1395 iste
1469 1341 1640 1398 dulcis
1664 1349 1764 1407 est,
1794 1351 1853 1398 ut
1880 1352 1934 1399 et

352 1429 444 1498 qui
472 1429 785 1485 Psalterium
816 1432 1077 1500 nesciunt,
1107 1432 1278 1501 ipsum
1303 1447 1513 1488 versum
1538 1442 1766 1488 cantent.
1801 1434 1930 1489 Tam

349 1517 528 1574 dulcis
557 1529 659 1589 est,
691 1536 849 1592 quam
878 1521 1048 1578 dulcis
1077 1531 1159 1579 est
1185 1523 1414 1579 charitas
1443 1540 1563 1595 qure
1590 1525 1715 1580 facit
1742 1524 1931 1583 fratres

353 1609 594 1668 habitare
612 1615 664 1668 in
681 1631 866 1672 unum.
890 1617 957 1674 Et
978 1621 1077 1676 hoc
1104 1620 1339 1691 quidem,
1368 1619 1579 1686 fratres,
1603 1636 1709 1676 non
1732 1621 1932 1692 indiget

347 1699 790 1772 interpretatione
818 1747 833 1773 ,
883 1715 975 1762 aut
1020 1711 1371 1779 expositione,
1423 1725 1578 1780 quam
1629 1712 1829 1766 bonum
1873 1719 1930 1768 et

350 1807 511 1863 quam
549 1797 843 1866 jucundum
883 1800 953 1855 sit
994 1801 1234 1859 habitare
1271 1804 1328 1859 in
1369 1820 1564 1873 unum;
1599 1807 1694 1863 sed
1721 1823 1784 1864 ea
1810 1825 1928 1880 quae

348 1896 669 1956 sequuntur,
691 1890 887 1947 habent
906 1893 1106 1965 aliquid
1125 1896 1264 1966 quod
1287 1897 1616 1967 pulsantibus
1635 1901 1924 1970 aperiatur.

351 1977 732 2036 Verumtamen
762 1991 820 2037 ut
846 1983 912 2038 ab
939 1984 1042 2040 isto
1069 2001 1230 2043 versu
1257 1987 1546 2044 descendat
1586 1991 1739 2047 nobis
1766 1992 1926 2049 intel-

343 2065 518 2122 lectus
543 2071 802 2128 universa:
833 2082 1057 2130 texturae
1084 2076 1282 2132 Psalmi
1306 2120 1320 2144 ,
1362 2079 1465 2135 hoc
1495 2081 1725 2150 primum
1763 2084 1924 2139 etiam

341 2164 508 2226 atque
536 2161 700 2216 etiam
725 2164 1127 2222 consideremus
1157 2185 1170 2221 :
1198 2177 1373 2224 utrum
1401 2157 1468 2226 de
1494 2172 1741 2228 omnibus
1763 2174 1923 2230 Chri-

327 2233 529 2302 istianis
576 2250 774 2307 dictum
820 2255 912 2321 sit,
960 2257 1126 2322 Quam
1151 2259 1336 2314 bonum
1373 2269 1422 2314 et
1464 2277 1618 2331 quam
1635 2265 1924 2334 jucundum

337 2336 568 2392 habitare
605 2345 786 2411 fratres
827 2346 884 2400 in
917 2363 1115 2413 unum;
1153 2365 1222 2405 an
1261 2352 1422 2423 aliqui
1458 2353 1566 2408 sint
1609 2356 1739 2411 certi
1764 2365 1923 2428 atque

334 2427 558 2496 perfecti
577 2432 668 2501 qui
697 2432 933 2492 habitant
954 2439 1009 2492 in
1033 2455 1217 2508 unum,
1243 2457 1340 2497 nec
1363 2444 1433 2498 ad
1454 2457 1639 2500 omnes
1662 2427 1923 2516 pertineat

334 2515 440 2573 ista
490 2519 812 2592 benedictio,
859 2528 953 2583 sed
992 2529 1060 2585 ad
1105 2532 1398 2604 quosdam,
1441 2551 1473 2590 a
1511 2515 1701 2608 quibus
1744 2547 1920 2599 tamen

336 2608 630 2668 descendat
657 2615 724 2670 ad
750 2627 995 2674 caeteros.

404 2701 458 2755 2.
490 2702 592 2760 Ista
617 2707 760 2764 enim
788 2710 949 2766 verba
978 2712 1250 2782 Psalterii,
1278 2717 1378 2773 iste
1405 2719 1578 2778 dulcis
1601 2734 1785 2791 sonus,
1817 2726 1918 2783 ista

335 2793 518 2848 suavis
543 2797 805 2868 melodia,
853 2809 959 2857 tam
987 2803 1042 2858 in
1078 2808 1284 2862 cantico
1325 2824 1483 2880 quam
1522 2812 1576 2868 in
1614 2814 1914 2887 intellectu,

331 2883 494 2939 etiam
536 2893 854 2946 monasteria
901 2897 1126 2964 peperit.
1158 2898 1239 2952 Ad
1283 2899 1425 2957 hunc
1469 2917 1658 2960 sonum
1702 2883 1914 2965 excitati

327 2984 454 3030 sunt
479 2976 667 3035 fratres
695 2983 783 3051 qui
809 2982 1048 3042 habitare
1087 2989 1140 3042 in
1171 3005 1336 3046 unum
1365 2996 1778 3065 concupierunt;
1808 2999 1914 3058 iste

327 3080 516 3124 versus
539 3069 638 3124 fuit
661 3073 786 3128 tuba
825 3075 1080 3145 ipsorum.
1123 3077 1313 3136 Sonuit
1341 3099 1437 3152 per
1477 3100 1688 3142 omnem
1725 3091 1912 3148 orbem

325 3164 612 3229 terrarum,
632 3170 693 3233 et
711 3164 801 3234 qui
825 3166 979 3222 divisi
1005 3178 1174 3236 erant,
1199 3177 1500 3245 congregati
1531 3186 1675 3234 sunt.
1698 3179 1912 3238 Clamor

322 3248 442 3326 Dei,
471 3252 674 3308 clamor
702 3255 930 3326 Spiritus
955 3261 1125 3316 sancti
1144 3303 1160 3327 ,
1207 3262 1407 3320 clamor
1436 3268 1775 3337 propheticus
1802 3286 1911 3329 non

324 3340 643 3397 audiebatur
671 3344 724 3398 in
755 3345 960 3413 Iudaea;
992 3358 1046 3404 et
1074 3351 1286 3409 auditus
1313 3363 1397 3410 est
1420 3356 1474 3411 in
1502 3365 1614 3413 toto
1640 3360 1769 3417 orbe
1801 3370 1909 3417 ter-

321 3445 527 3488 rarum.
554 3435 824 3492 Adversus
848 3439 1007 3495 istum
1034 3456 1223 3499 sonum
1251 3447 1396 3501 surdi
1417 3458 1590 3529 erant,
1615 3450 1754 3507 inter
1771 3468 1908 3523 quos

321 3524 674 3595 cantabatur;
705 3539 758 3584 et
784 3533 981 3599 apertis
1005 3534 1222 3591 auribus
1244 3537 1442 3595 inventi
1464 3524 1606 3608 sunt,
1631 3543 1697 3600 de
1718 3546 1908 3614 quibus

319 3615 522 3673 dictum
544 3629 629 3675 est
651 3638 665 3674 :
687 3622 879 3687 Quibus
902 3641 1002 3680 non
1024 3637 1097 3681 est
1118 3631 1406 3686 nuntiatum
1426 3634 1489 3688 de
1507 3636 1617 3699 illo,
1643 3637 1907 3708 videbunt;

319 3716 368 3760 et
391 3709 480 3776 qui
506 3727 607 3765 non
632 3713 918 3782 audierunt,
943 3717 1222 3789 intelligent
1243 3721 1396 3790 (Isai.
1424 3739 1513 3791 Lit,
1545 3727 1655 3796 15).
1683 3729 1909 3786 Verum-

317 3803 526 3865 tamen,
558 3801 930 3872 dilectissimi,
963 3806 1011 3861 si
1043 3810 1469 3881 consideremus,
1497 3814 1567 3870 de
1590 3817 1681 3871 illo
1705 3821 1908 3888 pariete

317 3889 740 3950 circumcisionis
783 3897 928 3965 prius
974 3907 1097 3955 nata
1137 3909 1219 3956 est
1262 3903 1362 3958 ista
1405 3904 1724 3965 benedictio.
1768 3911 1906 3969 Num

318 3979 462 4035 enim
497 3996 684 4044 omnes
708 3983 878 4041 Judaei
907 3988 1227 4056 perierunt?
1252 3991 1320 4046 Et
1358 3995 1498 4051 unde
1523 3998 1784 4069 Apostoli,
1811 4001 1906 4058 filii

317 4068 730 4142 PrOplietarum,
755 4077 850 4144 ﬁlii
875 4093 1198 4134 excussorum
1226 4081 1397 4154 (Prol.
1426 4101 1613 4156 cxxvr,
1644 4090 1738 4161 4)?
1762 4068 1907 4149 Sicut

313 4158 425 4230 iam
453 4162 741 4220 scientibus
772 4166 1061 4236 loquimur.
1094 4169 1248 4227 Unde
1275 4172 1350 4227 illi
1382 4176 1659 4247 quingenti
1679 4158 1774 4251 qui
1803 4183 1906 4239 Do-

315 4253 522 4306 minum
551 4263 674 4324 post
711 4260 1157 4315 resurrectionem
1199 4262 1464 4332 viderunt,
1498 4283 1629 4338 quos
1665 4285 1903 4330 comme-

315 4351 492 4396 morat
540 4346 811 4414 apostolus
856 4347 1050 4404 Paulus
1094 4349 1137 4424 (Ι
1165 4351 1282 4407 Cor.
1324 4370 1426 4422 xv,
1472 4357 1562 4428 6)?
1625 4359 1777 4416 Unde
1828 4364 1905 4419 illi

315 4441 533 4489 centum
580 4435 764 4507 viginti
793 4438 884 4508 qui
924 4441 1084 4496 simul
1124 4452 1277 4500 erant
1307 4445 1360 4501 in
1387 4463 1492 4503 uno
1521 4449 1640 4506 loco
1666 4463 1788 4523 post
1813 4469 1906 4512 re-

315 4527 712 4584 surrectionem
743 4529 955 4588 Domini
980 4543 1033 4589 et
1060 4537 1427 4596 ascensionem
1458 4541 1513 4597 in
1541 4545 1754 4614 cozlum,
1783 4549 1904 4620 qui-

312 4616 417 4672 bus
437 4619 490 4673 in
517 4634 624 4674 uno
654 4620 774 4678 loco
798 4625 1102 4683 constitutis
1126 4632 1434 4699 supervenit
1447 4632 1672 4704 Spiritus
1687 4616 1905 4697 sanctus

313 4708 404 4766 die
452 4711 800 4770 Pentecostes
847 4715 1043 4773 missus
1081 4719 1150 4775 de
1193 4722 1363 4789 caelo;
1406 4725 1485 4780 sic
1509 4727 1724 4799 missus,
1766 4737 1906 4790 sicut

314 4803 648 4873 promissus?
677 4803 876 4864 Omnes
905 4806 1028 4863 inde
1057 4819 1247 4866 erant:
1274 4821 1329 4868 et
1371 4815 1469 4884 ipsi
1510 4819 1668 4888 primi
1697 4821 1903 4880 habita-

315 4908 508 4954 verunt
534 4900 586 4955 in
618 4917 818 4970 unum,
857 4904 947 4974 qui
983 4905 1162 4960 omnia
1191 4922 1308 4977 quae
1351 4907 1617 4967 habebant
1652 4916 1905 4975 vendide-

316 4998 466 5053 runt,
492 5006 782 5063 rerumque
806 5009 1025 5051 suarum
1051 4997 1217 5064 pretia
1242 4997 1310 5052 ad
1336 4999 1498 5068 pedes
1524 5003 1903 5074 Apostolorum

313 5090 632 5149 posuerunt,
664 5083 803 5139 sicut
830 5085 884 5139 in
912 5085 1136 5142 Actibus
1177 5087 1553 5160 Apostolorum
1582 5093 1810 5166 legitur;
1856 5111 1905 5156 et

314 5173 710 5230 distribuebatur
732 5178 1001 5249 unicuique
1024 5180 1154 5236 sicut
1179 5181 1355 5252 cuique
1373 5199 1501 5254 opus
1525 5196 1669 5254 erat;
1692 5201 1738 5244 et
1757 5208 1903 5250 nemo

314 5262 515 5319 dicebat
538 5266 731 5337 aliquid
773 5270 1056 5339 proprium,
1105 5271 1195 5326 sed
1237 5285 1380 5327 erant
1420 5273 1523 5330 illis
1553 5279 1720 5334 omnia
1759 5298 1902 5340 com-

313 5357 512 5411 munia.
555 5357 624 5412 Et
663 5359 789 5430 quid
829 5369 930 5429 est,
973 5361 1028 5416 in
1076 5365 1278 5418 unum?
1303 5364 1370 5419 Et
1396 5376 1503 5421 erat
1545 5369 1670 5440 illis,
1709 5373 1899 5448 inquit,

313 5448 492 5504 anima
515 5463 619 5503 una
637 5458 684 5503 et
706 5466 794 5504 cor
815 5467 970 5506 unum
993 5453 1046 5506 in
1065 5452 1229 5508 Deum
1249 5455 1381 5526 (Act.
1404 5473 1442 5524 ι,
1466 5475 1524 5527 ιι,
1556 5471 1604 5515 et
1636 5463 1733 5535 Iv).
1761 5465 1903 5539 Ergo

312 5539 418 5608 ipsi
446 5539 595 5609 prius
621 5539 921 5606 audierunt,
949 5540 1084 5598 Ecce
1104 5561 1255 5614 quam
1277 5546 1464 5602 bonum
1486 5559 1535 5604 et
1552 5568 1701 5621 quam
1717 5557 1903 5625 iucun—

311 5627 440 5682 dum
479 5628 705 5684 habitare
731 5634 912 5700 fratres
939 5633 992 5686 in
1030 5650 1204 5689 unum.
1255 5637 1414 5692 Primi
1442 5642 1758 5713 audierunt,
1805 5651 1900 5708 sed

313 5736 426 5777 non
457 5720 558 5778 soli
587 5721 886 5779 audierunt.
933 5725 1050 5782 Non
1087 5729 1228 5784 enim
1258 5744 1424 5801 usque
1447 5733 1514 5788 ad
1542 5735 1662 5793 illos
1687 5740 1786 5796 ista
1812 5742 1897 5799 di-

312 5811 481 5887 lectio
508 5820 566 5870 et
603 5813 776 5887 unitas
805 5812 1028 5876 fratrum
1054 5819 1218 5880 venit.
1270 5819 1428 5879 Venit
1453 5829 1598 5886 enim
1625 5837 1683 5889 et
1704 5830 1770 5891 ad
1795 5847 1897 5907 po-

1485 367 1885 429 ENARRATIO
1916 366 1989 428 IN
2021 367 2346 433 PSALMUM
2380 373 2638 436 CXXXII.

3484 389 3627 450 1750

2047 493 2220 543 steros
2243 487 2638 546 ista‘eharitatis
2667 489 2970 562 exsultatio,
3001 500 3058 550 et
3081 501 3264 553 votum
3289 497 3421 555 Deo.
3449 498 3625 561 Vove-

2045 584 2133 634 tur
2153 580 2294 636 enim
2335 581 2533 652 aliquid
2557 583 2688 651 Deo,
2717 593 2772 642 et
2798 585 2995 642 dictum
3021 591 3168 645 esti:
3199 590 3400 662 Vovete,
3429 604 3477 649 et
3502 597 3624 652 red-

2043 669 2146 724 dite
2174 671 2390 728 Domino
2416 673 2526 730 Deo
2561 684 2724 732 uestro
2767 677 2938 748 (Psal.
2979 695 3150 749 Lxxv,
3179 681 3290 755 12).
3327 685 3515 744 Melius
3540 697 3625 746 est

2039 769 2221 819 autem
2275 780 2380 821 non
2429 783 2640 836 vovere,
2694 786 2852 842 quam
2907 789 3103 832 vovere
3150 786 3204 832 et
3245 792 3352 834 non
3394 779 3623 838 reddere

2046 850 2241 923 (Eccle.
2268 871 2321 922 v,
2361 856 2441 926 4).
2483 858 2590 915 Sed
2619 859 2777 916 debet
2801 877 2921 919 esse
2959 865 3182 937 impiger
3207 868 3449 937 animus,
3482 881 3538 926 ut
3565 879 3623 928 et

2039 952 2249 1008 voveat,
2278 953 2331 1000 et
2357 945 2582 1016 reddat;
2624 965 2693 1006 ne
2730 967 2851 1008 cum
2892 968 2950 1009 se
2992 955 3170 1012 minus
3195 957 3444 1015 idoneum
3471 970 3620 1031 putat

2037 1029 2104 1084 ad
2136 1033 2494 1105 reddendum,
2534 1041 2682 1112 piger
2720 1042 2792 1098 sit
2833 1043 2900 1100 ad
2929 1048 3246 1104 vovendum.
3276 1051 3440 1108 Plane
3473 1029 3619 1109 nun-

2036 1138 2196 1194 quam
2227 1127 2432 1197 reddet,
2460 1131 2505 1185 si
2534 1132 2601 1188 de
2625 1149 2725 1191 suo
2750 1151 2808 1192 se
2833 1141 3098 1208 putaverit
3126 1142 3480 1200 redditurum.

2109 1218 2161 1273 3.
2187 1217 2266 1272 Ex
2296 1234 2426 1276 voce
2455 1221 2613 1295 hujus
2634 1228 2823 1297 psalmi
2851 1232 3099 1301 appellati
3122 1244 3246 1290 sunt
3272 1245 3326 1291 et
3349 1235 3611 1304 Monachi,

2034 1325 2104 1366 ne
2149 1312 2268 1382 quis
2320 1314 2470 1370 vobis
2512 1317 2581 1374 de
2631 1321 2733 1377 isto
2780 1324 2996 1380 nomine
3043 1326 3259 1384 insultet
3301 1329 3612 1388 Catholicis.

2033 1401 2256 1470 Quando
2285 1419 2381 1460 vos
2403 1416 2549 1464 recte
2579 1409 2843 1469 haereticis
2868 1416 2937 1472 de
2963 1417 3369 1477 Circellionibus
3389 1425 3410 1455 ²
3436 1423 3608 1480 insul-

2033 1502 2146 1549 tare
2182 1498 2488 1568 coeperitis,
2518 1509 2576 1556 ut
2616 1505 2980 1564 erubescendo
3019 1512 3323 1580 salvantur;
3353 1515 3428 1570 illi
3457 1516 3612 1575 vobis

2031 1583 2288 1640 insultant
2334 1587 2401 1644 de
2442 1592 2740 1649 monachis.
2788 1595 2967 1654 Primo
2995 1601 3040 1656 si
3065 1605 3409 1675 comparandi
3445 1616 3611 1676 sunt,

2030 1691 2126 1732 vos
2147 1677 2357 1746 videte;
2382 1681 2427 1736 si
2452 1683 2630 1753 verbis
2657 1689 2851 1744 vestris
2877 1690 2897 1720 ³
2919 1705 3056 1762 opus
3083 1705 3185 1763 est,
3203 1697 3313 1766 jam
3334 1698 3608 1756 laboratis.

2031 1766 2150 1823 Non
2188 1785 2322 1840 opus
2361 1780 2481 1841 est,
2522 1775 2625 1832 nisi
2653 1787 2714 1834 ut
2741 1779 3071 1839 admoneatis
3096 1801 3526 1861 unumquemque
3553 1797 3614 1847 ut

2030 1859 2298 1929 attendat;
2331 1864 2507 1920 solum
2533 1869 2791 1937 attendat,
2822 1881 2877 1928 et
2900 1887 3192 1946 comparet.
3218 1879 3355 1947 Quid
3375 1859 3511 1951 opus
3529 1889 3613 1940 est

2026 1953 2204 2010 verbis
2249 1960 2476 2014 vestris?
2521 1962 2911 2033 Comparentur
2956 1969 3156 2027 ebriosi
3203 1986 3326 2028 cum
3374 1971 3610 2044 sobriis,

2027 2048 2327 2118 praecipites
2351 2067 2474 2108 cum
2501 2057 2854 2115 consideratis
2874 2101 2890 2128 ,
2922 2061 3159 2120 furentes
3187 2081 3310 2121 cum
3348 2066 3610 2137 simplici-

2025 2136 2157 2206 bus,
2187 2153 2438 2212 vagantes
2487 2161 2608 2202 cum
2648 2156 3003 2223 congregatis.
3051 2155 3157 2212 Sed
3205 2167 3382 2215 tamen
3425 2136 3610 2217 dicere

2025 2244 2451 2292 consueverunt:
2481 2239 2618 2306 Quid
2645 2243 2748 2298 sibi
2789 2246 2904 2301 vult
2943 2261 3143 2305 nomen
3183 2251 3608 2308 monachorum?

2025 2323 2234 2390 Quanto
2275 2329 2464 2386 melius
2504 2330 2731 2390 dicimus
2770 2351 2869 2392 nos
2899 2355 2912 2392 :
2941 2338 3079 2407 Quid
3118 2340 3221 2397 sibi
3260 2342 3374 2398 vult
3409 2358 3608 2400 nomen

2024 2415 2423 2475 circellionum?
2450 2422 2556 2478 Sed
2585 2440 2716 2493 non,
2744 2427 3021 2498 inquiunt,
3053 2441 3310 2488 vocantur
3335 2433 3602 2492 cireellio-

2024 2520 2138 2562 nes.
2181 2507 2342 2565 Forte
2386 2525 2638 2584 corrupto
2676 2531 2810 2572 sono
2849 2522 3079 2577 nominis
3119 2538 3212 2580 eos
3253 2525 3603 2596 appellamus.

2022 2597 2230 2654 Dicturi
2255 2615 2441 2659 sumus
2466 2605 2618 2662 vobis
2645 2607 2909 2680 integrum
2931 2627 3125 2670 nomen
3151 2615 3422 2686 ipsorum?
3441 2618 3605 2676 Forte

2021 2689 2479 2752 Circumcelliones
2510 2710 2801 2769 vocantur,
2843 2719 2948 2759 non
2978 2707 3332 2765 circelliones.
3362 2709 3527 2769 Plane
3555 2713 3604 2770 si

2020 2781 2124 2839 hoc
2151 2796 2431 2854 vocantur,
2461 2803 2730 2862 exponant
2755 2795 2881 2865 quid
2911 2799 3036 2853 sint.
3065 2800 3198 2857 Nam
3217 2803 3600 2862 circumcellio-

2019 2888 2116 2929 nes
2160 2875 2287 2932 dicti
2332 2889 2492 2948 sunt,
2523 2883 2646 2953 quia
2675 2885 2874 2941 circum
2905 2889 3071 2945 cellas
3096 2902 3394 2962 vagantur:
3425 2896 3604 2952 solent

2021 2967 2164 3023 enim
2194 2969 2275 3026 ire
2299 2971 2430 3039 hac,
2461 2974 2615 3043 illac,
2643 2992 2904 3049 nusquam
2937 2982 3192 3041 habentes
3215 2986 3402 3054 sedes;
3433 2997 3490 3045 et
3518 2989 3599 3045 fa.

2006 3074 2144 3138 ‘cere
2171 3079 2291 3134 qua:
2317 3068 2509 3137 nostis,
2535 3078 2590 3125 et
2610 3085 2729 3141 quae
2756 3072 2832 3128 illi
2858 3084 3076 3143 norunt,
3098 3077 3282 3145 velint,
3306 3079 3497 3136 nolint.

2086 3157 2139 3211 4.
2185 3156 2599 3228 Verumtamen,
2630 3163 2933 3220 charissimi
2952 3209 2968 3234 ,
3001 3177 3125 3223 sunt
3150 3178 3205 3224 et
3231 3171 3321 3240 qui
3350 3171 3600 3228 monachi

2015 3242 2132 3299 falsi
2163 3256 2312 3313 sunt;
2345 3257 2399 3303 et
2424 3265 2521 3306 nos
2548 3252 2797 3309 novimus
2824 3258 2958 3311 tales
2984 3276 2997 3312 :
3023 3259 3119 3313 sed
3150 3275 3257 3314 non
3303 3262 3460 3331 periit
3485 3262 3597 3318 fra-

2015 3335 2235 3392 ternitas
2282 3338 2369 3408 pia
2392 3380 2406 3404 ,
2437 3351 2654 3412 propter
2691 3360 2785 3402 eos
2821 3349 2911 3415 qui
2953 3347 3269 3416 proﬁtentur
3305 3351 3448 3422 quod
3487 3368 3596 3409 non

2013 3438 2154 3483 sunt.
2183 3428 2313 3485 Tam
2358 3441 2482 3488 sunt
2525 3436 2668 3491 enim
2710 3439 2959 3494 monachi
3007 3439 3157 3509 falsi,
3195 3457 3356 3513 quam
3399 3452 3456 3499 et
3482 3443 3597 3500 cle-

2013 3519 2108 3574 rici
2138 3519 2291 3590 falsi,
2316 3532 2370 3578 et
2391 3523 2572 3581 fideles
2595 3527 2734 3582 falsi.
2768 3529 2956 3584 Omnia
2983 3546 3178 3601 genera
3197 3573 3214 3601 ,
3242 3533 3433 3591 fratres
3462 3537 3590 3617 mei,

2013 3600 2114 3666 tria
2135 3627 2254 3682 qum
2280 3614 2563 3685 aliquando
2582 3619 2733 3676 vobis
2754 3600 3263 3692 commendavimus,
3288 3633 3344 3682 et
3367 3636 3423 3683 ut
3441 3611 3592 3699 puto,

2012 3719 2118 3759 non
2138 3707 2325 3775 semel,
2351 3707 2550 3764 habent
2578 3709 2749 3768 bonos
2771 3727 2916 3780 suos,
2937 3714 3134 3771 habent
3152 3719 3323 3774 malos
3343 3733 3469 3775 suos
3490 3718 3590 3792 (a).

2011 3794 2089 3849 De
2131 3797 2302 3851 tribus
2348 3800 2490 3854 enim
2530 3801 2660 3870 ipsis
2699 3805 2987 3873 generibus
3024 3807 3226 3863 dictum
3263 3818 3384 3865 est:
3421 3830 3440 3863 ι
3474 3812 3590 3868 Duo

2010 3885 2065 3939 in
2093 3901 2250 3956 agro;
2275 3904 2413 3943 unus
2438 3902 2759 3962 assumetur,
2781 3905 2834 3950 et
2860 3913 2995 3953 unus
3017 3900 3382 3970 relinquetur:
3411 3914 3464 3958 et
3485 3904 3594 3961 duo

2010 3976 2063 4031 in
2108 3977 2275 4045 lecto;
2334 3995 2470 4036 unus
2513 3993 2848 4054 assumetur,
2881 3997 2935 4043 et
2979 4005 3115 4045 unus
3142 3992 3511 4064 relinquetur:
3541 4008 3597 4054 et

2010 4069 2129 4125 duae
2158 4071 2210 4125 in
2240 4073 2580 4142 molendiuo;
2628 4093 2731 4133 una
2759 4089 3080 4149 assumetur,
3109 4092 3163 4139 et
3189 4101 3291 4140 uua
3317 4088 3590 4158 relinque-

2013 4172 2097 4217 tur
2125 4182 2145 4216 ι
2185 4164 2335 4236 (Luc.
2368 4183 2502 4236 xvn,
2525 4171 2614 4234 54,
2639 4171 2754 4242 55).
2786 4173 2841 4251 lu
2870 4189 2999 4245 agro
3027 4186 3151 4232 sunt
3177 4179 3266 4248 qui
3293 4181 3594 4251 gubernant

2010 4255 2325 4313 Ecclesiam.
2363 4260 2517 4317 Unde
2555 4262 2683 4318 dicit
2718 4247 3005 4336 Apostolus
3045 4247 3251 4341 (videte
3293 4247 3339 4328 si
3383 4291 3491 4329 non
3540 4247 3592 4330 in

2010 4361 2138 4418 agro
2165 4351 2303 4422 erat)
2329 4370 2341 4405 :
2365 4352 2478 4422 Ego
2502 4355 2745 4424 plantavi,
2768 4357 2952 4428 Apollo
2974 4362 3185 4432 rigavit;
3215 4365 3303 4419 sed
3344 4365 3484 4422 Deus
3512 4369 3596 4423 in-

2010 4450 2314 4493 crementum
2367 4442 2506 4496 dedit
2561 4443 2622 4514 (l
2661 4444 2778 4502 Cor.
2825 4465 2918 4516 ιιι,
2965 4451 3056 4520 6).
3117 4451 3174 4508 In
3224 4455 3363 4512 lecto
3413 4466 3594 4515 autem

2009 4541 2104 4584 eos
2149 4530 2370 4603 intelligi
2413 4534 2621 4604 voluit,
2675 4537 2766 4607 qui
2814 4553 3127 4599 amaverunt
3173 4547 3448 4618 quietem;
3497 4567 3596 4622 per

2009 4619 2205 4678 lectum
2266 4625 2410 4681 enim
2470 4629 2704 4698 quietem
2770 4635 2940 4690 voluit
3015 4637 3283 4711 intelligi;
3351 4659 3458 4699 non
3533 4660 3596 4704 se

2009 4713 2295 4772 miscentes
2348 4719 2552 4790 turbis,
2594 4738 2701 4779 non
2752 4729 3002 4784 tumultui
3058 4734 3272 4801 generis
3329 4735 3547 4794 humani
3573 4778 3590 4807 ,

2009 4805 2064 4861 in
2130 4809 2241 4863 otio
2306 4813 2604 4869 servientes
2669 4816 2779 4872 Deo
2838 4837 2852 4872 :
2907 4830 2962 4876 et
3023 4821 3152 4879 inde
3215 4833 3390 4881 tamen
3456 4843 3594 4888 unus

2008 4910 2330 4967 assumetur,
2376 4913 2430 4959 et
2471 4920 2608 4961 unus
2650 4909 2999 4980 relinquetur.
3045 4913 3181 4971 Sunt
3227 4918 3298 4972 ibi
3322 4920 3496 4990 probi,
3536 4934 3595 4982 et

2009 4998 2136 5044 sunt
2175 4991 2247 5047 ibi
2288 4995 2521 5062 reprobi.
2555 4996 2635 5054 Ne
2674 5005 3040 5071 expavescatis
3078 5008 3290 5076 quando
3319 5011 3392 5068 ibi
3438 5014 3593 5072 inve-

2010 5083 2226 5138 niuntur
2266 5089 2512 5157 reprobi;
2554 5107 2676 5148 nam
2701 5103 2757 5151 et
2783 5095 2950 5152 latent
2972 5098 3206 5168 quidam,
3240 5105 3329 5174 qui
3367 5121 3475 5163 non
3509 5110 3594 5166 in-

2007 5175 2291 5233 veniuntur
2318 5180 2418 5237 nisi
2444 5183 2496 5237 in
2524 5183 2650 5240 fine.
2684 5187 2812 5243 Dum
2841 5189 2966 5244 item
2994 5190 3047 5245 in
3077 5194 3384 5253 molendino
3403 5216 3471 5256 ex
3493 5217 3596 5258 no-

2008 5267 2152 5326 mine
2171 5275 2380 5344 generis
2406 5275 2644 5333 feminini
2664 5280 2978 5350 appellavit;
3007 5284 3190 5354 plebes
3204 5289 3345 5346 enim
3367 5292 3592 5367 intelligi

2007 5365 2192 5424 voluit.
2223 5367 2398 5436 Quare
2427 5369 2480 5426 in
2505 5371 2849 5427 molendino?
2876 5373 3007 5442 Quia
3047 5377 3100 5433 in
3127 5379 3229 5435 isto
3249 5385 3448 5441 mundo
3475 5365 3593 5445 ver-

2073 5508 2091 5578 ξ
2116 5506 2304 5578 Aliquot
2477 5510 2522 5556 et
2543 5511 2699 5578 votum
2710 5516 2823 5578 _Deo
2843 5520 3082 5564 voveram.
3112 5524 3344 5571 raserunt
3359 5520 3489 5574 enim
3500 5524 3592 5578 ali-

2008 5568 2126 5631 quid
2151 5567 2265 5631 Déo,
2292 5575 2343 5619 ut
2360 5567 2542 5631 dictum
2563 5575 2766 5631 est,_etc.

2070 5633 2091 5709 ξ
2115 5630 2302 5704 Aliquot.
2325 5627 2773 5709 uesanfircilliones
2801 5645 2819 5683 :
2844 5637 3126 5709 etquidam,
3157 5642 3490 5709 percellianes,

2069 5691 2330 5767 '_Sic‘itss.
2349 5698 2408 5767 at
2440 5691 2584 5752 me,
2607 5694 2782 5744 nostris
2819 5708 2838 5747 .-
2868 5691 3080 5764 etinfra,
3228 5691 3588 5767 suam

2006 5753 2110 5820 (vel
2131 5752 2429 5815 admoneas).
3065 5752 3079 5764 ’
3303 5752 3548 5808 “quum.

2070 5840 2145 5906 (a)
2166 5847 2336 5904 supra,
2353 5838 2404 5894 in
2421 5835 2546 5892 καὶ.
2563 5850 2699 5904 ιω,
2721 5851 2771 5894 n.
2797 5840 2872 5902 t5.

3505 5913 3612 5943 τι
