4074 6486
455 423 601 489 mt‘
1247 493 1250 496 1

457 553 663 608 santur,
692 540 782 598 ubi
808 531 1169 596 molendinum
1202 523 1542 598 intelligitur;
1570 523 1692 596 quia
1722 522 1799 578 sic
1825 520 2050 576 vertitur

348 667 358 676 -
455 639 686 695 mundus
712 635 831 698 iste,
863 626 1130 703 quomodo
1157 625 1295 680 mola
1327 639 1340 676 :
1364 636 1443 676 va:
1471 619 1612 675 enim
1635 629 1769 688 quos
1797 614 2044 670 conterit.

451 727 540 786 Sic
566 729 636 784 ibi
667 725 951 780 verSantu’r
973 717 1153 773 fideles
1180 714 1325 778 boni,
1357 719 1415 766 ut
1443 725 1544 764 una
1571 721 1638 764 ex
1659 707 1736 762 cis
1761 711 2047 761 consuma-

455 829 558 888 tur,
579 821 746 874 altera
770 821 1087 870 assumatur.
1113 805 1378 876 Quasdam
1401 806 1416 836 ³
1439 802 1583 859 enim
1604 800 1842 857 actiones
1863 795 2045 853 mundi

453 912 651 968 faciunt
690 906 977 963 dilectores
1024 900 1225 966 saeculi,
1273 895 1626 962 fraudatores,
1681 893 2040 948 simulatores.

451 995 558 1062 lilii
600 1011 777 1059 autem
806 1002 884 1057 sic
925 1000 996 1054 ibi
1040 1003 1185 1062 sunt,
1226 990 1493 1064 quomodo
1521 988 1598 1043 ait
1635 986 1946 1058 Apostolus,
1977 981 2046 1038 Et

442 1083 756 1171 'qututuntur
785 1095 878 1148 hoc
898 1089 1107 1156 mundo,
1139 1098 1377 1157 tanquam
1395 1099 1497 1137 non
1525 1087 1715 1135 utentes
1743 1075 1884 1143 sint;
1914 1092 2046 1151 prie-

451 1167 567 1246 terit
588 1189 720 1244 enim
742 1187 910 1258 ﬁgura
935 1182 1088 1253 hujus
1110 1179 1285 1233 mundi
1304 1193 1322 1230 :
1341 1175 1449 1229 volo
1467 1190 1553 1228 vos
1577 1173 1683 1228 sine
1702 1167 2046 1240 sollicitudine

447 1279 553 1340 esse
577 1282 618 1356 (1
646 1282 763 1338 Cor.
796 1297 889 1347 vn,
917 1279 1007 1344 '51,
1035 1275 1150 1344 52).
1185 1271 1348 1328 Audis
1370 1285 1486 1340 qua:
1507 1272 1808 1323 assumetur
1827 1263 1894 1319 dc
1923 1277 2042 1319 mo-

448 1353 705 1431 lendino?
734 1371 894 1427 Certe
925 1368 1067 1424 enim
1102 1363 1266 1420 multa
1295 1368 1512 1431 peccata
1535 1357 1782 1412 videntur
1812 1354 1876 1409 ad
1907 1353 2044 1410 divi-

447 1457 530 1522 tes
555 1465 842 1535 pertinere.
873 1460 1004 1516 Cum
1033 1457 1174 1512 enim
1214 1454 1329 1524 plus
1369 1455 1550 1522 agunt,
1593 1456 1646 1502 et
1673 1447 1789 1517 plus
1819 1445 2044 1500 admini-

447 1555 640 1625 strant,
682 1564 737 1613 et
787 1555 903 1627 plus
934 1551 1000 1608 ad
1043 1565 1136 1607 eos
1181 1545 1376 1619 pendet
1417 1557 1505 1599 res
1545 1539 1817 1596 familiaris
1843 1538 2037 1608 ampla,

448 1647 666 1705 difficile
697 1653 778 1702 est
805 1654 861 1701 ut
881 1660 986 1699 non
1017 1642 1170 1713 plura
1201 1645 1413 1709 peccata
1436 1633 1861 1699 contrahant;et
1887 1629 1952 1685 de
1975 1631 2040 1683 il-

444 1738 511 1797 lis
537 1739 736 1795 dictum
763 1744 845 1793 est
871 1735 991 1805 quia
1020 1731 1222 1804 {acilius
1260 1737 1335 1782 est
1366 1726 1557 1780 intrare
1582 1723 1829 1778 camelum
1855 1738 1942 1791 per
1963 1725 2041 1792 fo-

443 1833 616 1884 ramen
646 1846 786 1896 acus,
819 1843 967 1899 quant
993 1823 1192 1877 divitem
1216 1821 1268 1874 in
1298 1833 1509 1889 regnum
1538 1813 1795 1870 calorum.
1827 1810 1894 1866 Et
1919 1826 2042 1884 cum

444 1921 746 1977 'coutristati
787 1919 967 1974 essent
1010 1909 1254 1983 discipuli
1293 1923 1393 1980 pro
1436 1906 1558 1974 illis,
1610 1905 1676 1961 de
1704 1904 1896 1977 quibus
1931 1905 2041 1974 jam

442 2013 831 2084 desperabaut,
875 2008 1182 2064 consolatus
1225 2011 1307 2059 est
1351 2013 1446 2058 eos
1502 1998 1759 2054 Dominus
1801 1997 1986 2052 dicens
2023 2016 2035 2051 :

447 2105 574 2174 Qua?
628 2102 913 2158 hominibus
964 2094 1294 2169 impossibilia
1344 2097 1496 2160 sunt,
1553 2089 1662 2145 Deo
1719 2087 1891 2161 facilia
1919 2099 2035 2144 sunt

447 2197 660 2272 (Matth.
693 2212 802 2260 xm,
829 2191 1046 2262 Ωιι-26).
1071 2186 1351 2256 Quomodo
1377 2193 1556 2239 autem
1583 2181 1714 2238 illud
1743 2180 1896 2236 facile
1919 2179 2042 2235 facit

439 2275 581 2346 Deus
601 2287 779 2343 ?Audi
805 2284 1142 2356 Apostolum,
1179 2281 1222 2336 si
1259 2294 1364 2335 non
1393 2277 1630 2348 negligas
1659 2275 1801 2346 quod
1835 2289 2038 2346 praece-

437 2363 515 2455 pit
543 2401 556 2438 :
583 2375 832 2450 Prwcipe,
881 2375 1072 2448 inquit,
1122 2371 1354 2428 divitibus
1395 2371 1545 2442 hujus
1586 2367 1760 2424 διεσαιί
1798 2383 1901 2421 non
1954 2381 2042 2420 su-

438 2465 589 2549 perbe
625 2489 818 2546 sapere.
848 2470 1060 2526 invenis
1099 2467 1241 2524 enim
1282 2477 1572 2536 pauperem
1611 2460 2033 2532 superbientem,

438 2567 659 2626 divitem
697 2565 994 2628 humilem;
1044 2560 1392 2617 christianum
1423 2557 1560 2612 bene
1604 2552 2036 2609 considerantem

441 2661 566 2736 quia
597 2661 685 2718 illa
707 2658 884 2715 omnia
915 2660 1239 2727 prattereunt
1265 2659 1318 2707 et
1344 2647 1734 2722 praeterfluunt,
1760 2645 1880 2716 quia
1905 2644 2039 2700 nihil

439 2751 616 2812 attulit
644 2753 697 2808 iii
722 2750 864 2806 hunc
906 2746 1184 2813 mundum,
1226 2745 1357 2800 nihil
1389 2751 1563 2814 potest
1600 2739 1667 2797 de
1709 2739 1909 2796 mundo
1937 2755 2037 2794 au-

435 2847 615 2913 ferre;
643 2844 964 2915 cogitantem
992 2837 1437 2912 quemadmodum
1467 2834 1617 2890 dives
1644 2833 1733 2888 ille
1758 2831 1848 2903 qui
1874 2831 2037 2886 arde-

436 2935 532 2996 bat
560 2937 612 2994 in
641 2937 854 2992 ﬂamma
880 2933 1020 3005 apud
1060 2931 1280 2994 inferos,
1323 2937 1526 2998 guttam
1557 2926 1656 2982 Sib‘i
1683 2923 1944 2980 destillari
1969 2923 2036 2978 de

439 3019 608 3100 digito
641 3025 971 3083 desideravit
998 3024 1113 3094 ejus
1142 3021 1232 3092 qui
1262 3019 1424 3074 micas
1446 3017 1512 3073 de
1542 3030 1726 3071 mensa
1762 3015 1877 3084 ejus
1905 3028 2037 3068 con-

445 3121 704 3194 cupierat.
729 3120 1042 3188 Cogitautes
1072 3115 1191 3179 ista,
1221 3114 1421 3168 faciunt
1451 3109 1592 3181 quod
1620 3108 1690 3162 ait
1717 3105 2036 3176 Apostolus:

445 3211 676 3283 iNeque
720 3223 938 3279 sperare
983 3207 1036 3262 in
1080 3208 1284 3260 incerto
1327 3202 1651 3264 divitiarum,
1694 3198 1788 3254 sed
1831 3198 1881 3253 in
1926 3197 2038 3254 Deo

436 3310 582 3374 vivo,
609 3307 699 3378 qui
727 3309 947 3376 prmstat
980 3300 1137 3357 nobis
1173 3299 1350 3353 omnia
1382 3295 1715 3351 abundanter
1756 3290 1821 3347 ad
1852 3289 2035 3345 fruen-

435 3397 587 3458 dum.
614 3397 814 3453 Divites
841 3397 967 3459 sint,
1001 3414 1017 3447 ι
1045 3390 1234 3463 inquit,
1278 3409 1296 3441 ‹
1325 3390 1376 3444 in
1401 3387 1653 3458 operibus
1677 3386 1855 3452 bonis,
1887 3382 2038 3438 facile

437 3491 694 3557 tribuant,
730 3487 1146 3551 communicent,
1187 3483 1568 3538 thesaurizeut.
1601 3499 1620 3533 ι
1655 3480 1718 3534 Ει
1747 3478 1872 3549 quid
1915 3477 2039 3533 inde

438 3579 550 3640 illis
576 3581 746 3638 lucri?
778 3601 798 3634 ί
831 3579 1218 3636 Thesaurizent
1259 3575 1360 3630 sibi
1401 3573 1806 3628 fundamentum
1836 3571 2036 3625 bonum

438 3676 496 3733 in
524 3676 778 3740 futurum,
801 3683 859 3727 ut
879 3669 1280 3742 apprehendaut
1301 3682 1481 3722 veram
1508 3665 1669 3720 vitam
1696 3684 1713 3716 ι
1747 3661 1938 3735 (ITim.
1959 3675 2034 3729 vt,

441 3759 654 3840 {7-19).
675 3765 814 3821 Ecce
838 3781 956 3835 quae
977 3770 1276 3817 assumetur
1297 3758 1363 3813 de
1389 3756 1712 3812 molendino.
1737 3754 1920 3822 Qualis
1945 3769 2041 3807 au-

439 3869 554 3916 tem
583 3855 734 3914 dives
775 3857 862 3910 ille
899 3863 1015 3910 erat
1039 3853 1129 3923 qui
1167 3850 1484 3906 induebatur
1512 3862 1742 3918 purpura
1773 3857 1827 3902 et
1852 3845 2036 3918 bysso,

439 3958 497 4007 et
525 3949 843 4019 epulabatur
866 3945 1106 4018 quotidie
1133 3941 1434 4012 splendide,
1476 3947 1529 3993 et
1551 3939 1817 4009 iacentem
1849 3937 1915 3991 ad
1959 3937 2041 4007 ja-

439 4056 602 4098 nuam
629 4055 778 4095 suam
802 4052 1091 4110 pauperem
1118 4031 1494 4090 contemnebat
1527 4027 1677 4102 (Luc.
1699 4045 1807 4094 1m,
1826 4027 2035 4097 19-24),

440 4133 790 4204 relinquetur.
826 4131 958 4200 Quia
1003 4129 1072 4184 de
1111 4125 1418 4182 molendino
1470 4138 1575 4180 una
1618 4129 1940 4191 assumetur,
1985 4129 2041 4176 et

442 4243 548 4284 una
577 4226 927 4296 relinquetur.

514 4321 570 4377 5.
610 4320 698 4376 Sic
724 4318 854 4374 dicit
881 4324 934 4374 et
961 4314 1207 4371 Ezechiel
1251 4314 1317 4368 dc
1345 4311 1514 4366 tribus
1543 4309 1806 4380 personis,
1836 4308 1888 4363 in
1919 4308 2041 4379 qui-

442 4427 544 4470 nus
569 4427 676 4465 non
708 4408 936 4464 absurde
965 4407 1060 4462 tria
1093 4406 1206 4460 hzec
1229 4419 1426 4474 genera
1448 4400 1792 4471 intelligimus
1819 4418 1830 4452 :
1861 4419 1880 4450 ‹
1907 4398 2038 4454 Cum

445 4502 652 4561 tniserit
693 4500 952 4555 Dominus
993 4496 1224 4568 gladium
1271 4495 1323 4549 in
1353 4501 1574 4559 terram,
1617 4493 1717 4546 etsi
1746 4491 1943 4546 fuerint
1985 4489 2041 4544 in

446 4594 624 4650 medio
651 4607 835 4647 eorum
866 4589 999 4654 Noe,
1045 4583 1225 4643 Daniel
1255 4593 1309 4642 et
1347 4583 1469 4650 Job,
1511 4599 1616 4639 non
1647 4582 1947 4637 liberabant
1973 4581 2041 4634 fi-

446 4673 548 4743 lios
569 4701 743 4756 neque
766 4681 933 4747 filias;
959 4682 1051 4738 sed
1075 4682 1172 4752 ipsi
1192 4681 1291 4734 soli
1313 4679 1444 4734 salvi
1463 4685 1620 4733 erunt
1645 4695 1662 4728 ι
1694 4673 2038 4745 (Ezech.x1v,

446 4773 656 4849 43-16).
685 4775 801 4834 Jam
833 4776 908 4831 illi
939 4775 1065 4830 olim
1096 4773 1308 4828 liberati
1339 4779 1481 4837 sunt,
1514 4768 1608 4823 sed
1644 4769 1696 4822 in
1728 4767 1844 4822 istis
1875 4766 2043 4821 tribus

443 4869 751 4930 hominibus
775 4871 871 4924 tria
893 4881 1087 4938 genera
1114 4864 1357 4935 quaedam
1381 4859 1714 4932 significavit.
1744 4859 1855 4914 Noe
1881 4857 2046 4929 signi-

447 4965 568 5022 ficat
605 4971 843 5020 rectores
890 4959 1168 5022 Ecclesiae,
1200 4957 1320 5027 quia
1366 4955 1480 5026 ipse
1520 4969 1698 5010 arcam
1745 4952 1799 5007 in
1839 4951 2043 5007 diluvio

446 5057 761 5131 gubernavit
801 5052 955 5127 (Gen.
984 5052 1103 5122 vn).
1157 5050 1341 5104 Daniel
1386 5056 1562 5102 autem
1603 5046 1765 5100 vitam
1809 5047 2040 5117 quietam

445 5149 626 5221 elegit,
668 5151 721 5204 in
762 5149 1005 5204 caelibatu
1049 5145 1250 5201 servire
1281 5141 1411 5209 Deo,
1447 5141 1498 5196 id
1537 5149 1636 5206 est,
1667 5154 1889 5195 uxorem
1935 5154 2042 5193 non

447 5241 714 5316 qua-rens.
757 5240 884 5295 Erat
912 5240 992 5293 vir
1032 5246 1269 5299 sanctus,
1310 5236 1360 5288 in
1411 5231 1692 5289 desideriis
1738 5229 2042 5286 cudestibus

450 5336 614 5389 vitam
654 5347 880 5405 gerens;
913 5333 1147 5385 tentatus
1174 5329 1225 5382 in
1258 5325 1458 5394 multis,
1493 5333 1546 5379 et
1582 5323 1824 5378 inventus
1853 5337 2041 5394 aurum

446 5428 712 5486 obrizum.
745 5427 912 5494 Quam
943 5426 1154 5495 quietus
1186 5423 1320 5486 erat,
1365 5419 1452 5490 qui
1484 5428 1537 5474 et
1571 5417 1708 5472 inter
1733 5413 1916 5471 leones
1951 5429 2041 5470 sc-

447 5535 612 5578 curus
638 5528 753 5575 erat
774 5518 937 5588 (Dan.
963 5533 1057 5582 vi;
1086 5524 1133 5569 et
1163 5529 1274 5575 xiv,
1306 5511 1526 5582 28-59)!
1561 5510 1699 5580 Ergo
1742 5509 1794 5563 in
1825 5508 2042 5564 nomine

455 5615 710 5679 Dauielis,
755 5614 844 5684 qui
879 5611 1039 5666 etiam
1088 5611 1165 5664 vir
1204 5605 1566 5661 desideriorum
1615 5613 1698 5659 cst
1745 5602 2040 5673 appellatus

449 5709 566 5782 (Id.
599 5725 652 5774 χ,
682 5707 806 5777 ii);
849 5703 944 5758 sed
983 5703 1163 5770 utique
1205 5708 1472 5754 castorum
1512 5705 1671 5766 atque
1711 5702 2037 5761 sanctorum,

449 5802 816 5874 significantur
847 5796 992 5854 servi
1022 5794 1138 5862 Dei,
1173 5794 1240 5850 de
1265 5793 1459 5863 quibus
1494 5791 1709 5861 dicitur,
1735 5785 1868 5847 Ecce
1889 5801 2040 5864 quam

516 5915 536 5949 ⁸
562 5921 638 5967 Br.
665 5920 720 5967 et
741 5911 967 5978 plerique
988 5916 1119 5972 Ias,
1142 5905 1391 5971 quosdam.

1702 401 1767 464 s.
1803 375 2166 462 Aususﬂtii
2196 385 2500 462 EPISCOPI
2561 374 2566 378 ’

2121 528 2124 532 ’
2163 519 2347 576 bonum
2374 532 2420 576 et
2440 537 2592 593 quam
2617 520 2898 593 iucundum
2926 493 3152 582 habitare
3181 527 3364 600 fratres
3389 527 3446 584 in
3473 543 3650 586 unum.
3681 519 3744 591 in

3597 381 3748 474 ἐπ’

2152 616 2368 672 nomine
2395 615 2496 673 Job
2539 615 2867 688 significatur
2891 632 2998 674 una
3037 617 3130 675 illa
3163 619 3232 677 de
3273 621 3581 678 molendino
3620 639 3746 696 quas

2129 717 2467 764 'assumetur.
2492 710 2730 764 Habebat
2753 711 2894 765 enim
2921 721 3165 781 uxorem,
3193 713 3424 770 habebat
3447 715 3606 784 filios,
3638 717 3745 772 ha-

2149 801 2309 858 bebat
2342 804 2536 858 multas
2563 802 2818 871 divitias;
2844 811 2900 860 et
2927 811 3038 859 tam
3082 806 3244 861 multa
3285 805 3516 864 habebat
3553 811 3608 864 in
3634 809 3746 866 isto

2155 898 2377 964 sacculo,
2410 906 2468 952 ut
2491 897 2736 956 diabolus
2762 899 2866 956 hoc
2891 899 2942 956 ei
2967 899 3248 970 objiceret,
3275 901 3399 972 quia
3425 917 3530 956 non
3552 905 3741 973 gratis,

2150 990 2244 1047 sed
2273 1000 2491 1062 pr0ptcr
2517 1007 2580 1046 ea
2610 1007 2729 1064 qua:
2769 1001 3084 1065 acceperat,
3129 993 3344 1050 colebat
3391 994 3577 1049 Deum.
3621 994 3736 1050 Hoc

2149 1084 2346 1154 obiecit
2391 1069 2726 1140 adversarius
2756 1092 2943 1140 sancto
2989 1085 3143 1140 viro:
3172 1093 3228 1141 et
3265 1085 3321 1140 in
3358 1086 3746 1142 tentationibus

2147 1177 2260 1231 suis
2289 1176 2540 1246 probatus
2585 1182 2669 1232 est
2703 1185 2860 1247 quam
2889 1177 3054 1247 gratis
3081 1175 3182 1232 Job
3209 1177 3412 1232 coleret
3454 1167 3646 1244 Deum,
3685 1187 3748 1234 et

2149 1283 2255 1324 non
2284 1277 2504 1339 propter
2533 1269 2620 1324 illa
2648 1284 2765 1340 quae
2803 1276 3105 1339 acceperat,
3137 1269 3231 1324 sed
3258 1275 3478 1340 propter
3503 1283 3626 1325 eum
3647 1271 3746 1342 qui

2149 1363 2390 1418 dederat.
2421 1362 2648 1417 Amissis
2675 1361 2857 1432 itaque
2883 1360 3131 1416 omnibus
3151 1361 3428 1430 repentina
3453 1360 3746 1417 afﬂictione

2147 1463 2203 1513 et
2229 1455 2540 1521 tentatione,
2571 1455 2766 1510 amissa
2797 1454 3128 1516 haereditate,
3158 1453 3370 1510 amissis
3411 1453 3740 1520 haeredibus,

2147 1547 2261 1604 sola
2287 1547 2514 1617 conjuge
2556 1546 2659 1602 sibi
2698 1545 2906 1614 relicta,
2936 1561 3042 1602 non
3069 1545 3136 1601 ad
3165 1544 3612 1610 consolationem,
3645 1545 3744 1602 sed

2146 1640 2215 1696 ad
2258 1641 2633 1706 tentationem,
2683 1640 2758 1717 ait
2795 1638 2938 1708 quod
2987 1638 3178 1707 nostis,
3217 1655 3240 1690 ‹
3279 1638 3533 1694 Dominus
3571 1638 3741 1708 dedit,

2127 1732 2406 1788 Dominus
2453 1732 2704 1798 abstulit;
2749 1731 2886 1787 sicut
2920 1731 3151 1787 Domino
3181 1731 3397 1802 placuit,
3430 1731 3501 1786 ita
3542 1729 3744 1787 factum

2145 1835 2228 1884 est
2256 1845 2269 1880 :
2295 1828 2365 1882 sit
2394 1840 2589 1882 nomen
2620 1825 2826 1882 Domini
2854 1825 3191 1881 benedictum
3215 1841 3234 1876 ι
3267 1823 3411 1894 (Job.
3441 1822 3504 1894 ι).
3533 1823 3736 1896 Imple-

2147 1925 2258 1975 tum
2287 1926 2369 1974 est
2403 1918 2456 1974 in
2487 1933 2552 1974 eo
2581 1917 2722 1988 quod
2750 1916 2990 1988 quotidie
3017 1924 3315 1985 cantamus,
3347 1915 3393 1970 si
3420 1923 3476 1971 et
3498 1914 3743 1971 moribus

2145 2025 2502 2069 consonemus
2528 2029 2543 2066 :
2572 2028 2592 2061 ι
2622 2009 2940 2065 Benedicam
2987 2009 3269 2064 Dominum
3317 2008 3372 2062 in
3419 2009 3561 2063 omni
3593 2017 3741 2064 tem-

2146 2109 2312 2176 pore;
2338 2117 2551 2172 semper
2577 2101 2693 2157 laus
2715 2101 2829 2172 ejus
2851 2102 2907 2156 iu
2933 2115 3028 2157 ore
3055 2115 3177 2156 meo
3203 2118 3223 2153 ι
3256 2099 3426 2172 (Psat.
3449 2099 3740 2170 xxxru,2).

2147 2196 2290 2267 Ergo
2330 2195 2386 2250 in
2415 2195 2532 2250 istis
2558 2193 2732 2250 tribus
2763 2193 3066 2248 nominibus
3090 2193 3107 2225 ¹
3136 2191 3431 2263 significata
3473 2193 3601 2246 sunt
3636 2189 3742 2246 tria

2143 2303 2343 2361 genera
2374 2287 2676 2355 hominum,
2717 2293 2771 2342 et
2808 2287 2862 2342 in
2901 2286 3008 2342 illis
3037 2286 3208 2342 tribus
3241 2297 3429 2342 rursus
3465 2284 3523 2341 iu
3562 2283 3741 2340 Evan-

2144 2382 2308 2455 gelia,
2336 2393 2456 2452 quae
2483 2379 2922 2437 commemoravi.
3399 2391 3412 2405 ι

2216 2477 2271 2534 6.
2313 2475 2452 2544 Quid
2483 2487 2612 2546 ergo
2636 2472 2820 2529 dicunt
2863 2471 2940 2527 illi
2969 2471 3060 2542 qui
3091 2470 3245 2526 nobis
3268 2469 3338 2527 de
3376 2470 3594 2526 nomine
3621 2483 3742 2524 mo—

2143 2567 2439 2624 na'chomm
2480 2563 2774 2621 insultant?
2824 2563 3076 2619 Fortasse
3121 2561 3314 2618 dicturi
3357 2569 3522 2616 sunt:
3555 2560 3742 2616 Νοειή

2144 2675 2251 2717 non
2281 2666 2544 2715 vocantur
2565 2657 3028 2713 Circumcelliones
3056 2672 3069 2708 :
3098 2669 3193 2710 vos
3213 2653 3331 2709 illos
3355 2653 3427 2707 ita
3456 2651 3741 2724 appellatis

2135 2753 2532 2809 contumelioso
2556 2751 2774 2807 nomine
2797 2767 2811 2816 ;
2835 2764 2957 2804 nam
2984 2762 3084 2804 nos
3110 2761 3205 2804 eos
3233 2747 3304 2803 ita
3325 2762 3432 2803 non
3459 2760 3733 2802 vocamus.

2143 2846 2334 2903 Dicant
2367 2844 2492 2915 quid
2528 2858 2622 2900 eos
2661 2853 2873 2911 vocent,
2904 2849 2960 2899 et
2999 2841 3246 2897 audietis.
3277 2839 3613 2910 Agonisticos
3641 2854 3739 2896 eos

2141 2948 2356 2995 vocant.
2395 2937 2649 2993 Fatemur
2690 2944 2746 2992 et
2786 2950 2885 2990 nos
2934 2935 3160 2989 honesto
3203 2933 3441 2998 nomine,
3478 2933 3524 2987 si
3567 2940 3623 2987 et
3647 2945 3739 2987 res

2143 3031 2477 3089 conveniret.
2505 3029 2610 3086 Sed
2641 3028 2851 3084 interim
2875 3026 3001 3082 illud
3023 3025 3201 3081 videat
3225 3023 3489 3080 Sanctitas
3509 3030 3684 3077 vestra
3718 3039 3734 3076 :

2143 3126 2234 3196 qui
2262 3124 2417 3179 nobis
2457 3121 2659 3186 dicunt,
2701 3118 2978 3175 Ostendite
3010 3117 3100 3172 ubi
3135 3117 3394 3186 scriptum
3431 3113 3500 3168 sit
3526 3118 3737 3167 'nomen

2143 3214 2552 3281 monachorum,
2581 3212 2866 3270 ostendant
2890 3211 2978 3267 ubi
3010 3209 3264 3280 scriptum
3296 3207 3366 3264 sit
3388 3221 3585 3262 nomen
3609 3219 3742 3274 ago-

2142 3310 2478 3365 nisticorum.
2521 3306 2609 3363 Sic
2653 3319 2780 3372 eos,
2824 3303 3105 3374 inquiunt,
3149 3298 3480 3371 appellamus
3518 3303 3742 3368 propter

2143 3417 2389 3473 agonem.
2420 3400 2640 3457 Certant
2667 3399 2850 3464 enim;
2879 3405 2934 3452 et
2956 3396 3088 3452 dicit
3130 3395 3438 3466 Apostolus,
3471 3391 3742 3449 Certamen

2143 3493 2330 3549 bonum
2363 3491 2550 3547 cei-lavi
2576 3489 2640 3561 (ll
2667 3489 2802 3544 Tim.
2831 3505 2905 3554 tv,
2937 3487 3015 3560 7).
3050 3487 3182 3556 Quia
3231 3493 3356 3542 sunt
3393 3485 3483 3556 qui
3522 3490 3735 3540 certant

2143 3590 2406 3643 adversus
2427 3585 2722 3649 diabolum,
2752 3592 2806 3638 et
2838 3583 3147 3653 przevalent,
3176 3580 3372 3636 milites
3396 3578 3591 3634 Christi
3613 3589 3743 3648 ago-

2145 3681 2320 3736 nistici
2362 3678 2722 3750 appellantur.
2754 3673 2970 3732 Utinam
3018 3687 3146 3745 ergo
3180 3672 3378 3727 milites
3406 3669 3604 3726 Christi
3644 3681 3739 3724 es-

2145 3785 2284 3840 sent,
2317 3782 2371 3828 et
2415 3787 2524 3826 non
2565 3769 2760 3825 milites
2799 3766 3016 3834 diaboli,
3057 3779 3089 3819 a
3125 3763 3318 3835 quibus
3345 3762 3462 3833 plus
3492 3761 3738 3827 timetur,

2148 3867 2260 3922 Dco
2281 3863 2465 3920 laudes
2489 3861 2588 3934 (a),
2624 3876 2782 3931 quam
2813 3857 3055 3913 fremitus
3075 3857 3267 3912 leonis.
3298 3855 3362 3910 Hi
3389 3855 3548 3910 etiam
3577 3851 3745 3908 insul-

2146 3967 2262 4013 tare
2295 3956 2450 4012 nobis
2476 3953 2694 4020 audent,
2726 3950 2850 4022 quia
2871 3949 3084 4012 fratres,
3115 3963 3240 4003 cum
3265 3945 3445 4002 vident
3470 3943 3740 4012 homines,

2151 4049 2264 4104 Deo
2309 4043 2604 4118 gratias(b)
2634 4045 2838 4100 dicunt.
2873 4041 3010 4110 Quid
3053 4048 3155 4108 est,
3180 4039 3446 4111 inquiunt,
3479 4037 3590 4095 Deo
3619 4052 3745 4109 gra-

2145 4140 2284 4194 tias?
2300 4140 2447 4194 ltanc
2467 4136 2661 4192 surdus
2691 4151 2770 4199 es.
2796 4143 2856 4190 ut
2875 4132 3082 4189 nescias
3099 4130 3225 4203 quid
3254 4131 3342 4198 sit,
3369 4130 3476 4186 Deo
3497 4127 3737 4201 gratias?

2145 4231 2243 4300 Qui
2275 4225 2425 4292 dicit,
2463 4229 2574 4282 Deo
2602 4226 2824 4298 gratias,
2848 4225 3044 4296 gratias
3084 4223 3196 4293 agit
3233 4221 3365 4277 Deo.
3394 4219 3530 4277 Vide
3560 4221 3606 4276 si
3631 4233 3742 4277 non

2146 4322 2304 4378 debet
2331 4320 2493 4375 frater
2521 4318 2632 4372 Deo
2660 4319 2857 4388 gratias
2899 4328 3082 4386 agere,
3106 4311 3320 4384 quando
3345 4309 3492 4366 videt
3516 4309 3743 4367 fratrem

2145 4428 2322 4468 suum.
2342 4410 2478 4464 Num
2508 4409 2651 4464 enim
2680 4423 2785 4462 non
2814 4415 2896 4462 est
2925 4405 3073 4460 locus
3102 4402 3496 4474 gratulationis,
3524 4397 3742 4472 quando

2147 4519 2206 4560 se
2242 4502 2468 4558 invicem
2494 4497 2676 4554 vident
2702 4496 2792 4568 qui
2824 4495 3066 4551 habitant
3095 4495 3151 4550 in
3190 4489 3440 4550 Christo?
3468 4492 3534 4547 Et
3562 4501 3741 4546 tamen

2147 4607 2243 4652 vos
2275 4597 2382 4652 Deo
2403 4594 2597 4667 gratias
2619 4599 2857 4647 nostrum
2885 4581 3072 4645 ridetis
3101 4606 3114 4643 :
3149 4587 3260 4643 Deo
3287 4584 3473 4642 laudes
3500 4595 3740 4640 vestrum

2145 4691 2360 4764 plorant
2389 4687 2652 4744 homines.
2693 4683 2800 4741 Sed
2846 4689 2994 4740 certe
3019 4681 3328 4739 reddidistis
3368 4680 3635 4736 rationem
3673 4676 3743 4735 do

2147 4783 2387 4847 nomine,
2426 4793 2592 4850 quare
2620 4775 2900 4848 appelletis
2937 4773 3279 4847 agonisticos.
3314 4771 3390 4826 ita
3421 4770 3529 4834 flat,
3558 4779 3620 4824 ut
3642 4782 3741 4840 ap-

2149 4874 2390 4947 pellatis;
2421 4871 2494 4928 ita
2529 4871 2638 4935 fiat,
2673 4867 2894 4923 omnino
2931 4864 3194 4922 favemus.
3227 4863 3451 4920 Prtestet
3478 4861 3744 4917 Dominus

2149 4977 2206 5022 ut
2232 4966 2306 5022 illi
2337 4974 2521 5021 contra
2553 4961 2822 5018 diabolum
2860 4966 3089 5022 certent,
3133 4963 3188 5012 et
3229 4971 3338 5011 non
3368 4963 3550 5011 contra
3575 4953 3743 5010 Chri-

2149 5069 2310 5132 stum,
2363 5056 2515 5126 cujus
2560 5060 2948 5124 persequuntur
3000 5048 3316 5104 Ecelesiam.
3367 5045 3567 5102 Tamen
3616 5045 3741 5116 quia

2148 5149 2377 5216 certant,
2407 5147 2584 5203 dicitis
2610 5144 2964 5217 agonisticos:
2995 5135 3042 5197 et
3073 5141 3351 5198 invenistis
3386 5137 3524 5195 u‘nde
3553 5135 3740 5210 appel-

2146 5243 2286 5304 letis,
2332 5241 2454 5312 quia
2499 5239 2634 5294 dixit
2683 5234 2994 5309 Apostolus,
3038 5231 3239 5289 Bonum
3277 5251 3490 5306 agonem
3531 5227 3738 5287 certavi.

2148 5339 2323 5408 Quare
2356 5350 2485 5406 ergo
2529 5343 2583 5389 et
2622 5347 2718 5387 nos
2756 5347 2863 5388 non
2900 5324 3228 5402 appellemus
3262 5323 3580 5396 monachos,
3619 5340 3739 5379 cum

2143 5427 2290 5485 'dicat
2317 5427 2578 5490 Psalmus,
2625 5421 2759 5478 Ecce
2787 5439 2939 5493 quam
2965 5422 3151 5477 bonum
3190 5429 3237 5476 et
3265 5435 3417 5492 quam
3446 5415 3740 5491 jucundum

2150 5522 2374 5576 habitare
2396 5523 2579 5591 fratres
2605 5517 2658 5572 in
2687 5514 2879 5571 unum?
2901 5522 3056 5577 Μόνος
3081 5513 3223 5569 enim
3255 5500 3394 5567 unus
3419 5509 3619 5566 dicitur
3648 5527 3660 5563 :
3687 5514 3738 5564 et

2145 5630 2254 5670 non
2279 5628 2415 5666 unus
2435 5607 2967 5680 quomodocumque;
2992 5621 3113 5661 nam
3136 5613 3191 5660 et
3217 5604 3268 5660 in
3291 5604 3443 5664 turba
3471 5611 3552 5660 est
3576 5613 3733 5663 unus.

2211 5750 2229 5780 ί
2254 5748 2328 5797 sic
2350 5754 2448 5794 Am.
2475 5749 2549 5792 Er.
2571 5749 2624 5793 et
2643 5748 2754 5792 uss.
2786 5747 2842 5790 At
2861 5745 2993 5804 ωι,
3017 5737 3300 5792 meum

2233 5834 2285 5882 ai
2311 5840 2409 5882 vox
2429 5827 2895 5880 Circumcellionum.

2233 5847 2264 5882 α
2311 5840 2409 5882 vox
2429 5835 2794 5880 Circumcellion

2210 5835 2289 5961 ibi
2311 5902 2413 5946 vox
2442 5891 2794 5946 Monachowm.
