4074 6464
261 469 378 556 {sed
405 507 508 552 una
531 490 546 524 ί
574 503 696 548 cum
724 489 906 548 multis
929 499 1066 548 unus
1105 487 1212 548 dici
1236 497 1429 562 potest,
1458 502 1594 560 μόνος
1620 506 1724 546 ιιοιι
1756 505 1854 560 po-

257 595 406 654 _test,
454 584 508 640 id
548 593 648 648 est,
693 583 840 638 solus
869 601 883 639 :
909 593 1045 652 μόνος
1085 583 1224 639 enim
1259 599 1398 640 unus
1438 584 1582 638 solus
1622 591 1724 638 est.
1756 581 1857 650 Qui

283 694 408 750 ergo
441 677 518 732 sic
545 676 732 731 vivunt
753 677 808 730 in
849 691 1034 742 unum,
1062 685 1310 730 utunum
1341 675 1608 729 hominem
1640 673 1852 740 faciant,

284 781 337 826 ut
367 769 436 825 sit
463 767 566 824 illis
593 782 720 822 vere
745 766 886 838 quod
909 767 1160 836 scriptum
1173 775 1272 832 est,
1305 783 1409 820 una
1427 765 1599 819 anima
1627 774 1673 820 et
1699 780 1855 818 unum

281 875 404 926 cor;
431 858 596 913 multa
637 871 882 928 corpora,
925 856 1022 912 sed
1051 871 1158 910 non
1195 856 1376 914 multae
1415 856 1640 922 animae;
1687 857 1852 910 multa

280 951 520 1020 corpora,
547 947 640 1004 sed
665 961 774 1002 non
799 948 966 1003 multa
993 945 1190 1014 corda;
1222 955 1366 1004 recte
1395 947 1588 1002 dicitur
1609 957 1768 1016 μόνος,
1799 947 1853 1002 id

281 1049 358 1098 est
377 1056 512 1096 unus
537 1039 703 1096 solus.
732 1038 880 1096 Unde
902 1047 958 1094 et
975 1039 1064 1096 ille
1084 1054 1220 1094 unus
1248 1039 1534 1095 sanabatur
1552 1040 1606 1096 in
1627 1039 1846 1110 piscina.

277 1117 654 1202 ReSpondeant
677 1132 832 1188 nobis
853 1141 908 1190 et
938 1141 1226 1202 exponant,
1255 1133 1344 1203 qui
1365 1133 1620 1188 insultant
1648 1133 1850 1190 nomini

279 1224 672 1289 monachorum,
699 1239 863 1294 quare
887 1224 973 1279 ille
998 1226 1088 1296 qui
1115 1225 1360 1280 inventus
1384 1235 1462 1280 est
1487 1225 1698 1296 triginta
1726 1237 1848 1282 octo

277 1329 435 1370 annos
456 1313 657 1370 habens
675 1315 725 1370 in
745 1316 1066 1380 inﬁrmitate,
1087 1315 1189 1372 hoc
1210 1317 1572 1386 reSpondisset
1589 1318 1843 1373 Domino:

277 1405 394 1460 Cum
423 1415 558 1462 mota
579 1407 728 1477 fuerit
745 1423 895 1479 aqua,
923 1424 1022 1464 non
1049 1409 1204 1463 habeo
1225 1411 1312 1480 qui
1337 1411 1554 1479 deponat
1581 1427 1658 1464 me
1669 1425 1689 1474 ;
1714 1411 1846 1466 alius

274 1507 382 1554 ante
415 1516 492 1552 me
530 1499 782 1554 descendit
825 1497 1000 1571 (Joan.
1029 1516 1083 1566 v,
1106 1501 1160 1569 5,
1189 1501 1266 1571 7).
1299 1501 1656 1558 Descenderat
1683 1517 1838 1567 unus,

270 1575 372 1660 iam
415 1591 554 1646 alius
582 1605 688 1646 non
733 1589 1106 1647 descendebat.
1151 1591 1296 1648 Unus
1332 1592 1476 1647 solus
1517 1591 1838 1660 sanahatur;

276 1681 528 1736 unitatem
562 1681 814 1736 Ecclesia:
843 1681 1121 1752 ﬁgurabat.
1145 1679 1333 1736 Merito
1363 1683 1614 1737 insultant
1641 1683 1839 1738 nomini

273 1771 504 1840 unitatis,
539 1773 627 1842 qui
655 1786 714 1828 se
747 1772 815 1826 ab
857 1774 1054 1828 unitate
1093 1773 1467 1843 prmciderunt.
1515 1773 1702 1830 Merito
1733 1775 1839 1830 illis

269 1859 508 1930 displicet
533 1877 726 1918 nomen
755 1862 1158 1928 monachorum,
1201 1865 1322 1934 quia
1357 1863 1430 1918 illi
1470 1863 1657 1919 nolunt
1685 1865 1836 1920 habi-

233 2011 238 2016 ,
269 1943 378 2012 tare
403 1955 456 2012 in
475 1971 640 2012 unum
667 1970 784 2012 cum
807 1953 1058 2012 fratribus
1083 1975 1096 2022 ;
1122 1955 1211 2011 sed
1243 1967 1526 2027 sequentes
1548 1957 1832 2027 Donatum,

267 2033 526 2104 Christum
547 2047 878 2104 dimiserunt.
909 2045 1032 2102 llaec
1053 2049 1119 2103 de
1143 2063 1269 2116 uno,
1294 2057 1348 2103 et
1373 2065 1476 2104 uno
1503 2049 1616 2104 solo
1637 2049 1837 2106 audivit

265 2123 501 2194 Charitas
521 2147 724 2206 vestra;
750 2139 858 2210 jam
877 2137 1231 2210 jucundemur
1259 2155 1380 2194 cum
1411 2139 1644 2208 Psalmo,
1669 2149 1725 2194 ut
1750 2155 1836 2196 se-

264 2227 476 2300 quentia
509 2227 803 2284 videamus.
850 2229 1032 2284 Brevis
1061 2237 1175 2295 est;
1205 2237 1378 2300 potest
1419 2245 1450 2286 a
1477 2231 1629 2286 nobis
1667 2231 1829 2299 curri,

263 2309 514 2388 quantum
542 2317 798 2374 Dominus
827 2321 1082 2390 suggerit.
1125 2319 1260 2374 Puto
1301 2321 1452 2400 enim.
1481 2335 1546 2375 ex
1595 2319 1676 2376 bis
1713 2337 1831 2392 quae

262 2405 398 2463 dicta
420 2419 563 2476 sunt,
591 2417 775 2481 patere
800 2421 954 2481 posse
984 2425 1102 2481 quae
1128 2419 1446 2482 sequuntur,
1475 2411 1715 2482 quamvis
1742 2413 1830 2468 illa

259 2495 538 2572 videantur
565 2499 826 2576 obscura.)

327 2569 384 2645 7.
413 2589 564 2662 [vers.
593 2589 674 2664 2.]
711 2573 842 2647 Ecce
867 2607 1016 2662 quant
1055 2591 1238 2648 bonum
1286 2599 1332 2647 et
1366 2609 1516 2664 quam
1543 2593 1830 2665 jucundum

259 2683 488 2737 habitare
533 2687 715 2754 fratres
763 2683 818 2740 in
864 2701 1037 2738 unum.
1085 2683 1408 2750 Ostendebat
1455 2685 1542 2755 qui
1597 2685 1824 2754 dicebat,

225 2769 230 2776 ’
260 2767 414 2826 Ecce.
441 2771 692 2828 Videmus
711 2781 762 2828 et
788 2789 905 2840 nos,
930 2773 1141 2843 fratres,
1163 2781 1218 2830 et
1236 2773 1600 2830 benedicimus
1627 2777 1823 2843 Deum;

221 2865 224 2868 ‘
257 2863 313 2918 ει
336 2877 570 2930 oramus,
621 2869 678 2918 ut
704 2865 938 2919 dicamus
966 2871 1020 2920 et
1049 2877 1166 2930 nos,
1197 2863 1345 2919 Ecce.
1379 2865 1445 2920 Et
1470 2867 1554 2921 cui
1578 2865 1654 2923 rei
1682 2865 1829 2922 simi-

261 2949 338 3008 les
377 2959 522 3018 sunt,
549 2951 687 3008 dicat
713 2953 974 3010 Psalmus.
1015 2955 1160 3011 Sicut
1203 2965 1509 3028 unguentum
1546 2959 1601 3012 in
1643 2959 1822 3030 capite,

257 3042 387 3112 quod
412 3041 664 3096 descendit
690 3044 742 3097 in
773 3043 995 3109 barbam,
1016 3043 1220 3098 barbam
1247 3047 1446 3112 Aaron;
1468 3048 1602 3116 quod
1630 3049 1826 3104 descen.

258 3129 330 3187 dit
354 3133 404 3188 in
433 3149 575 3188 oram
611 3136 886 3189 vestimenti
913 3138 1044 3208 ejus.
1083 3135 1254 3191 Aaron
1281 3137 1407 3208 quid
1447 3139 1594 3194 erat?
1635 3141 1824 3197 Sacer-

255 3217 366 3280 d0s.
392 3223 522 3293 Quis
542 3233 622 3279 est
646 3227 916 3293 sacerdos,
949 3225 1048 3281 nisi
1079 3241 1216 3282 unus
1242 3229 1510 3298 sacerdos,
1535 3231 1623 3300 qui
1653 3233 1823 3286 intra-

253 3313 326 3370 vit
365 3316 416 3370 in
445 3325 626 3371 sancta
653 3317 998 3371 sanctorum?
1023 3317 1150 3384 Quis
1181 3327 1262 3372 est
1290 3319 1392 3373 iste
1417 3319 1687 3386 sacerdos,
1721 3321 1824 3378 nisi

253 3405 339 3476 qui
369 3405 465 3461 fuit
491 3414 547 3461 et
569 3407 782 3462 victima
828 3417 882 3463 et
911 3409 1198 3464 sacerdos?
1240 3409 1342 3466 nisi
1371 3409 1462 3468 ille
1487 3413 1575 3482 qui
1605 3429 1728 3470 cum
1769 3415 1822 3470 in

252 3491 443 3553 mundo
469 3513 575 3553 non
593 3499 854 3554 inveniret
881 3501 1134 3555 mundum
1162 3501 1302 3572 quod
1327 3502 1567 3574 offerret,
1588 3505 1821 3574 seipsum

252 3589 474 3646 obtulit?
497 3589 554 3646 in
580 3593 751 3664 capite
777 3594 940 3664 ipsius
967 3601 1315 3665 unguentum,
1354 3595 1474 3666 quia
1502 3604 1643 3652 totus
1671 3597 1824 3652 Chri-

254 3685 359 3738 stus
378 3697 499 3738 eum
523 3683 758 3740 Ecclesia
788 3702 803 3740 :
827 3687 920 3741 sed
941 3701 970 3740 ει
1000 3687 1171 3756 capite
1194 3689 1338 3742 venit
1355 3699 1696 3759 unguentum.
1723 3689 1820 3744 Ga-

249 3763 339 3841 put
377 3785 618 3830 nostrum
648 3775 888 3830 Christus
941 3783 1056 3843 est;
1099 3777 1404 3832 cruciﬁxum
1445 3789 1499 3834 et
1535 3781 1817 3850 sepultum,

247 3863 613 3920 resuscitatum
655 3865 894 3920 ascendit
939 3865 990 3921 in
1036 3867 1266 3933 caelum;
1311 3875 1362 3924 et
1404 3870 1548 3924 venit
1593 3870 1820 3940 Spiritus

213 3953 216 3956 ’
247 3959 460 4009 Sanctus
498 3969 527 4009 a
552 3957 743 4024 capite.
771 3955 929 4023 Quo?
958 3957 1038 4011 Ad
1067 3956 1308 4012 barbam.
1347 3957 1518 4015 Barba
1560 3961 1822 4031 significat

246 4035 446 4112 fortes;
478 4045 642 4101 barba
683 4047 944 4117 signiﬁcat
967 4047 1209 4118 juvenes,
1241 4059 1508 4120 strenuos,
1542 4052 1815 4123 impigros,

245 4129 470 4192 alacres.
521 4135 648 4192 ldeo'
696 4137 908 4208 quando
957 4140 1092 4195 tales
1137 4139 1518 4210 describimus,
1563 4143 1819 4200 Barbatus

213 4219 408 4284 'homo
451 4235 552 4294 θείς
597 4225 840 4286 dicimus.
890 4231 1028 4303 Ergo
1065 4233 1198 4289 illud
1232 4235 1461 4304 primum
1495 4247 1816 4308 unguentum

248 4315 521 4374 descendit
548 4317 601 4374 in
628 4319 937 4391 Aposmlos;
970 4323 1244 4380 descendit
1271 4326 1326 4381 in
1353 4325 1478 4382 illos
1506 4328 1594 4398 qui
1619 4329 1816 4398 primos

249 4401 474 4486 impetus
513 4413 692 4468 saeculi
729 4415 1094 4472 stistinuerunt
1120 4434 1136 4470 :
1165 4417 1443 4473 descendit
1469 4433 1598 4490 ergo
1625 4421 1676 4474 in
1697 4420 1817 4476 illos

247 4483 473 4574 Spiritus
493 4511 724 4558 sanctus.
747 4501 878 4560 Nam
899 4514 952 4560 et
977 4505 1053 4560 illi
1078 4507 1166 4577 qui
1191 4509 1420 4577 primum
1445 4509 1496 4564 in
1527 4483 1691 4566 unum
1718 4511 1814 4566 ba-

245 4587 411 4647 bitare
438 4597 734 4663 cmperunt,
763 4597 1182 4664 persecutionem
1207 4603 1350 4669 passi
1385 4609 1510 4657 sunt
1534 4619 1548 4656 :
1575 4603 1669 4658 sed
1693 4604 1815 4675 quia

245 4680 591 4740 descenderat
628 4689 954 4756 unguentum
993 4688 1048 4742 in
1075 4689 1316 4759 barbam,
1359 4694 1502 4763 passi
1539 4703 1679 4762 sunt,
1707 4711 1815 4752 non

249 4765 387 4829 victi.
421 4775 634 4832 Etenim
665 4787 718 4834 et
735 4779 894 4849 caput
915 4780 1024 4850 jam
1044 4795 1258 4851 passum
1283 4798 1648 4856 praecesserat,
1677 4790 1816 4846 unde

250 4863 520 4954 descendit
545 4882 892 4942 unguentum.
923 4873 1267 4932 Praecedente
1291 4877 1384 4932 tali
1403 4883 1669 4952 exemplo,
1696 4883 1814 4954 quis

219 4945 753 5020 ‘vinceretbarbam?
1561 4945 1577 4952 ’
1654 4945 1664 4949 ﬁ
1712 4945 1728 4954 ’
1769 4989 1774 4994 ‘

316 5049 367 5104 8.
406 5051 488 5106 Ex
511 5053 598 5107 illa
621 5053 782 5111 barba
803 5066 917 5113 erat
935 5057 1236 5130 Stephanus
1256 5069 1488 5120 sanctus.
1509 5065 1575 5120 Et
1610 5065 1712 5124 hoc
1734 5075 1816 5124 est

252 5153 350 5194 non
361 5142 522 5210 vinci,
539 5153 596 5199 ut
612 5145 846 5204 charitas
857 5165 961 5205 non
982 5151 1222 5207 vincatur
1233 5153 1300 5209 ab
1317 5156 1559 5212 inimicis.
1575 5157 1704 5214 Nam
1717 5162 1814 5216 visi

249 5239 365 5288 sunt
388 5235 487 5290 sibi
511 5237 720 5306 vicisse,
749 5242 838 5311 qui
864 5245 1122 5312 persecuti
1141 5255 1264 5302 sunt
1287 5255 1519 5304 sanctos.
1545 5250 1622 5305 illi
1643 5253 1816 5310 eaede-

209 5347 212 5350 -
250 5319 391 5391 bant,
411 5327 484 5382 illi
499 5331 836 5390 caedebantur
855 5351 870 5400 ;
889 5335 961 5390 illi
977 5339 1306 5409 occidebant,
1329 5343 1402 5396 illi
1419 5345 1813 5402 occidebantur.

249 5409 374 5480 Quls
383 5433 488 5474 non
509 5431 716 5490 putaret
735 5425 854 5482 illos
873 5427 1102 5495 vincere,
1128 5431 1246 5487 illos
1259 5433 1392 5488 vinci
1411 5437 1432 5489 ’ἐ
1447 5435 1550 5492 Sed
1567 5439 1686 5508 quia
1708 5455 1812 5494 non

249 5503 378 5560 victa
395 5511 732 5580 estcharitas,
753 5517 872 5572 ideo
889 5529 1206 5590 unguentum
1221 5523 1488 5581 descendit
1505 5530 1556 5582 in
1575 5503 1810 5586 barbam.

251 5594 470 5658 Attende
485 5603 810 5674 Stephanum
853 5609 1174 5667 Saeviebatin
1193 5615 1282 5670 illo
1292 5617 1518 5674 charitas
1536 5640 1546 5674 :
1563 5623 1814 5678 saeviebat

251 5683 304 5744 in
342 5706 451 5757 eos,
487 5710 606 5750 cum
652 5699 934 5770 audirent;
985 5705 1189 5775 rogavit
1226 5721 1324 5780 pro
1367 5709 1465 5782 eis,
1511 5694 1654 5772 cum,
1683 5716 1814 5788 lapi-

313 5801 332 5833 ¹
354 5805 566 5872 Quinque
587 5816 716 5874 Mss,
738 5825 878 5870 imus.

1335 363 1727 435 ENAnnA'no
1762 375 1828 433 1N
1865 350 2182 436 esuriam
2205 379 2461 440 cxxxu.

1970 489 2175 550 darent.
2206 493 2344 562 Quid
2385 497 2528 554 enim
2568 499 2660 568 ait,
2688 513 2812 558 eum
2847 501 3136 566 audirent?
3161 507 3310 567 Dura
3345 489 3533 573 ceruici:

1963 592 2010 636 et
2033 584 2368 644 incircumcisi
2401 589 2551 646 corde
2591 599 2638 648 et
2665 596 2888 668 auribus,
2917 615 3004 657 vos
3043 618 3237 675 semper
3274 607 3526 664 restitistis

1962 675 2176 746 Spiritui
2217 690 2412 740 sancto.
2465 683 2597 741 Vide
2645 686 2885 745 barbam.
2940 691 3206 765 Numquid
3254 698 3528 758 adulavit?

1959 769 2209 840 numquid
2267 773 2476 830 timuit?
2525 777 2604 832 illi
2655 793 2774 835 eum
2818 781 3062 840 audirent
3115 783 3250 858 ista,
3305 793 3424 864 quae
3473 795 3526 850 in

1957 855 2076 927 illos
2107 861 2448 921 dicebantur1
2483 886 2496 922 ε
2528 869 2676 940 quasi
2719 873 2972 931 saeviebat
3017 877 3156 934 enim
3185 855 3520 952 Stephanus;

1955 953 2207 1011 saeviebat
2232 972 2345 1027 ore,
2373 961 2532 1018 corde
2551 961 2834 1036 diligebat;
2863 978 2916 1024 et
2941 984 3046 1024 non
3078 980 3158 1027 est
3180 974 3318 1030 victa
3343 975 3523 1033 chari-

1956 1053 2035 1100 tas
2081 1047 2194 1118 ipsa
2238 1047 2294 1104 in
2339 1067 2446 1108 eo:
2474 1070 2597 1110 nam
2641 1055 2716 1112 illi
2745 1057 3094 1117 abhorrentes
3133 1079 3162 1117 a
3196 1065 3380 1133 verbo,
3409 1075 3527 1124 tan-

1954 1152 2112 1207 quam
2144 1139 2376 1195 tenebrze
2405 1143 2663 1214 fugientes
2687 1164 2716 1203 a
2742 1149 2960 1218 lumine,
2990 1151 3054 1209 ad
3077 1153 3279 1228 lapides
3303 1167 3522 1222 currere

1952 1221 2246 1300 coeperunt,
2279 1231 2602 1301 Stephanum
2628 1237 2882 1309 lapidare.
2913 1241 3056 1300 Sicut
3081 1221 3236 1304 antea
3265 1249 3519 1322 Stephani

1949 1321 2108 1376 verba
2145 1323 2444 1394 lapidabant
2469 1325 2607 1396 illos,
2637 1332 2714 1386 sic
2748 1333 2926 1402 postea
2957 1335 3157 1408 lapides
3185 1321 3518 1403 eorumiSte-

1948 1413 2204 1514 phaiium.
2266 1419 2491 1514 Quando
2541 1423 2724 1482 debuit
2793 1431 2908 1500 plus
2960 1433 3116 1491 irasci
3179 1431 3513 1514 Stephanus,

1945 1507 2156 1576 quando
2182 1509 2532 1583 lapidabatur,
2560 1531 2628 1570 an
2653 1521 2863 1588 quando
2883 1523 3227 1584 audiebatur?
3255 1507 3393 1588 Ecce
3417 1507 3518 1588 mi:-

1947 1597 2011 1652 tis
2040 1599 2204 1683 factus
2226 1612 2306 1657 est
2335 1603 2457 1658 dum
2487 1605 2830 1677 lapidaretur,
2869 1622 2920 1667 et
2942 1617 3192 1675 smviebat
3219 1636 3338 1678 cum
3360 1625 3512 1680 audi-

1943 1701 2109 1747 retur.
2141 1693 2315 1761 Quare
2355 1699 2608 1755 smviebat
2637 1717 2755 1758 cum
2798 1705 3107 1764 audiretur?
3149 1711 3281 1780 Quia
3307 1723 3515 1776 mutare

1941 1782 2151 1838 volebat
2193 1801 2284 1842 eos
2329 1802 2358 1842 a
2385 1789 2576 1859 quibus
2619 1793 2952 1852 audiebatur.
2985 1799 3327 1862 Venientibus
3371 1807 3424 1863 in
3452 1825 3513 1866 se

1941 1873 2203 1944 lapidibus
2248 1893 2353 1932 non
2381 1880 2514 1936 vieta
2549 1891 2631 1938 est
2671 1883 2899 1942 Charitas
2928 1905 2940 1940 :
2969 1891 3090 1959 quia
3121 1905 3440 1964 unguentum
3482 1911 3512 1953 a

1939 1967 2108 2037 capite
2135 1969 2184 2023 in
2217 1969 2430 2026 barbam
2460 1973 2824 2046 descenderat,
2848 1989 2901 2036 et
2926 1983 3167 2040 audierat
3193 1985 3260 2042 ab
3283 1987 3398 2058 ipso
3424 2005 3512 2046 ca-

1939 2059 2066 2128 pite,
2103 2059 2310 2132 Diligite
2350 2063 2579 2122 inimicos
2620 2079 2825 2138 vestros,
2859 2081 2904 2126 et
2932 2085 3074 2130 orate
3095 2094 3187 2148 pro
3218 2078 3288 2133 eis
3315 2081 3400 2152 qui
3427 2098 3512 2137 vos

1937 2163 2298 2220 persequuntur
2327 2153 2534 2224 (Matth.
2561 2172 2613 2227 v,
2643 2157 2758 2232 44).
2787 2161 3040 2220 Audierat
3076 2165 3144 2222 ab
3180 2168 3296 2237 ipso
3339 2171 3511 2241 capite

1937 2241 2200 2312 pendente
2239 2243 2300 2300 -1ιι
2345 2262 2524 2316 cruce,
2569 2257 2623 2306 et
2665 2251 2894 2319 dicente,
2927 2253 3104 2324 Pater,
3143 2259 3343 2330 ignosce
3384 2261 3508 2333 illis,

1933 2338 2053 2405 quia
2091 2339 2313 2394 nesciunt
2341 2343 2463 2410 quid
2493 2344 2684 2413 faciunt
2723 2345 2876 2416 (Luc.
2905 2365 3053 2418 χχιιι,
3085 2351 3194 2422 34).
3243 2351 3320 2410 Eo
3349 2355 3509 2412 modo

1934 2442 2060 2497 ergo
2097 2439 2422 2500 unguentum
2469 2449 2500 2488 a
2549 2437 2720 2505 capite
2762 2437 3108 2498 descenderat
3147 2441 3201 2498 in
3247 2445 3505 2516 barbam;

1935 2519 2056 2588 quia
2085 2528 2140 2576 et
2169 2520 2259 2578 ille
2293 2537 2413 2578 cum
2445 2523 2790 2597 lapidaretur,
2822 2529 2928 2587 ﬁxo
2953 2548 3090 2603 genu
3125 2535 3197 2589 ait
3227 2555 3239 2590 :
3267 2535 3505 2610 Domine,

1933 2625 1994 2666 ne
2013 2620 2202 2666 statuas
2226 2615 2327 2668 illis
2356 2615 2450 2670 hoc
2476 2628 2730 2687 peccatum
2755 2621 2888 2690 (Act.
2915 2637 3008 2690 vlt,
3041 2625 3256 2698 Eii-59).

2001 2703 2053 2758 9.
2087 2703 2224 2774 Ergo
2250 2705 2326 2760 illi
2353 2717 2599 2779 tanquam
2629 2710 2790 2768 barba
2819 2724 2971 2770 erant
2993 2718 3034 2772 ’.
3064 2717 3208 2774 Multi
3231 2721 3371 2777 enim
3398 2721 3508 2779 for-

1932 2801 2012 2850 tes
2039 2803 2222 2864 erant,
2253 2807 2306 2852 et
2333 2799 2526 2856 multas
2568 2808 2961 2872 persecutiones
2990 2812 3128 2878 passi
3153 2821 3295 2868 sunt.
3332 2813 3436 2872 Sed
3461 2817 3507 2872 si

1930 2899 2102 2954 neque
2125 2901 2156 2942 a
2181 2885 2344 2944 barba
2371 2890 2734 2950 descendisset
2761 2895 3105 2968 unguentum,
3135 2903 3292 2960 modo
3320 2922 3506 2964 mona-

1929 2975 2090 3032 steria
2115 2993 2218 3034 non
2247 2979 2579 3038 haberemus.
2605 2983 2709 3042 Sed
2738 2987 2858 3058 quia
2887 2989 3160 3048 descendit
3185 3003 3238 3050 et
3277 2995 3330 3052 in
3359 3013 3504 3056 oram

1929 3067 2259 3138 vestimenti;
2305 3073 2383 3127 sic
2429 3073 2570 3129 enim
2617 3077 2722 3144 ait,
2778 3079 2929 3147 Quod
2968 3082 3220 3140 descendit
3265 3087 3318 3141 in
3363 3106 3503 3144 oratr

1927 3161 2206 3216 vestimenti
2230 3163 2340 3234 ejus
2361 3182 2382 3220 :
2408 3176 2586 3222 secuta
2615 3178 2698 3224 est
2724 3169 2960 3230 Ecclesia
2977 3215 2992 3242 ,
3025 3175 3093 3232 de
3120 3187 3266 3235 veste
3294 3181 3502 3237 Domini

1927 3251 2134 3320 peperit
2177 3259 2518 3312 monasteria.
2565 3259 2694 3314 Nam
2736 3264 2899 3318 vestis
2928 3269 3273 3326 sacerdotalis
3312 3271 3500 3329 Eccle-

1927 3341 2058 3395 siam
2083 3341 2362 3413 signiﬁcat.
2389 3345 2506 3417 Ipsa
2531 3359 2612 3406 est
2639 3353 2800 3407 vestis
2823 3353 2890 3410 de
2914 3371 3016 3426 qua
3038 3357 3164 3414 dicit
3193 3363 3498 3434 Apostolus,

1932 3429 1999 3488 Ut
2024 3435 2272 3491 exhiberet
2308 3437 2402 3493 sibi
2429 3441 2700 3511 gloriosam
2747 3443 3058 3516 Ecclesium,
3106 3467 3206 3506 non
3240 3429 3503 3510 habentem

1925 3528 2176 3582 maculam
2195 3571 2210 3596 ,
2239 3547 2398 3601 neque
2435 3551 2612 3606 rugam
2647 3536 2862 3608 (Ephes.
2891 3556 2943 3608 v,
2973 3539 3085 3614 27).
3116 3541 3410 3613 Mundalut‘,
3441 3557 3502 3604 ιιι

1923 3635 2030 3676 ιιοιι
2059 3621 2250 3678 habeat
2286 3627 2578 3696 maculam;
2621 3631 2938 3700 extenditur,
2975 3643 3031 3689 ut
3059 3651 3162 3691 non
3189 3637 3379 3695 habeat
3403 3658 3497 3696 ru-

1924 3724 2063 3779 gam.
2095 3710 2194 3766 Ubi
2224 3728 2340 3768 eam
2371 3717 2607 3771 extendit
2635 3717 2782 3786 fullo,
2823 3721 2922 3777 nisi
2953 3723 3004 3778 in
3035 3723 3220 3796 ligno?
3249 3727 3499 3786 Videmus

1909 3799 2160 3878 _qu0tidie
2197 3817 2225 3854 a
2263 3801 2548 3862 fullonibus
2575 3809 2779 3864 tunicas
2805 3811 3194 3881 quodammodo
3223 3818 3455 3889 crucifigi
3481 3837 3494 3875 :

1923 3891 2317 3958 cruciiicuntur,
2355 3893 2413 3951 ut
2453 3913 2636 3968 rugam
2675 3915 2782 3956 non
2825 3901 3070 3958 habeant.
3102 3905 3237 3974 Quid
3264 3917 3345 3964 est
3369 3924 3496 3980 ergo

1924 3996 2016 4036 ora
2046 3983 2384 4039 vestimenti?
2426 3985 2615 4044 fratres
2657 3989 2794 4057 mei,
2827 3993 2878 4046 in
2911 4008 3003 4050 ora
3044 3995 3342 4054 vestimenti
3371 3999 3497 4071 quid

1922 4074 2188 4143 accepturi
2217 4077 2436 4131 sumus?
2461 4077 2584 4146 Ora,
2613 4079 2733 4136 ﬁnis
2769 4083 3068 4141 vestimenti
3097 4097 3195 4143 est.
3232 4089 3367 4156 Quid
3402 4105 3494 4147 ac-

1923 4165 2125 4232 cepturi
2169 4180 2351 4222 smnus
2395 4169 2448 4224 in
2489 4169 2595 4226 ﬁne
2638 4173 2971 4231 vestimenti?
3019 4175 3104 4232 An
3145 4181 3266 4250 quia
3295 4183 3348 4236 in
3388 4181 3495 4241 fine

1924 4263 2218 4326 temporum
2245 4257 2484 4316 habitura
2505 4269 2620 4318 erat
2644 4261 2880 4321 Ecclesia
2909 4267 3097 4324 fratres
3122 4269 3419 4330 habitantes
3440 4274 3495 4330 in

1922 4349 2126 4403 unum?
2155 4365 2223 4404 an
2256 4349 2310 4405 in
2341 4366 2432 4408 ora
2460 4353 2836 4424 perfectionem
2878 4357 3242 4432 intelligimus,
3277 4365 3398 4434 quia
3439 4365 3491 4423 in

1921 4454 2012 4496 ora
2045 4443 2416 4500 vestimentum
2451 4445 2754 4516 perﬁcitur;
2784 4461 2839 4506 et
2868 4453 2941 4507 illi
2979 4451 3236 4525 perfecti,
3265 4459 3354 4528 qui
3397 4475 3494 4515 no-

1919 4544 2043 4590 runt
2085 4535 2320 4594 habitare
2365 4539 2418 4595 in
2463 4543 2768 4600 unum?llli
2794 4541 3013 4618 perfecti
3042 4551 3132 4621 qui
3175 4551 3345 4624 legem
3391 4553 3494 4609 im-

1917 4629 2083 4700 plent.
2111 4631 2386 4698 Quomodo
2414 4641 2590 4690 autem
2616 4635 2862 4708 impletur
2886 4637 2972 4696 lex
2995 4627 3192 4700 Christi
3215 4643 3281 4702 ab
3305 4647 3382 4702 eis
3403 4649 3493 4718 qui

1919 4719 2162 4777 habitant
2196 4721 2386 4780 fratres
2415 4725 2466 4779 in
2499 4729 2699 4782 unum?
2728 4729 2862 4785 Audi
2890 4731 3202 4802 Apostolum
3231 4753 3244 4788 :
3271 4735 3494 4792 Invicem

1918 4828 2070 4868 onera
2097 4825 2256 4870 vestra
2285 4827 2496 4887 portate,
2525 4828 2572 4874 et
2599 4819 2669 4874 sic
2689 4821 2954 4892 implebitis
2977 4827 3135 4897 legem
3157 4827 3342 4882 Christi
3367 4827 3493 4899 (Ga-

1918 4903 2010 4959 lat.
2032 4922 2112 4974 v1,
2143 4907 2221 4976 2).
2252 4905 2375 4964 llaec
2400 4920 2481 4965 est
2506 4925 2598 4966 ora
2627 4913 2947 4971 vestimenti.
2976 4915 3270 4984 Quomodo,
3303 4915 3492 4976 fratres

1918 5001 2052 5066 mei,
2084 4999 2460 5072 intelligimus,
2489 5019 2644 5075 quam
2671 5021 2817 5062 oram
2842 5009 3011 5076 dicat,
3058 5021 3162 5080 quo
3201 5011 3370 5081 potuit
3398 5011 3489 5069 de-

1918 5089 2173 5146 scendere
2199 5095 2552 5163 unguentum?
2575 5095 2690 5152 Non
2714 5105 2839 5168 puto
2859 5097 2999 5168 quod
3025 5114 3172 5154 oram
3189 5103 3489 5158 vestimenti

1919 5179 1970 5234 in
2001 5183 2254 5238 lateribus
2283 5187 2450 5240 voluit
2476 5187 2714 5259 intelligi.
2749 5189 2883 5245 Sunt
2909 5191 3049 5244 enim
3079 5207 3188 5246 orre
3229 5191 3282 5248 in
3314 5193 3490 5249 lateri-

1918 5269 2038 5328 bus.
2071 5273 2173 5330 Sed
2221 5291 2252 5330 a
2299 5275 2458 5333 barba
2496 5277 2822 5334 descendere
2866 5289 3188 5350 unguentum
3229 5283 3296 5339 ad
3341 5297 3487 5340 oram

1917 5368 2106 5436 ιιοιυὶι,
2135 5381 2251 5437 qua:
2275 5367 2326 5423 in
2354 5369 2525 5438 capite
2548 5379 2648 5436 est,
2677 5369 2765 5424 ubi
2791 5371 3024 5440 aperitur
3047 5373 3293 5442 capitium
3320 5373 3360 5428 ³.
3387 5373 3494 5430 Ta-

1919 5451 1996 5512 les
2021 5467 2142 5512 sunt
2171 5459 2258 5529 qui
2299 5459 2536 5516 habitant
2560 5463 2611 5517 in
2638 5478 2799 5518 unum
2825 5481 2837 5518 :
2869 5472 2926 5518 ut
2952 5465 3217 5534 quomodo
3249 5481 3341 5536 per
3365 5481 3488 5524 oras

1982 5642 1998 5671 ί
2027 5642 2107 5714 uie
2129 5643 2176 5690 in
2199 5642 2310 5714 edd.
2337 5649 2462 5714 post,
2500 5643 2798 5714 dicebantur,
2822 5645 3033 5714 additum
3057 5653 3152 5708 est,
3174 5645 3434 5701 metebant
3467 5659 3491 5702 ε

1915 5703 2044 5766 quod
2065 5703 2128 5751 ab
2149 5705 2371 5753 omnibus
2391 5713 2492 5752 Mss.
2519 5708 2676 5756 abest.

1981 5767 2004 5833 ξ
2025 5765 2096 5812 sic
2117 5770 2220 5812 Mss.
2247 5773 2302 5813 At
2321 5765 2452 5825 Edd.,
2481 5767 2562 5818 ille
2585 5775 2812 5833 “atquein
2832 5769 2978 5822 barba
2999 5778 3117 5826 erat.

1985 5827 2006 5860 ³
2025 5833 2312 5878 Omnestlss
2331 5859 2347 5892 ,
2366 5834 2526 5892 caput.
