4074 6528
537 348 678 409 i755

540 471 671 528 istas
701 469 861 525 intrat
886 472 1043 538 caput
1068 463 1317 527 hominis.
1346 468 1403 515 ut
1426 461 1613 518 vestiat
1641 471 1733 524 se;
1770 455 1848 512 sic
1877 471 1973 524 per
1993 456 2123 510 cen-

541 562 777 619 cordiam
804 561 1094 615 fraternam
1134 554 1375 611 Christus
1401 553 1590 616 intrat,
1616 549 1707 619 qui
1736 556 1817 604 est
1845 554 2003 618 caput
2029 559 2126 601 no-

541 664 731 718 strum,
765 660 821 705 ut
846 650 1122 714 vestiatur,
1152 654 1210 701 ut
1237 643 1475 700 Ecclesia
1502 641 1582 695 illi
1612 640 1830 694 haereat.

613 745 700 800 Io.
732 741 880 815 [vers.
909 738 986 812 5.]
1026 737 1164 807 Quid
1193 735 1332 790 aliud
1359 734 1524 789 dicit?
1554 732 1697 786 Sicut
1733 746 1817 784 ros
1864 726 2088 782 Hermon
2106 766 2123 793 ,

539 836 623 907 qui
647 832 899 888 descendit
922 848 1072 902 super
1099 838 1292 883 montes
1314 828 1331 858 ³
1362 826 1509 882 Sion.
1538 824 1650 879 Hoc
1677 822 1847 877 voluit
1871 819 2123 891 intelligi,

539 928 730 983 fratres
756 926 884 994 mei,
914 924 1138 996 gratiam
1165 923 1257 977 Dei
1283 934 1401 977 esse
1423 917 1564 990 quod
1590 917 1781 972 fratres
1810 915 2050 970 habitant
2070 913 2124 969 in

540 1035 737 1085 unum;
770 1033 876 1073 non
907 1033 972 1074 ex
1003 1017 1115 1073 suis
1141 1014 1362 1081 viribus,
1392 1028 1496 1067 non
1526 1026 1592 1066 ex
1621 1010 1731 1064 suis
1761 1007 1998 1073 meritis,
2027 1005 2125 1064 sed

539 1129 606 1169 ex
634 1112 772 1169 illius
796 1111 960 1177 dono,
989 1109 1083 1166 sed
1111 1124 1179 1164 ex
1206 1109 1345 1162 illius
1370 1106 1560 1175 gratia,
1590 1103 1723 1158 sicut
1755 1115 1845 1156 ros
1868 1099 1936 1155 de
1962 1100 2120 1156 coelo.

539 1204 655 1260 Non
687 1204 829 1259 enim
853 1213 995 1259 terra
1022 1202 1123 1256 sibi
1164 1201 1315 1271 pluit,
1346 1205 1437 1252 aut
1460 1211 1565 1251 non
1596 1192 1852 1265 quidquid
1879 1193 2126 1263 genuerit

540 1295 765 1360 arescit,
796 1295 899 1349 nisi
931 1294 1107 1366 pluvia
1138 1292 1366 1362 desuper
1388 1286 1695 1344 descendat.
1727 1286 1865 1340 Dicit
1892 1284 2123 1355 quodam

535 1388 655 1444 loco
682 1389 735 1443 in
760 1388 963 1458 psalmo
987 1405 1000 1441 :
1030 1386 1264 1439 Pluviam
1284 1383 1618 1438 voluntariam
1635 1379 1933 1449 segregabis,
1964 1378 2119 1444 Deus,

539 1482 816 1537 [accreditati
845 1491 944 1536 tua!
972 1479 1138 1551 (Psal.
1172 1493 1344 1544 vau,
1387 1474 1498 1547 10).
1533 1474 1707 1540 Quare
1734 1472 1865 1527 dixit
1892 1472 2124 1525 volunta-

536 1575 707 1628 riam?
733 1573 865 1640 Quia
894 1589 999 1627 non
1029 1571 1233 1626 meritis
1263 1568 1460 1624 nostris
1480 1608 1494 1632 ,
1541 1566 1635 1621 sed
1664 1565 1804 1619 illius
1830 1563 2118 1618 voluntate.

537 1664 670 1733 Quid
699 1665 839 1718 enim
864 1663 988 1719 boni
1008 1663 1299 1716 meruimus
1326 1656 1673 1731 peccatores?
1699 1655 1823 1725 quid
1854 1654 1979 1709 boni
2004 1669 2121 1709 me-

536 1756 738 1811 ruimus
763 1755 962 1825 iniqui?
987 1753 1068 1807 Ex
1089 1754 1257 1807 Adam
1279 1751 1475 1817 Adam,
1505 1758 1558 1804 et
1579 1763 1739 1819 super
1759 1747 1926 1802 Adam
1955 1747 2123 1801 multa

536 1857 753 1920 peccata
781 1854 1087 1901 nascuntur.
1117 1843 1367 1913 Quisquis
1387 1830 1645 1905 nascitur,
1669 1838 1836 1893 Adam
1864 1837 2115 1903 nascitur,

536 1940 816 1995 damnatus
844 1938 910 1992 de
935 1937 1205 2001 damnato,
1233 1942 1287 1988 et
1310 1932 1512 1987 addidit
1538 1930 1676 1985 male
1705 1929 1931 1984 vivendo
1961 1942 2122 1997 super

535 2028 705 2083 Adam
734 2030 776 2081 ².
821 2027 955 2094 Quid
997 2028 1139 2081 enim
1189 2024 1313 2079 boni
1361 2022 1553 2077 meruit
1592 2020 1801 2075 Adam?
1831 2019 1898 2073 Et
1942 2028 2122 2074 tamen

537 2120 843 2176 misericors
870 2118 1087 2184 amavit,
1117 2126 1169 2170 et
1197 2130 1423 2185 sponsus
1446 2112 1647 2177 dilexit,
1682 2127 1789 2166 non
1816 2111 2113 2180 pulchram,

537 2212 631 2268 sed
658 2221 716 2266 ut
749 2210 945 2266 faceret
972 2208 1269 2281 pulchram.
1304 2206 1444 2277 Ergo
1472 2205 1698 2276 gratiam
1728 2204 1824 2260 Dei
1853 2204 1984 2259 dixit
2024 2219 2118 2258 ro-

531 2316 645 2358 rem
668 2302 922 2357 Hermon.

530 2398 539 2427 ί
604 2394 692 2449 il.
721 2394 827 2449 Sed
866 2393 1099 2449 Hermon
1131 2391 1257 2462 quid
1285 2392 1385 2458 sit,
1420 2404 1578 2445 nosse
1603 2388 1827 2444 debetis.
1857 2387 2009 2444 Mons
2037 2395 2121 2443 est

530 2484 745 2558 quidam
776 2485 932 2554 longe
957 2483 1250 2553 disiunctus
1274 2482 1340 2538 ab
1364 2481 1682 2545 Jerusalem,
1714 2478 1765 2533 id
1794 2486 1877 2534 est
1904 2494 1934 2532 a
1965 2478 2115 2533 Sion.

531 2577 713 2646 Itaque
740 2576 931 2631 mirum
960 2583 1042 2630 est
1064 2574 1205 2645 quod
1229 2575 1307 2629 sic
1335 2573 1430 2637 ait,
1457 2571 1605 2626 Sicut
1628 2587 1711 2625 ros
1743 2569 2001 2637 Hermon,
2032 2569 2120 2640 qui

529 2669 784 2725 descendit
834 2683 986 2737 super
1037 2675 1230 2721 montes
1282 2664 1450 2727 Sion;
1501 2678 1622 2718 cum
1673 2676 1825 2718 mons
1882 2661 2118 2717 Ilermon

528 2762 687 2832 longe
710 2761 778 2814 sit
802 2758 1100 2829 disjunctus
1136 2758 1203 2812 ab
1233 2756 1528 2811 Jerusalem
1553 2773 1565 2808 :
1599 2768 1725 2808 nam
1754 2762 1899 2808 trans
1926 2752 2118 2808 Jorda-

532 2868 654 2909 nem
683 2866 804 2908 esse
833 2850 1044 2906 dicitur.
1089 2850 1228 2919 Ergo
1258 2847 1457 2918 aliquid
1496 2848 1933 2916 interpretatione
1978 2846 2115 2900 Her-

528 2959 651 2999 mon
679 2957 996 3014 quaeramus.
1025 2940 1138 2996 Non
1171 2940 1314 2995 enim
1346 2938 1617 2993 hebraeum
1645 2948 1744 3002 est,
1779 2946 1832 2993 et
1858 2937 2116 2994 habemus

532 3034 1021 3106 interpretationem
1060 3033 1127 3088 ab
1155 3033 1234 3088 eis
1269 3032 1356 3102 qui
1387 3031 1531 3085 illam
1560 3031 1791 3102 linguam
1826 3038 2112 3085 noverunt.

526 3129 763 3185 Ilermon
814 3125 1150 3196 interpretari
1196 3123 1407 3191 dicitur,
1459 3123 1664 3177 Lumen
1713 3122 2022 3177 exaltatum.
2068 3122 2115 3177 A

524 3225 739 3281 Christo
765 3224 908 3279 enim
933 3236 1061 3277 ros:
1094 3235 1217 3275 nam
1243 3219 1449 3273 nullum
1471 3218 1649 3272 lumen
1675 3217 1985 3281 exaltatum,
2009 3215 2114 3271 nisi

523 3316 789 3371 Christus.
832 3313 1110 3381 Quomodo
1148 3312 1438 3367 exaltatum
1468 3311 1581 3366 est?
1610 3310 1789 3365 Primo
1832 3310 1888 3363 in
1912 3317 2109 3376 'cruce;

523 3417 706 3479 postea
736 3407 789 3461 in
815 3408 972 3462 caelo.
1005 3404 1283 3459 Exaltatus
1313 3404 1366 3457 in
1408 3417 1595 3467 cruce,
1629 3416 1751 3457 cum
1796 3400 2114 3456 humiliarc-

523 3509 643 3564 tur;
675 3497 769 3553 sed
813 3495 1112 3551 humiliatio
1154 3495 1294 3549 illius
1335 3508 1442 3549 non
1481 3493 1653 3562 potuit
1689 3492 1792 3547 nisi
1822 3493 1927 3546 alta
1967 3506 2110 3547 esse.

524 3590 762 3645 llominis
807 3587 1134 3657 dispensatio
1177 3587 1353 3641 minus
1399 3585 1681 3655 minusque
1709 3582 1870 3637 ﬁebat
1900 3584 1944 3649 ³,
1992 3599 2113 3654 qua:

528 3679 925 3750 signiﬁcabatur
965 3679 1020 3733 in
1044 3677 1280 3743 Joanne;
1312 3677 1409 3731 Dei
1442 3675 1769 3745 dispensatio
1797 3674 1849 3729 in
1886 3675 2111 3729 Domino

523 3781 709 3827 nostro
738 3770 863 3826 Jesu
892 3769 1104 3825 Christo
1128 3767 1438 3824 crescebat:
1471 3766 1613 3836 quod
1643 3775 1697 3821 et
1723 3766 1986 3821 natalibus
2014 3780 2110 3820 eo-

521 3879 640 3919 rum
671 3862 985 3918 ostenditur.
1012 3860 1145 3915 Nam
1188 3859 1277 3914 ille
1302 3868 1459 3913 natus
1498 3866 1616 3925 est,
1646 3858 1783 3913 sicut
1812 3855 1973 3915 tradit
2004 3856 2107 3911 Ec-

522 3954 705 4019 clesia,
739 3962 928 4008 octavo
951 3950 1204 4006 calendas
1224 3949 1405 4020 julias,
1433 3963 1554 4004 cum
1590 3948 1701 4019 jam
1728 3948 1986 4018 incipiunt
2012 3947 2111 4002 mi-

519 4045 612 4100 nui
656 4044 814 4099 dies:
863 4043 1123 4098 Dominus
1172 4050 1352 4096 autem
1404 4049 1561 4095 natus
1610 4047 1799 4094 octavo
1861 4038 2109 4094 calendas

517 4134 812 4205 junuarias,
855 4133 1067 4203 quando
1089 4133 1198 4202 jam
1238 4130 1354 4186 dies
1382 4130 1643 4200 incipiunt
1679 4143 1941 4184 crescere.
1972 4126 2109 4183 Audi

519 4227 695 4297 ipsum
723 4224 982 4281 Joannem
1008 4222 1353 4279 conﬁtentem
1384 4242 1396 4275 :
1436 4221 1596 4276 Illum
1633 4229 1825 4291 oportet
1853 4236 2104 4283 crescere,

521 4336 601 4375 me
625 4328 793 4374 autem
817 4317 977 4372 minui
1017 4315 1199 4387 (Joan.
1229 4332 1306 4379 ιιι,
1338 4314 1451 4385 '50).
1478 4314 1543 4368 Et
1570 4314 1846 4384 passiones
1870 4314 2108 4383 ipsorum

518 4411 633 4466 hoc
664 4408 920 4465 indicant.
970 4407 1229 4461 Dominus
1258 4407 1311 4461 in
1357 4420 1517 4461 cruce
1559 4405 1822 4460 exaltatus
1869 4412 1984 4470 est;
2017 4403 2108 4460 ille

516 4516 658 4557 caeso
680 4504 853 4571 capite
879 4498 1204 4556 deminutus.
1236 4499 1378 4570 Ergo
1408 4499 1587 4553 lumen
1612 4497 1924 4564 exaltatum,
1952 4494 2108 4552 Chri-

516 4604 631 4651 stus
655 4612 668 4649 :
698 4594 822 4650 inde
845 4602 929 4649 est
954 4607 1043 4649 rus
1066 4593 1322 4648 Hermon.
1350 4591 1456 4648 Sed
1477 4590 1799 4661 quicumque
1822 4589 1981 4645 vultis
2012 4588 2107 4642 ha-

514 4686 686 4742 bitare
714 4687 767 4740 in
807 4699 1009 4752 unum,
1060 4692 1240 4754 optate
1278 4698 1459 4739 rorem
1499 4682 1694 4750 istum,
1740 4680 2107 4752 eompluimini

516 4778 661 4834 inde.
717 4776 963 4847 Alioquin
1011 4790 1121 4831 non
1167 4774 1409 4845 poteritis
1453 4782 1635 4828 tenere
1684 4771 1827 4843 quod
1884 4771 2106 4842 proﬁte-

515 4870 681 4935 mini,
720 4883 819 4924 nec
844 4867 1081 4938 proﬁteri
1110 4866 1308 4921 audere
1333 4865 1356 4896 ⁸
1391 4864 1636 4934 poteritis
1655 4905 1670 4931 ,
1704 4864 1806 4919 nisi
1844 4864 1935 4919 ille
1964 4866 2106 4920 into-

517 4964 728 5029 nuerit;
755 4978 856 5018 nec
878 4976 1197 5033 permanere
1225 4961 1487 5030 poteritis,
1517 4960 1620 5014 nisi
1650 4960 1763 5030 ejus
1788 4961 1971 5032 sagina
1998 4976 2106 5017 non

514 5057 656 5113 desit
683 5057 871 5113 vobis:
900 5054 1016 5125 ipsa
1056 5053 1199 5110 enim
1227 5051 1408 5124 sagina
1448 5051 1724 5109 descendit
1761 5066 1922 5124 super
1948 5066 2106 5109 mon-

516 5156 597 5204 tes
621 5146 771 5203 Sion.

586 5239 675 5296 12.
700 5239 817 5295 Jam
839 5245 1029 5293 montes
1050 5236 1199 5302 Sion,
1227 5236 1405 5307 magni
1426 5236 1482 5291 in
1506 5234 1657 5292 Sion.
1682 5235 1819 5305 Quid
1839 5243 1921 5291 est
1942 5234 2106 5292 Sion?

514 5334 777 5391 Ecclesia.
809 5332 880 5388 Et
902 5333 993 5403 qui
1019 5331 1091 5388 ibi
1116 5340 1241 5386 sunt
1264 5330 1514 5385 montes?
1544 5330 1736 5400 Magni.
1767 5328 1913 5397 Quos
1938 5327 2105 5399 signi-

516 5428 680 5485 ﬁcant
702 5436 933 5495 montes,
966 5427 1063 5480 hos
1090 5424 1353 5495 signiﬁcat
1382 5424 1567 5490 barba,
1599 5423 1697 5478 hos
1724 5422 1984 5493 signiﬁcat
2010 5436 2105 5477 ora

581 5548 597 5575 ι
627 5542 761 5602 Edd.,
787 5546 1011 5591 montem.
1036 5539 1128 5590 Sed
1151 5537 1307 5602 liquet
1341 5546 1459 5602 Aug.
1496 5536 1700 5601 legisse,
1742 5536 2105 5600 montes,ij

510 5611 657 5654 Grmc.
676 5611 804 5653 LXX.

575 5668 595 5698 ί
618 5667 753 5714 Cor-li.
779 5674 880 5724 διε»,
916 5672 960 5715 et
975 5676 1118 5727 super
1144 5661 1479 5727 Adainmulta
1509 5667 1722 5727 peccata.
1759 5658 1979 5727 Nascitur
2010 5661 2102 5713 da-

511 5736 701 5777 mnatus
725 5728 785 5776 de
811 5723 1052 5785 damnato,
1077 5731 1121 5774 et
1145 5723 1337 5773 addidit
1358 5725 1483 5773 male
1505 5723 1705 5773 uiuendo
1726 5723 2065 5785 super_Adatn.

576 5791 597 5821 ³
619 5791 692 5839 sic
712 5800 808 5838 Am.
836 5796 909 5837 Er.
936 5797 987 5838 et
1008 5780 1113 5837 Mss.
1141 5794 1196 5835 AI.
1219 5793 1350 5843 Lov.,
1372 5786 1527 5836 minor
1542 5780 1794 5843 minorque
1812 5780 1972 5845 ﬁebat.

573 5850 597 5884 ι
619 5852 785 5903 Plures
800 5846 925 5914 abs,
952 5864 1037 5902 nec
1063 5848 1237 5903 audire
1266 5856 1359 5902 :et
1384 5846 1619 5912 nonnulli,
1661 5844 1968 5902 twctaudcrc.

1766 337 1830 397 S.
1869 330 2234 393 AUGUSTINI
2269 331 2578 393 EPISCOPI

3676 341 3818 405 £736

2231 454 2557 514 vestimenti.
2601 455 2773 513 Barba
2797 469 2906 513 non
2943 456 3255 531 intelligitur
3296 460 3401 517 nisi
3428 454 3507 517 ‘i’r.
3538 457 3817 535 perfectis.

2228 547 2346 603 Non
2375 562 2503 618 ergo
2533 547 2775 603 habitant
2803 550 2857 603 in
2892 564 3056 604 unum
3077 591 3091 614 ,
3120 552 3221 607 nisi
3256 553 3309 607 in
3347 553 3541 624 quibus
3582 557 3822 628 perfecta

2228 638 2390 694 fuerit
2412 640 2644 695 eharitas
2669 639 2866 695 Christi
2894 643 2935 695 ⁸.
2963 641 3098 697 Nam
3126 643 3181 698 in
3208 644 3401 715 quibus
3430 662 3537 703 non
3580 659 3665 704 est
3690 666 3819 721 per-

2230 728 2365 784 fecta
2393 730 2625 787 eharitas
2648 730 2866 801 Christi,
2891 742 2945 788 et
2967 748 3087 789 cum
3112 734 3164 789 in
3185 748 3294 791 uno
3319 738 3445 804 sint,
3474 737 3646 795 odiosi
3670 752 3817 812 sunt,

2228 822 2438 876 molesti
2467 831 2626 891 sunt,
2658 824 2945 880 turbulenti
2976 833 3132 893 sunt,
3180 828 3449 885 anxietate
3478 844 3574 885 sua
3603 834 3822 890 turbant

2229 922 2475 981 caeteros,
2505 923 2559 970 et
2582 924 2829 985 quaerunt
2854 916 2983 986 quid
3008 916 3075 972 de
3096 918 3201 973 illis
3226 918 3441 988 dicant;
3473 923 3745 993 quomodo
3767 926 3823 981 in

2224 1002 2469 1073 junctura
2498 1006 2791 1077 inquietum
2814 1008 3116 1079 jumeurtum
3140 1026 3247 1066 non
3276 1013 3450 1067 solum
3480 1029 3588 1069 non
3619 1014 3816 1084 trahit,

2229 1099 2323 1153 sed
2351 1107 2406 1155 et
2447 1099 2643 1171 frangit
2681 1102 2914 1158 calcibus
2956 1103 3099 1175 quod
3140 1105 3383 1174 junctum
3411 1115 3513 1161 est.
3551 1106 3609 1163 Si
3639 1116 3822 1164 autem

2228 1191 2389 1247 habet
2407 1208 2584 1249 rorem
2609 1193 2865 1264 Ilermon,
2888 1196 2973 1265 qui
2996 1197 3250 1252 descendit
3273 1215 3428 1271 super
3448 1209 3640 1255 montes
3667 1199 3820 1270 Ston,

2228 1286 2442 1357 quietus
2463 1328 2477 1355 ,
2512 1288 2748 1358 placatus
2767 1331 2782 1357 ,
2825 1290 3071 1359 humilis,
3119 1293 3352 1348 tolerans
3371 1335 3386 1360 ,
3415 1308 3517 1363 pro
3546 1308 3823 1355 murmure

2227 1394 2442 1449 precem
2471 1379 2664 1437 fundit.
2696 1381 2828 1437 Nam
2858 1393 3284 1440 murmuratores
3321 1400 3513 1441 omnes
3537 1386 3823 1456 magniﬁce

2227 1470 2481 1541 descripti
2506 1483 2628 1527 sunt
2652 1474 2880 1544 quodam
2910 1475 3028 1529 loco
3053 1474 3451 1545 Scripturarum
3477 1494 3489 1530 :
3523 1477 3823 1532 Priscordia

2227 1562 2356 1631 fatui
2380 1563 2511 1616 sicut
2538 1573 2648 1619 rota
2671 1566 2803 1619 carri
2832 1565 3018 1638 (Eccli.
3043 1582 3229 1632 χχχιιι,
3260 1568 3338 1638 5).
3364 1567 3506 1637 Quid
3530 1577 3641 1633 est,
3667 1566 3822 1625 Prw-

2227 1653 2403 1707 cordia
2441 1656 2570 1725 fatui
2608 1657 2737 1711 sicut
2774 1668 2886 1711 rota
2916 1659 3086 1713 carri?
3113 1659 3317 1714 Fennm
3347 1668 3551 1730 portat,
3585 1669 3641 1717 et
3668 1677 3822 1717 mur-

2226 1755 2404 1801 murat
2432 1765 2443 1801 :
2472 1763 2579 1802 non
2620 1749 2760 1802 enim
2790 1758 2965 1819 potest
2990 1759 3109 1805 rota
3135 1750 3274 1805 carri
3304 1751 3581 1821 quiescere
3606 1766 3637 1806 a
3668 1768 3824 1808 mur-

2224 1853 2400 1893 mure.
2431 1838 2521 1893 Sic
2557 1848 2682 1895 sunt
2707 1840 2863 1895 multi
2898 1838 3122 1907 fratres;
3154 1856 3263 1896 non
3296 1840 3539 1896 habitant
3575 1842 3630 1898 in
3655 1858 3826 1900 unum

2225 1932 2329 1986 nisi
2353 1946 2598 2001 corpore.
2626 1932 2734 1989 Sed
2764 1934 2854 2004 qui
2883 1943 3007 1989 sunt
3032 1935 3124 2004 qui
3151 1934 3397 1989 habitant
3420 1935 3476 1990 in
3504 1937 3712 1991 unum?
3741 1935 3826 1993 Illi

2225 2023 2292 2079 de
2318 2025 2508 2095 quibus
2531 2025 2731 2080 dictum
2769 2035 2887 2092 est,
2932 2025 2999 2080 Et
3031 2036 3139 2081 erat
3177 2026 3282 2081 illis
3313 2027 3485 2080 anima
3513 2044 3614 2081 una
3643 2037 3690 2081 et
3734 2044 3826 2083 cor

2224 2134 2383 2171 unum
2408 2120 2459 2171 in
2486 2118 2650 2171 Deum
2672 2135 2690 2172 :
2717 2130 2763 2173 et
2788 2136 2934 2174 nemo
2964 2120 3159 2175 dicebat
3180 2121 3375 2190 aliquid
3394 2138 3543 2176 suum
3566 2138 3701 2189 esse,
3734 2139 3825 2177 sea

2223 2220 2367 2264 erant
2400 2211 2505 2265 illis
2544 2212 2714 2265 omnia
2768 2215 3057 2267 communia
3098 2215 3235 2284 (Act.
3278 2230 3356 2282 1v,
3396 2214 3506 2284 52).
3550 2215 3825 2286 Designati

2223 2310 2380 2367 sunt,
2412 2302 2666 2373 descripti
2692 2312 2849 2372 sunt,
2892 2304 2983 2375 qui
3012 2306 3313 2374 pertineant
3351 2305 3417 2360 ad
3444 2304 3696 2373 barbam,
3729 2323 3824 2377 qut

2224 2395 2527 2465 pertineant
2551 2396 2618 2450 ad
2650 2411 2800 2451 oram
2828 2398 3156 2465 vestimenti,
3189 2398 3277 2469 qui
3301 2408 3654 2457 numerentur
3678 2401 3824 2456 inter

2224 2496 2435 2544 montes
2462 2488 2610 2544 Sion.
2636 2490 2703 2544 Et
2728 2490 2772 2545 si
2800 2500 2923 2545 sunt
2946 2491 3020 2546 ibi
3040 2491 3128 2545 alii
3152 2501 3597 2559 murmuratores,
3622 2492 3823 2548 memi-

2222 2584 2402 2638 nerint
2447 2583 2574 2638 dicti
2616 2584 2863 2639 Domini:
2898 2584 3042 2640 Unus
3080 2593 3384 2653 assumetur,
3425 2595 3475 2641 et
3502 2574 3636 2641 unus
3664 2586 3823 2641 relin-

2222 2681 2401 2741 quetur
2432 2672 2644 2745 (Matth.
2677 2689 2825 2741 xxxv,
2851 2673 2967 2744 40).

2294 2764 2383 2819 15.
2418 2763 2671 2829 Quoniam
2710 2765 2780 2819 ibi
2816 2766 3075 2821 mandavit
3112 2764 3366 2822 Dominus
3395 2767 3815 2824 benedictionem.

2221 2855 2323 2912 Ubi
2354 2856 2666 2912 mandavit?
2692 2856 2749 2911 In
2776 2856 3032 2915 fratribus
3058 2860 3148 2929 qui
3175 2859 3418 2916 habitant
3442 2860 3497 2915 in
3522 2876 3708 2917 unum.
3738 2860 3820 2918 Ibi

2221 2950 2479 3023 praecepit
2523 2950 2992 3019 benedictionem,
3040 2952 3113 3007 ibi
3160 2952 3487 3009 benedicunt
3530 2954 3821 3010 Dominum

2220 3042 2311 3111 qui
2333 3041 2575 3097 habitant
2600 3043 2959 3099 concorditer.
2986 3043 3119 3099 Nam
3144 3044 3199 3099 in
3224 3044 3493 3100 discordia
3518 3060 3628 3100 non
3651 3045 3821 3102 bene-

2219 3134 2354 3191 dicis
2391 3135 2696 3191 Dominum.
2726 3136 2852 3193 Sine
2890 3152 3049 3193 causa
3085 3137 3218 3194 dicis
3246 3139 3371 3208 quia
3398 3138 3577 3210 lingua
3605 3147 3694 3195 tua
3723 3154 3820 3196 so-

2218 3238 2311 3283 nat
2337 3229 2766 3286 benedictionem
2794 3230 3039 3295 Domini,
3072 3230 3118 3284 si
3155 3230 3320 3286 corde
3356 3246 3464 3286 non
3493 3246 3655 3287 sones
3678 3248 3692 3284 :
3718 3246 3820 3287 ore

2217 3321 2491 3379 benedicis
2510 3364 2524 3388 ,
2556 3330 2612 3378 et
2638 3322 2799 3378 corde
2837 3322 3137 3378 maledicis.
3171 3321 3273 3377 Ore
3299 3339 3392 3378 suo
3418 3322 3817 3388 benedicebant,

2218 3424 2264 3469 et
2310 3414 2461 3470 corde
2500 3431 2590 3470 suo
2635 3414 2999 3469 maledicebant
3050 3413 3217 3485 (Psal.
3257 3431 3380 3482 LXI,
3413 3416 3493 3487 5).
3539 3414 3815 3485 Numquid

2216 3506 2379 3563 verba
2422 3514 2603 3561 nostra
2647 3508 2809 3562 sunt?
2851 3505 3144 3576 Signiﬁcali
3181 3514 3307 3562 sunt
3355 3505 3593 3577 quidam.
3636 3506 3814 3561 Bene-

2217 3599 2349 3654 dieis
2387 3599 2690 3666 Dominum,
2718 3613 2839 3653 cum
2870 3613 3027 3663 oras;
3059 3606 3115 3653 et
3150 3597 3391 3669 sequeris
3415 3597 3468 3652 in
3496 3612 3656 3667 prece
3681 3608 3773 3652 tua
3795 3638 3813 3664 ,

2216 3700 2271 3748 et
2294 3691 2567 3747 maledicis
2590 3692 2804 3747 inimico
2835 3700 2944 3747 tuo.
2977 3691 3091 3747 [loc
3115 3701 3197 3747 est
3218 3691 3359 3762 quod
3386 3691 3579 3747 audisti
3598 3692 3667 3746 ab
3692 3692 3815 3762 ipso

2216 3782 2465 3848 Domino,
2498 3781 2710 3853 Diligite
2734 3783 2965 3837 inimicos
2987 3783 3219 3837 vestros?
3245 3782 3303 3838 Si
3332 3790 3511 3838 autem
3539 3782 3727 3847 facias,
3758 3790 3815 3838 et

2216 3876 2405 3946 diligas
2431 3877 2705 3931 inimicum
2736 3885 2882 3931 tuum
2904 3916 2918 3941 ,
2952 3885 3006 3931 et
3044 3890 3166 3931 ores
3192 3890 3291 3946 pro
3315 3891 3380 3931 eo
3400 3916 3415 3942 ,
3444 3876 3513 3929 ibi
3550 3874 3817 3929 mandavit

2213 3966 2464 4023 Dominus
2493 3969 2885 4025 benedictionem
2902 3984 3085 4034 suam;
3112 3968 3184 4023 ibi
3208 3967 3432 4023 habebis
3460 3967 3614 4021 vitam
3641 3968 3697 4021 in
3716 3981 3818 4022 sc-

2213 4065 2403 4131 culum,
2432 4063 2484 4119 id
2510 4072 2592 4119 est
2617 4063 2671 4118 in
2697 4071 2977 4119 aeternum.
3021 4060 3171 4117 Mulli
3199 4060 3345 4118 enim
3374 4069 3618 4119 amantes
3644 4060 3817 4115 vitam

2212 4157 2371 4213 istam
2388 4197 2402 4222 ,
2432 4156 2755 4212 maledicunt
2780 4156 3011 4211 inimicis
3036 4156 3185 4210 suis:
3217 4169 3315 4224 pro
3340 4168 3442 4225 qna
3465 4169 3552 4219 re,
3578 4154 3683 4208 nisi
3713 4166 3816 4221 pro

2212 4250 2313 4305 ista
2338 4248 2445 4303 vita
2463 4290 2477 4315 ,
2508 4249 2610 4303 nisi
2636 4263 2734 4320 pro
2762 4247 3061 4304 commodis
3088 4246 3471 4302 saecularibus?
3496 4244 3596 4301 Ubi
3626 4253 3681 4299 te
3709 4260 3816 4299 an-

2212 4341 2442 4412 gustavit
2462 4340 2707 4395 inimicus
2730 4349 2873 4407 tuus,
2896 4347 2955 4394 ut
2969 4338 3178 4409 cogaris
3198 4336 3558 4393 maledicere?
3586 4334 3647 4389 ιιι
3669 4344 3817 4390 terra

2211 4439 2521 4502 angustatus
2551 4446 2643 4496 es;
2676 4430 2875 4501 migra,
2904 4428 3086 4485 habita
3112 4429 3167 4483 in
3201 4427 3359 4484 caelo.
3390 4425 3696 4494 Quomodo,
3723 4426 3815 4480 in-

2211 4523 2382 4593 quies,
2411 4522 2592 4578 habito
2618 4522 2674 4577 in
2702 4521 2862 4589 coelo,
2894 4520 3057 4577 homo
3081 4535 3244 4575 carne
3272 4517 3508 4584 indutus,
3535 4516 3689 4593 carni
3716 4515 3817 4572 de-

2211 4590 2392 4670 ditus?
2420 4615 2594 4670 Corde
2631 4614 2909 4685 praecede,
2959 4629 3065 4684 quo
3109 4612 3351 4682 sequaris
3389 4590 3639 4679 corpore.
3690 4608 3814 4665 Noli

2209 4706 2405 4764 surdus
2429 4706 2643 4774 audire,
2686 4704 2911 4762 Sursum
2936 4704 3118 4760 corda.
3147 4702 3369 4760 Sursum
3408 4716 3501 4757 cor
3540 4701 3714 4766 habe,
3757 4708 3815 4757 et

2209 4812 2370 4855 nemo
2412 4806 2467 4853 te
2493 4797 2794 4869 angustabit
2821 4797 2877 4853 in
2901 4796 3039 4853 coelo
3064 4798 3106 4849 ².
3156 4795 3225 4851 Ει
3254 4793 3376 4851 ideo
3400 4793 3539 4859 bene
3564 4792 3812 4863 sequitur

2210 4889 2346 4946 alius
2367 4890 2602 4961 psalmus
2628 4909 2641 4945 :

2572 5076 2655 5138 IN
2697 5075 3080 5137 PSALMUM
3109 5072 3441 5136 CXXXIII

2803 5176 3219 5233 ENARRATIO.

2541 5271 2803 5329 Sermonis
2832 5269 3107 5341 superioris
3137 5266 3466 5323 continuatio.

2287 5391 2333 5445 l.
2363 5388 2509 5463 [vers.
2544 5386 2622 5460 1.]
2653 5387 2787 5441 Ecce
2809 5402 2944 5441 nunc
2974 5385 3248 5439 benedicite
3278 5380 3588 5445 Dominum,
3629 5392 3806 5433 omnes

2209 5485 2338 5537 servi
2366 5482 2601 5547 Domini,
2628 5481 2713 5550 qui
2743 5481 2883 5533 statis
2908 5479 2962 5532 in
2998 5479 3146 5532 domo
3171 5476 3415 5538 Domini,
3442 5474 3496 5527 in
3522 5472 3669 5526 atriis
3704 5472 3801 5525 do-

2199 5592 2322 5630 omus
2359 5574 2454 5627 Dei
2480 5574 2658 5628 nostri.
2698 5572 2873 5640 Quare
2915 5569 3144 5635 addidit,
3177 5569 3229 5622 in
3256 5567 3441 5621 atriis?
3489 5564 3637 5619 Atria
3679 5578 3799 5616 am-

2207 5668 2375 5739 pliora
2400 5666 2569 5736 spatia
2613 5663 2804 5719 domus
2834 5662 3216 5732 intelliguntur.
3247 5658 3349 5730 Qui
3392 5655 3578 5730 statin
3609 5652 3797 5719 atriis,

2272 5780 2288 5810 ι
2310 5778 2531 5840 Plerique
2564 5784 2694 5836 Mss.,
2713 5773 2924 5828 eharitas
2943 5770 3222 5827 christiana.

2271 5843 2291 5874 ²
2322 5840 2541 5893 Clnistin.
2561 5847 2663 5901 Ms,
2688 5844 2839 5892 terra.
