4078 6522
281 411 308 469 1
318 411 420 467 757

281 538 389 582 non
415 531 747 596 angustatur,
779 536 886 578 non
913 521 1205 592 premitur;
1234 519 1461 592 quodam
1493 521 1650 576 modo
1674 519 1866 575 dilata-

283 627 386 674 tur.
421 617 478 672 ιιι
519 615 797 672 latitudine
841 629 1030 678 mane,
1061 623 1115 670 et
1143 621 1293 684 potes
1333 613 1552 684 diligere
1595 611 1865 666 inimicum

284 718 463 774 tuum;
494 710 618 779 quia
646 722 753 764 non
798 722 860 762 ea
891 706 1099 776 diligis,
1131 704 1220 761 ubi
1247 703 1314 761 ab
1354 704 1570 759 inimico
1598 702 1868 771 angustias

283 800 522 872 patiaris.
565 799 844 868 Quomodo
883 798 1192 869 intelligeris
1231 808 1374 854 stare
1401 797 1452 852 in
1484 794 1670 850 atriis?
1694 792 1787 851 Sta
1815 795 1866 848 in

282 893 561 958 charitate,
590 901 644 948 et
668 901 780 948 stas
804 893 856 947 in
878 892 1047 948 atriis.
1079 891 1136 946 In
1161 891 1417 948 cbaritate
1442 889 1662 946 latitudo
1688 899 1790 954 est,
1814 889 1868 945 in

282 984 406 1040 odio
449 983 711 1054 angustia.
758 983 898 1039 Audi
935 984 1288 1053 Apostolum:
1335 981 1428 1036 Ira
1466 990 1514 1035 et
1552 980 1866 1053 indignatio,

281 1077 537 1133 tribulatio
567 1086 617 1133 et
643 1077 879 1150 angustia
916 1077 971 1130 in
1000 1092 1198 1130 onmem
1235 1075 1459 1128 animam
1496 1072 1712 1127 hominis
1750 1088 1872 1142 ope-

281 1171 442 1225 rantis
484 1169 676 1224 malum
718 1169 892 1240 (Rom.
935 1184 1007 1234 ιι,
1039 1167 1092 1232 8,
1124 1166 1202 1239 9).
1254 1167 1331 1222 De
1373 1163 1650 1221 latitudine
1692 1172 1869 1219 autem

281 1261 559 1320 charitatis
587 1262 714 1334 quid
742 1262 909 1319 dicit?
941 1262 1191 1328 Quoniam
1213 1261 1436 1316 charitas
1457 1258 1554 1314 Dei
1585 1257 1773 1326 diffusa
1795 1267 1872 1314 est

283 1354 337 1408 in
362 1352 598 1408 cordibus
624 1354 810 1408 nostris
833 1370 921 1423 per
946 1353 1194 1424 Spiritum
1217 1361 1446 1406 sanctum
1466 1393 1480 1419 ,
1514 1351 1600 1422 qui
1629 1350 1778 1404 datus
1797 1357 1872 1404 est

285 1445 427 1498 nobis
454 1442 562 1512 (Id.
591 1460 642 1508 v,
671 1443 750 1515 5).
795 1443 898 1499 Ubi
937 1443 1086 1497 audis
1124 1441 1495 1505 ditl‘usionem,
1527 1440 1759 1511 intellige
1798 1439 1872 1494 la-

285 1535 596 1601 titudinem;
625 1536 717 1590 ubi
747 1535 900 1591 audis
928 1535 1261 1590 latitudinem
1286 1576 1299 1600 ,
1347 1533 1584 1605 intellige
1608 1533 1741 1587 atria
1766 1532 1874 1586 Do-

282 1628 444 1695 mini;
468 1638 523 1684 et
539 1627 758 1683 habebis
772 1643 950 1682 veram
967 1626 1390 1682 benedictionem
1413 1625 1641 1692 Domini,
1659 1624 1872 1694 quando

282 1735 389 1774 non
419 1719 698 1776 maledicis
740 1719 989 1774 inimicis.
1023 1719 1327 1789 Alloquitur
1353 1719 1494 1773 enim
1525 1705 1755 1787 Spiritus
1780 1733 1872 1772 eos

280 1813 375 1884 qui
404 1813 679 1884 patiuntur
705 1812 1098 1868 tribulationem
1116 1854 1130 1880 ,
1159 1821 1218 1867 ut
1242 1813 1539 1883 glorientur
1567 1811 1618 1865 in
1651 1811 1872 1865 tribula-

269 1907 549 1973 tionibus;
585 1915 640 1962 et
665 1905 792 1976 dicit
819 1905 926 1970 eis,
958 1903 1093 1960 Ecce
1116 1921 1250 1959 nunc
1278 1904 1552 1959 benedicite
1576 1901 1868 1972 Dominum,

276 2013 456 2054 omnes
475 2000 602 2054 servi
630 1995 857 2052 Domini.
887 1995 1024 2064 Quid
1049 2007 1152 2064 est,
1178 1993 1314 2050 Ecce
1337 1995 1505 2050 nunc?
1528 1993 1584 2049 ln
1606 1995 1708 2050 hoc
1736 2005 1873 2050 tem-

269 2106 436 2164 pore.
468 2092 599 2147 Nam
627 2102 747 2163 post
777 2099 1071 2147 transactas
1101 2090 1501 2156 tribulationes,
1536 2088 1871 2143 manifestum

272 2192 369 2237 est
407 2185 528 2252 quia
574 2183 932 2239 benedictioni
974 2182 1185 2237 Domini
1211 2181 1554 2245 vacabimus,
1588 2190 1645 2235 ut
1672 2181 1872 2236 dictum

274 2281 363 2328 est
389 2290 404 2327 :
435 2271 580 2327 Beati
613 2275 696 2345 qui
724 2274 954 2329 habitant
994 2273 1048 2328 in
1069 2259 1227 2328 domo
1270 2281 1391 2338 tua;
1418 2273 1470 2326 in
1499 2272 1685 2327 sarcula
1709 2287 1873 2326 δαῖσαι

274 2362 518 2418 culorum
543 2363 824 2418 laudabunt
854 2373 901 2418 te
929 2363 1102 2434 (Psal.
1146 2379 1366 2429 Lxxxnt,
1391 2360 1468 2434 5).
1493 2362 1593 2430 Qui
1624 2369 1753 2417 tunc
1781 2361 1875 2417 be-

272 2453 548 2514 nedicturi
577 2464 700 2510 sunt
741 2457 857 2511 sine
882 2455 1091 2511 defectu
1111 2497 1125 2522 ,
1159 2455 1246 2510 hic
1270 2454 1530 2524 incipiunt
1557 2453 1874 2510 benedicere

275 2546 602 2613 Dominum;
636 2544 800 2628 hiein
833 2545 1282 2612 tribulationibus,
1313 2544 1366 2599 in
1394 2544 1791 2609 tentationibus,
1821 2545 1874 2599 in

273 2638 577 2704 molestiis,
626 2638 766 2693 inter
811 2637 1160 2695 adversitates
1206 2637 1418 2703 saeculi,
1468 2637 1609 2694 inter
1645 2637 1875 2693 insidias

270 2735 515 2803 inimici,
548 2737 687 2791 inter
715 2733 934 2792 frandes
977 2744 1033 2791 et
1075 2735 1305 2806 impetus
1348 2734 1566 2790 diaboli.
1606 2734 1720 2790 Hoc
1750 2742 1872 2800 est,

271 2827 418 2883 Ecce
451 2845 584 2883 nunc
621 2829 894 2884 benedicite
920 2828 1228 2896 Dominum,
1260 2845 1430 2884 omnes
1466 2828 1595 2884 servi
1626 2827 1871 2896 Domini,

270 2924 363 2994 qui
411 2923 556 2978 statis
594 2923 646 2977 in
690 2923 839 2978 dumo
877 2921 1103 2976 Domini.
1137 2921 1274 2990 Quid
1301 2930 1405 2987 est,
1446 2921 1532 2990 qui
1569 2921 1749 2975 statis?
1774 2920 1875 2988 Qui

269 3020 658 3086 perseveratis.
707 3015 840 3083 Quia
883 3014 1081 3070 dictum
1126 3022 1208 3070 est
1250 3013 1319 3069 de
1361 3012 1614 3084 quodam,
1665 3011 1755 3082 qui
1790 3025 1875 3066 ar-

269 3109 572 3181 cbangelus
599 3108 718 3177 fuit,
744 3108 810 3162 Et
829 3108 883 3162 in
908 3110 1112 3162 veritate
1136 3123 1238 3162 non
1259 3106 1392 3160 stetit
1417 3102 1592 3177 (Joan.
1617 3119 1728 3169 vni,
1752 3103 1873 3174 M):

269 3211 328 3257 et
360 3202 568 3257 dictum
597 3209 680 3257 est
718 3201 785 3256 de
813 3201 988 3256 amico
1017 3200 1231 3270 sponsi,
1264 3197 1468 3252 Amicus
1507 3205 1675 3251 autem
1702 3196 1877 3265 sponsi

268 3303 407 3361 stat,
462 3303 506 3349 et
545 3295 692 3349 audit
731 3310 877 3361 eum,
923 3301 970 3348 et
997 3292 1184 3365 gaudio
1227 3291 1412 3363 gaudet
1459 3299 1667 3361 propter
1703 3303 1874 3343 vocem

267 3385 456 3456 sponsi
485 3383 595 3458 (Id.
627 3402 702 3450 ιιι,
732 3385 849 3456 29).

343 3478 406 3532 2.
434 3477 586 3552 [vers.
609 3477 688 3551 2.]
713 3479 867 3549 Ergo,
897 3477 999 3545 Qui
1017 3477 1158 3532 statis
1179 3476 1230 3529 in
1243 3476 1392 3530 domo
1412 3473 1641 3541 Domini,
1665 3474 1718 3528 in
1732 3473 1877 3529 atriis

270 3568 464 3623 domas
492 3567 585 3622 Dei
611 3569 785 3635 nostri,
815 3569 868 3622 in
895 3568 1122 3623 noctibus
1152 3567 1374 3623 extollite
1403 3584 1581 3622 manus
1610 3576 1797 3621 vestras
1827 3566 1879 3620 in

269 3670 480 3724 sancta,
505 3671 550 3714 et
574 3659 846 3714 benedicite
873 3659 1164 3715 Dominum.
1191 3660 1369 3716 Facile
1393 3668 1476 3715 est
1491 3659 1808 3715 benedicere
1825 3657 1876 3713 in

269 3749 494 3808 diebus.
524 3753 659 3820 Quid
684 3763 785 3819 est,
813 3752 866 3806 in
896 3753 1128 3808 diebus?
1158 3750 1212 3805 ln
1254 3752 1415 3806 rebus
1443 3751 1730 3821 prosperis.
1764 3749 1878 3804 Nox

269 3846 428 3900 enim
473 3845 640 3899 tristis
685 3860 771 3900 res
799 3853 916 3911 est;
949 3845 1063 3898 dies
1109 3861 1196 3900 res
1237 3851 1319 3899 est
1349 3843 1488 3898 lucta.
1534 3842 1756 3909 Quando
1787 3842 1880 3896 tibi

269 3939 423 3994 bene
452 3945 556 4005 est,
590 3936 858 3992 benedicis
883 3936 1186 3991 Dominum.
1219 3934 1442 4002 Quando
1472 3934 1637 3988 tilium
1668 3932 1880 3987 deside-

267 4045 364 4085 ras
417 4039 473 4084 et
525 4031 788 4095 nascitur,
838 4029 1108 4084 benedicis
1152 4029 1455 4083 Dominum.
1503 4026 1746 4082 Liberata
1797 4033 1879 4081 est

270 4116 424 4180 uxor
473 4131 560 4177 tua
607 4139 637 4176 a
688 4122 922 4193 periculo
973 4131 1192 4191 partus;
1245 4119 1518 4175 benedicis
1575 4119 1876 4173 Dominum.

267 4213 606 4286 Egrotabat
661 4214 835 4280 illius,
886 4213 1177 4278 liberatur;
1243 4211 1514 4267 benedicis
1575 4210 1877 4267 Dominum.

267 4306 602 4379 Aigrutabat
629 4306 808 4373 illius;
852 4305 988 4360 forte
1014 4305 1249 4376 qumsisti
1281 4302 1734 4367 mathematicum,
1767 4318 1883 4357 sor-

269 4401 506 4474 tilegum
525 4419 540 4455 :
557 4401 690 4455 forte
713 4415 815 4454 non
838 4398 906 4454 de
928 4398 1127 4470 lingua,
1153 4397 1246 4454 sed
1273 4397 1340 4452 de
1361 4397 1600 4452 moribus
1621 4396 1723 4450 tuis
1752 4396 1882 4450 exiit

267 4493 597 4550 maledicuo
624 4495 674 4546 in
700 4491 978 4546 Dominum
1003 4507 1018 4556 ;
1048 4490 1177 4546 exiit
1204 4489 1270 4545 de
1298 4488 1538 4544 moribus
1567 4498 1621 4544 et
1641 4489 1745 4543 vita
1768 4497 1876 4543 tua.

266 4585 398 4646 Noli
433 4586 649 4656 gloriari
675 4585 796 4656 quia
823 4585 998 4655 lingua
1044 4583 1336 4648 benedicis,
1366 4583 1410 4638 si
1437 4584 1540 4638 vita
1581 4581 1876 4638 maledicis.

266 4679 590 4747 Quomodo.
622 4679 815 4750 inquis,
844 4679 951 4733 vita
983 4677 1278 4734 maledico?
1303 4677 1436 4744 Quia
1459 4676 1750 4732 attenditur
1771 4675 1876 4731 vita

268 4782 391 4834 tua,
430 4782 488 4826 et
528 4771 759 4826 dicitur:
794 4772 928 4826 Ecce
969 4770 1311 4836 christianos,
1355 4785 1482 4825 ecce
1523 4770 1712 4840 quales
1755 4779 1880 4826 sunt

265 4863 595 4919 Christiani.
631 4864 1033 4934 Blasphematnr
1073 4871 1291 4933 propter
1335 4869 1386 4916 te
1430 4860 1692 4916 Christus.
1742 4861 1880 4918 Ecce

262 4972 404 5014 cum
443 4959 549 5011 vita
579 4965 665 5011 tua
697 4956 996 5022 maledicat,
1021 4954 1146 5025 quid
1174 4951 1390 5022 prodest
1414 4953 1552 5024 quod
1584 4952 1762 5024 lingua
1791 4962 1880 5008 tua

266 5047 602 5109 benedicit?
651 5047 952 5104 Benedicite
1000 5061 1126 5117 ergo
1170 5046 1474 5100 Dominum.
1522 5044 1786 5112 Quando?
1815 5043 1879 5100 In

263 5140 540 5194 noctibus.
580 5138 801 5207 Quando
833 5137 1102 5193 benedixit
1141 5135 1280 5192 Job?
1304 5135 1524 5204 Quando
1569 5135 1735 5190 tristis
1774 5150 1878 5190 nox

263 5242 421 5288 erat.
475 5231 661 5287 Ablata
705 5240 829 5286 sunt
855 5230 1032 5284 omnia
1075 5244 1194 5298 quae
1241 5227 1683 5298 possidebantur;
1717 5226 1879 5281 ablati

263 5325 366 5381 lilii
398 5325 604 5397 quibus
619 5325 965 5380 servabantur
990 5341 1002 5378 ε
1025 5337 1182 5393 quam
1205 5322 1371 5376 tristis
1397 5335 1500 5374 nox
1520 5321 1534 5375 ι
1569 5319 1674 5375 Sed
1695 5319 1879 5376 videa-

261 5434 402 5473 mus
452 5418 499 5472 si
529 5433 632 5471 non
662 5418 713 5471 in
762 5425 916 5472 nocte
944 5413 1207 5486 hencdicit
1238 5431 1252 5467 :
1279 5411 1530 5467 Dominus
1567 5412 1723 5478 dedit,
1766 5410 1874 5465 Do-

257 5512 460 5566 minus
486 5509 726 5575 abstulit;
749 5509 874 5562 sicut
911 5505 1124 5561 Domino
1149 5504 1336 5576 placuit
1371 5505 1443 5556 ita
1473 5507 1662 5574 factum
1685 5512 1757 5557 est
1779 5519 1797 5557 :
1816 5504 1878 5557 sit

257 5619 476 5659 nomen
508 5602 710 5656 Domini
743 5599 1056 5655 benedictum
1096 5595 1215 5669 (Job
1243 5611 1278 5660 I,
1309 5595 1523 5665 Hom).
1566 5595 1734 5664 Quam
1773 5611 1877 5650 nox

251 5709 393 5756 atra
429 5700 449 5732 ³
476 5698 493 5755 ι
521 5697 813 5755 Percussus
852 5693 1032 5750 ulcere
1074 5707 1107 5747 a
1145 5690 1318 5761 capite
1356 5702 1524 5759 usque
1561 5687 1630 5745 ad
1673 5689 1836 5760 pedes
1857 5730 1873 5756 ,

325 5923 348 5955 ι
378 5920 474 5970 sic
495 5925 602 5970 uss.
621 5917 731 5969 Edd.
756 5930 891 5975 vero,
915 5921 1077 5967 atrox.

533 5983 754 6044 Ssxcr.
795 5989 834 6042 Α
848 5973 1066 6043 ususr.
1099 5973 1185 6038 IV

1340 406 1734 464 ENARRATIO
1771 405 1837 465 IN
1877 405 2201 465 PSALMUM
2240 387 2526 464 chxrv.

3427 413 3561 466 i758

1975 521 2298 590 putrefactus
2325 519 2649 591 liquescebat
2671 519 2723 574 in
2754 533 2832 575 se.
2866 519 3014 576 Tunc
3041 520 3151 575 Eva
3177 536 3302 576 ausa
3333 531 3412 577 est
3437 539 3558 578 eum

1927 677 1930 681 _
1971 622 2178 669 tentare
2208 631 2221 667 :
2255 612 2352 667 Dic
2381 612 2575 684 aliquid
2599 613 2651 666 in
2680 611 2842 667 Deum
2880 623 3045 678 tuum,
3088 626 3134 669 et
3163 630 3372 669 morere.
3425 615 3563 669 Audi

1972 703 2372 760 benedicentem
2420 706 2471 759 in
2522 705 2765 760 noctibus
2795 723 2808 760 :
2836 704 3032 760 Locuta
3069 722 3140 771 es,
3188 707 3376 777 inquit,
3419 707 3566 776 quasi

1973 814 2076 852 una
2101 814 2162 853 ea:
2199 799 2550 867 insipientibus
2578 799 2888 854 mulieribus.
2921 799 2982 856 Si
3010 799 3140 854 bona
3165 801 3474 870 suscepimus
3504 800 3568 855 de

1975 905 2128 943 manu
2146 889 2369 957 Domini,
2389 890 2524 944 mala
2539 907 2638 945 non
2660 890 2982 945 tolerabimus
3005 891 3123 962 (Job
3141 907 3198 958 ιι,
3219 889 3410 962 7-10)?
3427 891 3567 946 Ecce

1973 979 2100 1050 quid
2130 989 2230 1045 est,
2263 979 2294 1034 1
2299 981 2332 1035 η
2359 982 2583 1038 noctibus
2616 982 2839 1036 extollite
2862 1000 3042 1038 manus
3070 992 3259 1038 vestras
3284 983 3338 1037 in
3364 994 3561 1051 sancta,

1975 1083 2021 1127 et
2051 1072 2322 1129 benedicite
2344 1074 2639 1131 Dominum.
2670 1077 2807 1145 Quid
2831 1077 2964 1132 dixit
2991 1077 3137 1133 Job?
3164 1075 3358 1132 Locuta
3379 1095 3431 1133 es
3451 1088 3567 1133 tan-

1974 1183 2126 1237 quam
2170 1183 2274 1220 una
2316 1183 2378 1221 ea:
2417 1167 2767 1239 insipientibus
2813 1169 3126 1225 mulieribus.
3175 1169 3345 1226 Adam
3395 1170 3567 1242 putris

1976 1260 2172 1330 repulit
2195 1259 2381 1328 Evam,
2405 1269 2653 1332 tanquam
2679 1263 2865 1319 dicens
2888 1281 2901 1318 :
2926 1263 3164 1318 Sufﬁciat
3186 1263 3324 1334 quod
3347 1273 3566 1335 propter

1978 1361 2030 1407 te
2069 1351 2309 1407 mortalis
2351 1350 2571 1433 ell‘ectus
2613 1369 2752 1409 sum.
2789 1354 3042 1410 Valueras
3072 1355 3123 1409 in
3172 1353 3436 1425 paradiso,
3470 1355 3567 1411 sed

1976 1443 2206 1510 vinceris
2235 1443 2287 1498 in
2315 1443 2775 1515 stercoreJIagna
2798 1448 2966 1517 gratia
2994 1445 3118 1502 Dei!
3141 1444 3244 1502 Sed
3274 1446 3412 1500 unde
3440 1445 3565 1513 hoc,

1979 1534 2079 1590 nisi
2114 1535 2237 1606 quia
2267 1550 2359 1592 ros
2389 1536 2623 1593 Harmon
2667 1538 2998 1607 compluerat
3039 1538 3182 1593 illam
3227 1539 3484 1605 animam,
3516 1547 3573 1594 et

1977 1625 2199 1682 dederat
2226 1627 2484 1683 Dominus
2532 1629 2870 1695 suavitatem,
2919 1639 2974 1683 ut
3005 1637 3147 1684 terra
3194 1640 3378 1685 nostra
3419 1629 3572 1686 daret

1977 1718 2207 1776 fructum
2230 1737 2382 1776 suum
2408 1714 2574 1790 (Psal.
2605 1737 2823 1785 untv,
2858 1720 2991 1795 13)?
3018 1720 3085 1776 In
3107 1724 3334 1778 noctibus
3350 1722 3574 1779 extollite

1979 1830 2158 1870 manus
2177 1827 2364 1870 vestras
2391 1815 2444 1869 in
2469 1825 2665 1882 sancta,
2689 1824 2734 1870 et
2758 1815 3032 1870 benedicite
3058 1814 3354 1871 Dominum.

2050 1905 2104 1959 ὅ.
2133 1903 2282 1977 [vers.
2309 1904 2387 1977 5.]
2415 1902 2687 1960 Benedicat
2721 1916 2768 1960 te
2795 1905 3047 1962 Dominus
3073 1923 3136 1962 ea:
3166 1907 3312 1973 Sion,
3341 1910 3427 1978 qui
3456 1911 3574 1982 fecit

1979 1995 2158 2050 coelum
2200 2007 2245 2051 et
2277 2006 2477 2051 terram.
2532 1997 2716 2052 Plures
2762 1997 3003 2052 hortatur
3050 2008 3108 2053 ut
3138 1999 3473 2063 benedicant,
3522 2009 3577 2056 et

1981 2089 2095 2158 ipse
2145 2105 2305 2145 unum
2335 2089 2628 2153 benedicit,
2662 2091 2782 2160 quia
2813 2106 2877 2146 ex
2925 2091 3165 2162 pluribus
3212 2109 3374 2148 unum
3407 2093 3572 2159 fecit;

1980 2181 2102 2250 quia
2129 2181 2312 2236 bonum
2343 2192 2389 2235 et
2421 2182 2710 2252 jucundum
2740 2191 2823 2238 est
2850 2182 3077 2239 habitare
3113 2185 3297 2253 fratres
3335 2188 3388 2240 in
3419 2203 3575 2241 unum

1981 2271 2150 2342 (Psal.
2206 2287 2407 2338 cxxxn,
2462 2273 2536 2343 1).
2593 2273 2820 2328 Pluralis
2867 2265 3158 2341 numerus,
3211 2280 3435 2347 fratres;
3481 2277 3574 2332 sed

1981 2365 2283 2434 singularis,
2314 2366 2541 2419 habitare
2565 2366 2617 2419 in
2643 2382 2798 2418 unum
2823 2381 2842 2419 :
2863 2365 3002 2430 ideo,
3033 2365 3305 2420 Benedicat
3331 2377 3379 2421 te
3397 2367 3572 2421 Domi-

1979 2471 2075 2509 nus
2100 2472 2162 2510 επ
2184 2455 2330 2521 Sion,
2358 2457 2444 2523 qui
2473 2457 2590 2528 fecit
2614 2457 2794 2511 caelum
2827 2467 2873 2511 et
2902 2467 3113 2512 terram.
3141 2457 3310 2512 Nemo
3337 2469 3574 2514 vestrum

1980 2546 2122 2602 dicat
2154 2565 2166 2601 :
2195 2549 2274 2603 Ad
2306 2565 2390 2604 me
2421 2565 2525 2604 non
2557 2550 2816 2618 pervenit.
2848 2549 3011 2604 Putas
3039 2551 3158 2621 quis
3190 2559 3271 2604 est
3300 2567 3458 2622 quem
3490 2551 3574 2607 die

1983 2639 2084 2706 xit,
2112 2637 2380 2694 Benedicat
2417 2649 2463 2695 te
2500 2639 2748 2694 Dominus
2772 2656 2837 2694 ex
2863 2641 3035 2696 Sion?
3063 2639 3235 2697 Unum
3266 2641 3536 2698 benedixit
3560 2659 3574 2697 :

1981 2740 2098 2786 esto
2125 2747 2311 2798 unum,
2339 2740 2393 2787 et
2433 2733 2676 2802 pervenit
2717 2731 2783 2786 ad
2812 2741 2863 2787 te
2888 2731 3212 2787 benedictio.

2342 2940 2424 3002 IN
2468 2938 2849 3002 PSALMUM
2891 2939 3222 3005 CXXXIV

2587 3059 3006 3117 ENARRATIO.

2541 3186 2716 3229 SERIIO
2743 3190 2812 3230 AD
2835 3189 3060 3231 PLEBEII.

2055 3287 2106 3342 l.
2137 3281 2287 3360 [vers.
2316 3285 2393 3360 1.]
2424 3287 2589 3343 Valde
2617 3288 2769 3344 dulce
2795 3290 2949 3345 nobis
2978 3304 3098 3344 esse
3124 3288 3305 3358 debet,
3339 3303 3394 3347 et
3423 3291 3576 3352 dulce

1983 3380 2136 3434 nobis
2163 3394 2282 3436 esse
2307 3380 2642 3450 gaudendum
2670 3391 2772 3445 est,
2804 3398 2908 3451 quo
2935 3399 3032 3437 nos
3063 3384 3298 3453 psalmus
3343 3387 3443 3442 iste
3481 3403 3576 3443 co.

1983 3472 2246 3529 hortatur.
2277 3474 2412 3529 Dicit
2433 3475 2573 3530 enim
2598 3493 2609 3529 :
2633 3473 2862 3530 Laudate
2881 3493 3060 3530 nomen
3087 3476 3307 3531 Domini.
3331 3479 3578 3536 Causam-

1982 3582 2086 3637 que
2114 3567 2280 3639 ipsam
2307 3582 2472 3638 quare
2498 3567 2699 3637 justum
2728 3568 2796 3623 sit
2824 3577 2882 3623 ut
2927 3569 3202 3626 laudemus
3247 3588 3443 3627 nomen
3478 3574 3578 3627 Do-

1984 3658 2134 3726 mini,
2185 3660 2439 3714 continuo
2488 3659 3032 3731 subjecitzLaudate,
3083 3666 3231 3731 servi,
3280 3664 3576 3723 Dominum.

1983 3749 2119 3818 Quid
2160 3751 2397 3821 justius?
2424 3754 2547 3824 quid
2578 3754 2833 3824 dignius?
2863 3755 2987 3824 quid
3015 3757 3259 3825 gratius?
3291 3758 3502 3813 Etenim
3532 3762 3578 3816 si

1984 3859 2089 3898 non
2136 3845 2464 3900 laudaverint
2512 3848 2648 3900 servi
2693 3847 3012 3912 Dominum;
3055 3849 3290 3917 superbi,
3343 3851 3574 3922 ingrati,

1986 3936 2263 4006 irreligiosi
2292 3946 2466 3991 erunt.
2494 3938 2562 3992 Et
2581 3937 2706 4007 quid
2737 3937 2932 3992 faciunt
2962 3955 3067 3994 non
3101 3940 3364 3996 laudando
3397 3943 3576 3996 Domi-

1985 4044 2132 4092 num,
2157 4029 2256 4082 nisi
2281 4037 2335 4082 ut
2359 4043 2603 4084 severum
2627 4030 2856 4084 sentiant
2881 4031 3198 4086 Dominum?
3219 4031 3399 4104 Neque
3423 4035 3568 4090 cnim

1985 4135 2173 4177 servus
2201 4121 2459 4190 ingratus,
2505 4122 2548 4177 si
2577 4122 2860 4178 Dominum
2889 4140 3040 4178 suum
3074 4124 3291 4180 laudare
3322 4128 3572 4193 noluerit,

1986 4213 2106 4270 ideo
2153 4213 2314 4269 efﬁcit
2356 4224 2414 4270 ut
2439 4229 2627 4270 servus
2667 4229 2771 4269 non
2813 4214 2900 4270 sit.
2934 4214 3163 4282 Laudes,
3212 4231 3316 4271 non
3349 4217 3532 4273 laudes
3558 4262 3572 4285 ,

1986 4322 2172 4363 servus
2192 4323 2252 4364 es
2283 4326 2297 4362 :
2329 4308 2419 4362 sed
2448 4308 2492 4362 si
2520 4307 2702 4363 laudes
2721 4350 2736 4372 ,
2769 4308 3112 4387 propitiabis;
3144 4309 3188 4366 si
3218 4326 3320 4364 non
3368 4310 3569 4378 laudes,

1985 4400 2242 4457 offendes.
2275 4401 2419 4457 Bona
2448 4417 2574 4473 ergo
2615 4402 2914 4456 exhortatio
2947 4412 3000 4458 et
3025 4404 3204 4464 utilis;
3238 4405 3377 4460 unde
3407 4407 3576 4475 magis

1985 4503 2225 4566 satagere
2247 4495 2503 4550 debemus
2529 4495 2977 4565 quemadmodum
3001 4495 3296 4569 laudandus
3322 4499 3389 4553 sit
3414 4499 3572 4566 Deus,

1985 4600 2142 4655 quam
2172 4584 2415 4640 dubitare
2443 4584 2786 4640 laudandum.
2818 4583 3050 4640 Laudate
3078 4603 3207 4658 ergo
3249 4605 3430 4643 nomen
3467 4589 3574 4645 Do-

1986 4677 2130 4730 mini.
2175 4675 2425 4731 Hortatur
2452 4691 2548 4731 nos
2576 4676 2836 4743 Psalmus,
2868 4676 3107 4732 hortatur
3135 4695 3232 4734 nos
3269 4679 3532 4750 Propheta
3560 4725 3574 4748 ,

1986 4767 2226 4824 hortatur
2250 4784 2347 4823 nos
2374 4769 2603 4838 Spiritus
2630 4770 2741 4834 Dei,
2777 4769 3018 4824 hortatur
3047 4780 3314 4838 postremo
3343 4787 3438 4826 no.5
3464 4773 3574 4841 ipse

1988 4860 2263 4927 Dominus,
2291 4868 2350 4914 ut
2377 4860 2656 4916 laudemus
2691 4861 2990 4916 Dominum.
3017 4861 3131 4916 Non
3160 4862 3299 4916 enim
3332 4862 3574 4917 laudibus

1987 4953 2184 5008 nostris
2216 4951 2305 5006 ille
2333 4953 2545 5017 crescit,
2591 4952 2684 5006 sed
2716 4963 2832 5008 nos.
2884 4953 3028 5008 Deus
3058 4969 3154 5006 nec
3184 4952 3371 5006 melior
3411 4954 3486 5016 tit,
3530 4955 3573 5008 si

1985 5043 2321 5107 laudaveris;
2367 5057 2465 5098 nec
2508 5043 2780 5108 deterior,
2827 5043 2869 5097 si
2917 5043 3296 5109 vituperaveris
3327 5059 3339 5095 :
3371 5042 3464 5098 sed
3516 5052 3571 5098 tu

1987 5136 2246 5192 laudando
2274 5135 2494 5198 bonum,
2529 5137 2717 5190 melior
2742 5136 2847 5191 eris
2871 5151 2886 5200 ;
2917 5133 3282 5203 vituperando,
3305 5133 3563 5191 deterior:

1986 5230 2156 5286 bonus
2181 5239 2359 5284 autem
2393 5228 2478 5283 ille
2509 5236 2707 5292 manet,
2736 5237 2796 5282 ut
2836 5235 2935 5281 est.
2968 5225 3019 5280 Si
3050 5228 3189 5287 enim
3231 5241 3416 5280 servos
3443 5242 3572 5283 suos

1984 5322 2130 5393 ipsos
2176 5320 2314 5376 bene
2356 5319 2423 5374 de
2472 5335 2530 5374 se
2575 5319 2813 5382 meritos,
2846 5316 3220 5387 prmdicatores
3251 5317 3398 5371 verbi
3445 5320 3565 5385 sui,

1984 5421 2220 5469 rectores
2248 5413 2498 5469 Ecclesia:
2526 5428 2656 5477 sum,
2699 5419 3038 5464 vcneratores
3069 5410 3297 5463 nominis
3339 5412 3440 5472 sui,
3473 5412 3562 5465 ob-

1985 5515 2367 5576 temperatores
2405 5502 2637 5556 mandati
2668 5501 2745 5556 sui
2779 5501 2827 5555 id
2860 5501 3033 5566 docet,
3067 5511 3123 5554 ut
3166 5499 3217 5554 iu
3245 5504 3570 5556 conscientia

1982 5613 2077 5654 sua
2107 5597 2333 5652 habeant
2356 5592 2689 5649 dulcedinem
2717 5592 2870 5646 bona:
2912 5593 3032 5646 vitm
3059 5607 3187 5653 sum,
3219 5607 3284 5645 ne
3325 5607 3568 5648 cornuu-

1982 5699 2176 5761 pantur
2199 5685 2463 5750 laudibus,
2495 5699 2563 5738 ne
2590 5681 2904 5754 frangantur
2926 5683 2942 5714 ¹
2969 5683 3446 5752 vituperationibus
3478 5685 3572 5739 ho-

2045 5847 2062 5880 ί
2090 5845 2256 5896 Plures
2277 5850 2382 5894 Mss.
2425 5853 2511 5891 nec
2549 5845 2922 5904 corrumpantur
2959 5837 3206 5897 laudibus,
3245 5852 3333 5892 nec
3370 5842 3568 5905 fragm:-

1980 5918 2077 5972 tur,
2115 5917 2208 5959 etc.

2715 5964 3338 6048 (Cinquante-cinq.)
