4078 6534
493 358 634 417 i730

467 474 730 561 ,miuum;
772 480 970 544 quanto
1017 470 1181 540 magis
1227 470 1341 539 ipse
1405 469 1851 524 incommutabilis
1905 484 2068 539 super

467 567 669 623 'emnia
698 566 785 635 qui
830 565 943 620 haec
966 564 1140 628 docet,
1173 579 1278 617 non
1321 564 1500 634 utique
1536 563 1705 634 major
1735 565 1794 617 lit
1817 564 1859 617 si
1889 563 2068 617 lauda-

497 659 655 725 veris,
680 671 778 712 nec
796 656 969 711 minor
991 656 1036 709 si
1063 655 1488 727 vituperaveris?
1516 654 1622 711 Sed
1645 654 1892 725 quoniam
1917 654 2070 710 nobis

489 749 705 821 expedit
747 748 963 804 laudare
1008 748 1311 815 Dominum,
1362 748 1775 804 misericorditer
1814 748 1966 819 jubet
2012 755 2070 801 ut

487 842 761 899 laudemus
785 855 925 907 eum,
955 855 1061 894 non
1087 848 1414 910 arroganter.
1444 838 1735 895 Audiamus
1770 853 1897 908 ergo
1925 838 2069 908 quod

486 934 615 990 dicit
646 950 659 987 :
690 929 921 987 Laudate
957 948 1135 986 nomen
1177 930 1403 999 Domini,
1436 931 1660 997 laudate,
1692 932 1840 995 servi,
1883 928 2068 982 Domi-

486 1043 629 1081 num.
674 1024 789 1080 Non
816 1024 957 1080 enim
985 1023 1181 1094 aliquid
1214 1025 1558 1096 incongruum
1588 1010 1776 1087 facitis,
1804 1020 2069 1076 laudando

484 1120 622 1175 servi
648 1102 931 1175 Dominum
961 1135 975 1172 :
1007 1118 1107 1173 etsi
1137 1132 1349 1197 semper
1365 1114 1733 1177 tantummodo
1756 1115 1894 1169 servi
1922 1128 2070 1169 essc-

485 1212 573 1279 tis,
603 1210 871 1266 deberetis
896 1209 1112 1265 laudare
1139 1209 1420 1264 Dominum
1445 1226 1461 1275 ;
1489 1215 1689 1278 quanto
1711 1205 1878 1277 magis
1901 1206 2067 1261 debe-

483 1304 550 1357 tis
576 1301 792 1357 laudare
823 1302 1098 1355 Dominum
1128 1300 1289 1366 servi,
1310 1308 1367 1354 ut
1391 1313 1510 1355 esse
1532 1296 1839 1353 mereamini
1862 1304 1918 1350 et
1941 1294 2068 1350 lilii?

551 1392 606 1446 2.
637 1390 785 1465 [vere
808 1391 888 1465 2.]
917 1392 1018 1447 Sed
1050 1392 1298 1462 quoniam
1328 1392 1583 1465 scriptum
1609 1390 1763 1446 estin
1783 1389 1890 1444 alio
1918 1390 2066 1460 psal-

482 1497 592 1550 mo,
638 1483 823 1562 Raetos
866 1483 1003 1538 decet
1047 1482 1272 1537 laudatio
1299 1466 1468 1554 (Psal.
1502 1496 1670 1547 χχιιι,
1718 1480 1770 1553 1)
1798 1496 1813 1545 ;
1843 1488 1897 1533 et
1939 1479 2067 1535 item

480 1576 607 1632 alibi
632 1577 887 1647 scriptum
913 1584 1012 1639 est.
1049 1575 1170 1631 Non
1198 1584 1271 1631 est
1308 1575 1532 1646 speciosa
1559 1573 1670 1628 laus
1697 1574 1750 1627 in
1773 1590 1859 1628 ore
1885 1588 2067 1643 perca-

482 1669 604 1724 teris
636 1666 824 1742 (Eceli.
846 1685 935 1732 xv,
966 1668 1021 1739 9)
1046 1684 1061 1733 ;
1092 1668 1322 1738 itemque
1348 1667 1472 1722 alibi
1501 1665 1715 1734 dicitur,
1744 1664 2068 1735 Sacriﬁcium

482 1760 650 1815 laudis
675 1759 974 1831 gloriﬁcabit
1004 1777 1101 1826 me,
1130 1769 1178 1814 et
1202 1760 1265 1813 ibi
1290 1760 1368 1813 via
1400 1769 1469 1813 est
1498 1759 1551 1813 in
1580 1775 1678 1830 qua
1704 1759 1960 1812 ostendam
1989 1758 2069 1812 illi

479 1850 702 1906 salutare
730 1851 866 1919 Dei;
894 1861 950 1906 et
988 1860 1393 1921 consequenter,
1432 1848 1689 1904 Peccatori
1730 1860 1899 1904 autem
1939 1850 2069 1905 dixit

485 1939 643 2007 Deus,
679 1936 870 2012 thuid
899 1952 951 1995 tu
977 1959 1184 1997 enarras
1197 1943 1423 2012 jnstitias
1439 1959 1590 2005 meas,
1617 1952 1662 1996 et
1683 1945 1896 1996 assumis
1918 1952 2068 1997 testa-

483 2043 706 2089 mentum
732 2051 896 2089 meum
938 2052 1025 2105 per
1049 2052 1103 2089 os
1145 2038 1325 2091 tuum?
1362 2034 1442 2090 Tu
1469 2046 1636 2090 autem
1668 2037 1817 2090 odisti
1842 2037 2067 2106 discipli-

481 2141 621 2193 nam,
652 2134 700 2179 et
725 2127 979 2197 projecisti
1011 2144 1264 2181 sermones
1301 2143 1436 2182 meos
1471 2138 1581 2198 post
1612 2137 1658 2181 te
1685 2125 1870 2199 (Psal.
1906 2143 2022 2183 xux
2048 2170 2062 2194 ,

478 2214 570 2284 95,
596 2215 684 2283 16,
714 2206 801 2288 17)
838 2233 854 2272 :
883 2231 951 2272 ne
972 2216 1107 2271 forte
1135 2218 1434 2288 quisquam,
1458 2217 1709 2287 quoniam
1734 2216 1930 2272 dictum
1955 2229 2061 2285 est,

478 2306 727 2372 Laudato,
753 2309 901 2382 servi,
925 2306 1216 2372 Dominum,
1247 2308 1454 2363 etiamsi
1483 2309 1534 2361 in
1563 2306 1722 2362 domo
1745 2308 1843 2362 ista
1874 2324 2065 2377 magna

476 2395 634 2453 fuerit
661 2399 831 2455 malus
857 2414 1062 2466 servus,
1097 2408 1239 2469 putet
1283 2399 1383 2454 sibi
1416 2398 1668 2467 prodesse
1695 2398 1908 2453 laudem
1953 2400 2057 2453 Do-

477 2490 629 2558 mini,
652 2492 905 2548 continuo
929 2492 1112 2561 quales
1140 2492 1245 2543 sint
1270 2490 1357 2560 qui
1390 2488 1604 2545 laudare
1627 2490 1855 2545 debeant
1884 2492 2066 2544 Domi-

477 2599 626 2649 num,
658 2582 870 2653 subjieit
909 2593 961 2638 et
986 2581 1144 2637 decet
1177 2601 1189 2637 :
1220 2580 1318 2647 Qui
1348 2582 1491 2635 statis
1520 2583 1573 2634 in
1618 2581 1769 2635 domo
1815 2581 2061 2648 Domini,

474 2676 529 2731 in
559 2676 701 2730 atriis
724 2674 904 2730 domus
936 2674 1030 2729 Dei
1061 2676 1236 2729 nostri.
1270 2673 1368 2740 Qui
1393 2674 1557 2737 statis,
1591 2690 1696 2727 non
1724 2675 1813 2744 qui
1846 2676 1996 2729 ruitis
2020 2676 2060 2727 ί.

477 2767 557 2821 Illi
587 2775 764 2822 autem
791 2776 932 2820 stare
957 2765 1221 2828 dicuntur,
1246 2764 1336 2835 qui
1368 2766 1419 2818 in
1441 2752 1703 2819 mandatis
1731 2770 1845 2833 ejus
1874 2782 2059 2835 perse-

472 2866 677 2921 verant,
700 2858 788 2927 qui
816 2857 867 2911 in
888 2857 987 2911 lide
1016 2872 1121 2911 non
1149 2856 1288 2919 ﬁcta,
1322 2867 1375 2911 et
1401 2872 1495 2925 spe
1523 2854 1696 2919 firma,
1720 2866 1773 2911 et
1798 2857 2060 2913 charitate

474 2951 680 3005 sincera
719 2951 952 3006 serviunt
983 2952 1113 3015 Deo,
1144 2962 1197 3004 et
1226 2946 1495 3004 honorant
1526 2950 1815 3004 Ecclesiam
1847 2951 1981 3020 ejus,
2010 2961 2064 3006 et

475 3056 581 3094 non
611 3040 740 3096 dant
784 3039 1129 3096 offensionem
1161 3040 1298 3096 male
1323 3040 1550 3096 vivendo
1578 3042 1621 3107 ²,
1655 3042 1733 3097 eis
1762 3043 1849 3111 qui
1881 3043 2062 3099 venire

474 3133 678 3199 velunt,
705 3141 760 3186 et
784 3133 837 3186 in
866 3133 948 3185 via
976 3132 1180 3203 lapides
1200 3132 1509 3187 olfensionis
1535 3132 1810 3187 inveniunt
1833 3132 1872 3187 ³.
1900 3134 2058 3203 Ergo,

475 3226 575 3291 Qui
599 3226 744 3282 statis
787 3227 839 3279 in
885 3226 1033 3279 domo
1084 3226 1309 3292 Domini,
1360 3224 1564 3280 laudate
1604 3241 1785 3280 nomen
1830 3225 2056 3280 Domini.

470 3318 616 3375 Grati
648 3327 856 3385 estote;
892 3318 1021 3374 foris
1049 3319 1234 3383 eratis,
1265 3327 1319 3374 et
1348 3318 1488 3372 intus
1514 3319 1668 3373 statis
1698 3316 1741 3372 δ.
1768 3317 1903 3384 Quia
1933 3335 2060 3389 ergo

467 3411 639 3477 statis,
673 3426 929 3479 parumne
959 3419 1038 3465 est
1063 3410 1231 3473 vobis,
1264 3409 1351 3464 ubi
1397 3408 1691 3464 laudandus
1720 3411 1916 3481 estqui
1964 3425 2059 3465 vos

470 3502 639 3557 erexit
661 3500 917 3571 iacentes,
952 3510 1006 3556 et
1048 3500 1172 3555 fecit
1198 3501 1250 3553 in
1290 3499 1452 3554 domo
1476 3514 1573 3553 sua
1609 3509 1769 3564 stare,
1803 3510 1854 3553 et
1884 3501 2053 3569 ipsum

471 3608 784 3664 agnoscere,
831 3594 1111 3665 ipsumque
1136 3590 1396 3646 laudare?
1436 3607 1729 3661 parvumne
1761 3593 1861 3646 hoc
1889 3592 2057 3648 bene—

475 3684 650 3738 licium
672 3692 773 3751 est,
787 3683 926 3756 quod
947 3692 1147 3738 stamus
1174 3685 1224 3736 in
1248 3682 1407 3738 domo
1429 3682 1635 3736 Domini
1659 3683 1683 3735 ?
1708 3681 1801 3736 Hic
1820 3682 2055 3750 interim,

474 3773 528 3829 in
558 3774 656 3829 hac
684 3775 1129 3845 peregrinatione,
1160 3775 1212 3829 in
1243 3774 1341 3829 hac
1366 3775 1545 3837 domo,
1575 3774 1717 3845 quod
1748 3775 1906 3829 etiam
1937 3790 2060 3844 per-

470 3866 813 3938 egrinationis
840 3866 1238 3923 tabernaculum
1269 3866 1481 3933 dicitur,
1527 3866 1650 3937 quia
1679 3865 1765 3920 hic
1811 3874 2013 3920 stamus
2039 3909 2054 3934 ,

472 3958 727 4029 numquid
772 3975 958 4030 parum
992 3959 1128 4030 grati
1172 3972 1289 4013 esse
1337 3954 1634 4013 debemus?
1680 3956 1866 4011 Nonne
1908 3958 2056 4026 cogi-

473 4052 687 4108 tandum
741 4061 825 4108 est
878 4053 1000 4124 quia
1050 4051 1136 4105 hic
1189 4046 1433 4103 stamus?
1482 4064 1660 4103 nonne
1716 4050 2055 4119 cogitandum

469 4156 554 4203 est
618 4142 743 4217 quid
790 4144 914 4200 facti
973 4142 1265 4199 fuerimus?
1348 4158 1525 4198 nonne
1591 4143 1925 4212 cegitandnm
1975 4151 2057 4200 est

470 4240 557 4294 ubi
580 4238 911 4310 jacebamus,
959 4247 1013 4295 et
1040 4255 1146 4309 quo
1190 4237 1398 4292 collecti
1438 4234 1667 4291 sumus?
1694 4252 1869 4292 nonne
1913 4237 2058 4307 cogi-

468 4331 683 4386 tandum
711 4340 794 4388 est
834 4346 956 4403 quia
982 4345 1168 4385 omnes
1198 4329 1344 4401 impii
1376 4329 1659 4383 Dominum
1691 4343 1796 4382 non
1842 4344 2047 4398 qurere-

466 4425 614 4493 bant,
663 4435 719 4480 et
769 4425 886 4494 ipse
942 4414 1061 4479 illos
1112 4439 1216 4477 non
1270 4431 1572 4493 quaerentes
1620 4422 1885 4490 quaesivit,
1941 4418 2054 4492 ipse

466 4514 709 4568 inventos
729 4514 998 4580 excitavit,
1029 4515 1142 4582 ipse
1166 4515 1422 4568 excitatos
1447 4514 1675 4581 vocavit,
1700 4513 1813 4583 ipse
1834 4523 2053 4569 vocatos

468 4603 778 4670 introduxit,
805 4614 859 4658 et
891 4605 943 4657 in
975 4604 1136 4658 domo
1161 4618 1257 4658 sua
1285 4614 1428 4658 stare
1458 4603 1620 4657 fecit?
1662 4603 1785 4658 Hmc
1810 4605 2051 4673 quisquis

466 4697 659 4765 cogitat
699 4703 755 4750 et
794 4695 1030 4765 ingratus
1058 4711 1165 4749 non
1190 4702 1294 4761 est,
1324 4694 1542 4748 omnino
1569 4692 1794 4764 despicit
1837 4711 1895 4749 se
1942 4711 2053 4764 prae

470 4803 652 4843 amore
680 4786 892 4843 Domini
935 4788 1038 4851 sui,
1070 4804 1098 4840 a
1126 4802 1231 4858 quo
1256 4786 1357 4842 sibi
1386 4795 1530 4841 tanta
1560 4786 1795 4855 priestita
1824 4794 1946 4842 sunt
1967 4805 1979 4841 :
1998 4796 2055 4843 et

466 4881 715 4953 quoniam
764 4884 873 4937 nan
914 4878 1074 4935 habet
1114 4878 1240 4950 quid
1274 4894 1383 4949 .pro
1428 4881 1589 4934 tantis
1621 4878 1895 4934 beneﬁciis
1942 4880 2053 4934 Deo

465 4971 744 5039 retribuat,
773 4972 898 5044 quid
940 4971 991 5027 ei
1039 4981 1205 5027 restat
1249 4972 1349 5027 nisi
1379 4972 1578 5042 gratias
1612 4987 1788 5043 agere,
1826 4987 1929 5027 non
1959 4987 2049 5028 re-

468 5063 734 5133 pendere?
764 5063 844 5118 Ad
889 5064 1056 5132 ipsam
1102 5063 1392 5133 gratiarum
1423 5064 1685 5120 actionem
1717 5065 1973 5145 pertinet,
1999 5072 2052 5119 et

460 5155 683 5211 calicem
731 5153 942 5209 Domini
988 5153 1249 5224 accipere,
1284 5163 1339 5209 et
1383 5171 1574 5211 nomen
1622 5155 1736 5227 ejus
1780 5158 2046 5211 invocare.

459 5243 598 5313 Nam
624 5246 748 5317 quid
777 5245 1034 5301 retribuat
1058 5246 1283 5300 Domino
1308 5260 1514 5313 servus,
1542 5261 1639 5317 pro
1660 5248 1907 5301 omnibus
1928 5260 2047 5316 qua:

461 5337 706 5395 retribuit
731 5337 804 5393 illi
830 5332 1001 5408 (Psal.
1040 5351 1168 5404 ειν,
1201 5336 1291 5403 12,
1328 5338 1415 5407 15)
1437 5337 1461 5392 ἳ
1487 5337 1647 5407 Ergo,
1698 5336 1797 5403 Qui
1826 5337 1967 5390 statis
1995 5336 2048 5389 in

463 5431 613 5486 doma
641 5424 870 5495 Domini,
895 5428 951 5483 in
988 5428 1134 5484 atriis
1162 5428 1343 5484 domus
1367 5427 1465 5483 Dei
1488 5429 1665 5495 nostri,
1696 5428 1900 5481 laudate
1936 5426 2045 5481 Do-

459 5537 669 5575 mnium.

522 5613 541 5675 ε
568 5610 759 5675 Aliquot
794 5617 924 5673 llas,
937 5612 1134 5675 jacetis.

520 5674 542 5739 τ
564 5656 1256 5739 senemsenem,
1278 5656 1481 5724 mai.

522 5734 543 5766 ³
565 5734 762 5797 septem
948 5748 1043 5787 non
1065 5735 1385 5788 immittatur.

517 5798 539 5827 δ
562 5795 644 5847 sic
657 5795 881 5861 plerique
903 5804 1010 5849 les.
1023 5798 1286 5850 Edd.vero:
1312 5795 1441 5848 arati
1462 5803 1623 5857 estote,
1637 5811 1695 5848 ne
1717 5795 1836 5859 foris
1853 5803 2036 5847 errem.

458 5869 580 5923 (iuta
599 5870 735 5922 ergo,
761 5866 855 5910 etc.

1663 357 1723 413 S.
1764 354 2127 415 AUGUSTINI
2169 353 2467 411 EPISCOPI

3617 348 3763 405 me

2252 470 2305 524 5.
2332 468 2503 542 (vers.
2548 466 2645 542 5.]
2675 466 2811 536 Quid
2853 466 3088 522 dicturus
3131 479 3247 520 sum
3276 479 3445 536 quare
3478 463 3707 522 laudetis
3737 466 3761 520 2

2179 564 2428 629 Quoniam
2455 563 2612 617 bonus
2633 560 2900 615 Dominus.
2929 559 3169 615 Breviter
3191 574 3294 612 uno
3315 559 3478 614 verbo
3498 559 3759 628 explicata

2176 666 2259 711 est
2281 656 2394 711 laus
2421 653 2633 709 Domini
2660 653 2750 707 Dei
2783 653 2950 706 nostri
2983 669 2994 703 :
3025 650 3197 705 Bonus
3228 649 3494 704 Dominus.
3527 644 3635 706 Sed
3665 651 3762 705 be-

2177 763 2299 812 nus,
2316 763 2421 803 non
2442 756 2498 801 ut
2519 755 2642 801 sunt
2666 746 2800 801 bona
2828 761 2946 815 qua:
2974 743 3115 797 fecit.
3132 741 3262 797 Nam
3284 740 3407 797 fecit
3426 742 3565 798 Deus
3581 743 3763 797 omnia

2177 839 2314 895 bona
2326 839 2479 895 valde
2497 838 2647 912 (Gen.
2668 855 2706 904 ι,
2728 838 2818 909 51)
2836 855 2848 889 :
2868 852 2972 892 non
2993 840 3194 891 tantum
3214 835 3374 901 bona,
3398 834 3493 890 sed
3514 840 3569 889 et
3585 832 3737 889 valde

2174 931 2380 988 Casium
2405 940 2459 987 et
2485 940 2677 986 terram
2703 939 2757 986 et
2782 929 2958 983 omnia
2987 944 3105 998 qua:
3134 927 3187 981 in
3208 928 3288 982 eis
3310 937 3431 981 sunt
3453 928 3587 981 bona
3611 916 3760 989 fecit,

2175 1030 2230 1077 et
2253 1022 2408 1078 valde
2437 1022 2574 1078 bona
2605 1020 2746 1078 fecit.
2776 1020 2830 1076 Si
2876 1019 2989 1074 haec
3014 1021 3193 1075 omnia
3236 1018 3375 1074 bona
3408 1010 3550 1083 fecit,
3585 1012 3763 1088 qualis

2174 1122 2258 1169 est
2285 1114 2374 1169 ille
2402 1114 2490 1185 qui
2518 1113 2687 1169 fecit?
2713 1108 2779 1168 Et
2810 1122 2983 1169 tamen
3012 1128 3131 1168 eum
3162 1113 3299 1167 bona
3331 1111 3539 1175 fecerit,
3566 1112 3763 1165 multo-

2175 1220 2279 1275 que
2307 1206 2377 1259 sit
2420 1205 2610 1259 melior
2637 1204 2727 1275 qui
2774 1203 2917 1269 fecit,
2963 1219 3124 1275 quam
3154 1204 3254 1258 ista
3298 1219 3416 1273 qua:
3449 1200 3612 1267 fecit;
3653 1219 3759 1259 non

2175 1297 2379 1352 invenis
2405 1297 2596 1352 melius
2631 1295 2772 1367 quod
2800 1295 2868 1351 de
2895 1294 2986 1351 illo
3011 1295 3177 1359 dicas,
3209 1295 3311 1349 nisi
3338 1295 3458 1365 quia
3486 1295 3644 1349 bonus
3687 1302 3766 1349 est

2173 1387 2420 1451 Dominus
2448 1405 2468 1443 :
2495 1390 2540 1443 si
2582 1399 2754 1443 tamen
2786 1385 3049 1458 intelligas
3093 1386 3307 1458 proprie
3347 1385 3568 1453 bonum,
3596 1402 3624 1439 a
3655 1402 3765 1456 quo

2174 1492 2299 1539 sunt
2325 1492 2516 1538 caetera
2542 1482 2703 1537 bona.
2730 1481 2920 1537 Omnia
2947 1482 3089 1535 enim
3133 1481 3271 1535 bona
3301 1480 3416 1549 ipse
3456 1480 3620 1535 fecit:
3649 1481 3764 1550 ipse

2173 1584 2256 1631 est
2278 1575 2448 1629 bonus
2475 1590 2630 1651 quem
2660 1589 2818 1629 nemo
2858 1573 3000 1628 fecit.
3034 1571 3128 1628 Ille
3158 1572 3299 1628 bene
3324 1588 3422 1626 suo
3452 1573 3628 1628 bonus
3654 1581 3756 1640 est,

2174 1682 2281 1722 non
2309 1667 2522 1725 aliunde
2544 1667 2852 1736 participato
2894 1664 3035 1720 bene
3061 1683 3073 1718 :
3098 1658 3187 1719 ille
3214 1664 3391 1735 seipse
3418 1663 3560 1719 bene
3589 1665 3762 1719 bonus

2173 1769 2276 1828 est,
2310 1776 2417 1815 non
2463 1759 2786 1815 adhznrende
2824 1758 2976 1813 alteri
3008 1756 3167 1812 bono.
3210 1755 3336 1811 Mihi
3366 1768 3543 1811 autem
3575 1757 3761 1812 adlue-

2175 1868 2295 1909 rere
2328 1853 2437 1907 Deo
2467 1852 2664 1908 bonum
2708 1860 2791 1906 est
2818 1848 2989 1922 (Psal.
3021 1865 3181 1910 Lxxu,
3215 1846 3328 1921 28),
3364 1846 3454 1920 qui
3481 1865 3585 1902 non
3618 1850 3764 1920 eguit

2172 1962 2201 2000 a
2229 1962 2334 2016 quo
2363 1946 2513 2001 lieret
2531 1945 2737 2012 bonus;
2766 1943 2861 1999 sed
2882 1952 3140 2014 eguerunt
3164 1941 3253 1998 illo
3279 1951 3472 1998 cmtera
3493 1952 3551 1997 ut
3576 1942 3767 1997 tierent

2173 2036 2329 2091 bona.
2366 2036 2534 2090 Vultis
2561 2036 2745 2091 audire
2770 2051 2928 2105 quam
2961 2017 3299 2105 singulariter
3327 2035 3414 2089 ille
3445 2035 3513 2088 sit
3540 2034 3715 2089 bonus
3740 2036 3764 2088 ?

2173 2129 2428 2184 Dominus
2470 2129 2826 2198 interrogatus
2867 2126 3019 2193 dixit,
3075 2123 3240 2179 Nemo
3279 2125 3458 2190 bonus,
3486 2126 3582 2179 nisi
3628 2143 3766 2180 unus

2170 2220 2311 2276 Deus
2338 2220 2545 2293 (Matth.
2580 2235 2700 2288 ιιι,
2730 2219 2839 2290 17).
2869 2218 3017 2274 Hanc
3057 2217 3475 2287 singularitatem
3505 2218 3763 2274 bonitatis

2172 2316 2307 2385 ejus,
2330 2324 2384 2368 et
2409 2312 2681 2383 prseterire
2710 2311 2942 2367 breviter
2968 2309 3113 2375 nolo,
3144 2320 3197 2363 et
3222 2308 3599 2364 commendare
3627 2322 3763 2365 eon-

2170 2423 2301 2477 grue
2331 2423 2433 2461 nen
2484 2406 2710 2461 suflicie.
2756 2402 2932 2459 Metuo
2978 2419 3044 2458 ne
3086 2403 3130 2458 si
3159 2400 3283 2456 hinc
3310 2402 3416 2457 cito
3450 2404 3719 2457 transiero
3744 2445 3764 2471 ,

2170 2515 2271 2572 ego
2298 2501 2533 2570 ingratus
2564 2498 2801 2553 inveniar
2831 2515 2844 2550 :
2877 2495 3002 2551 item
3046 2505 3229 2549 metuo
3273 2509 3338 2548 ne
3368 2493 3471 2549 hoc
3515 2510 3637 2549 cum
3667 2513 3766 2551 ex-

2171 2593 2470 2663 plicandum
2521 2606 2846 2663 suscepere,
2896 2589 2995 2645 sub
3046 2597 3190 2644 tanta
3244 2585 3416 2641 laudis
3470 2586 3763 2642 dominica).

2170 2688 2375 2742 sarcina
2399 2674 2676 2757 defatiger.
2709 2685 2797 2739 Sic
2827 2694 3025 2750 tamen,
3073 2682 3286 2748 fratres,
3327 2681 3552 2752 accipite
3580 2697 3668 2735 me
3708 2690 3766 2737 et

2171 2779 2470 2833 laudantem
2498 2788 2551 2832 et
2581 2794 2683 2831 non
2708 2775 3080 2844 sufﬁcientem,
3110 2787 3167 2831 ut
3192 2775 3403 2831 etiamsi
3433 2791 3537 2831 non
3565 2775 3765 2845 imple-

2168 2879 2256 2924 tur
2284 2871 2423 2924 illius
2464 2869 2635 2923 laudis
2677 2868 2980 2939 explicatio,
3011 2875 3318 2938 accvptetur
3343 2867 3638 2922 laudatoris
3664 2867 3763 2922 de-

2167 2964 2330 3017 votio.
2364 2963 2636 3033 Approbet
2678 2954 2763 3017 me
2805 2962 2917 3031 ipse
2948 2961 3201 3029 voluisse,
3236 2961 3475 3033 ignoscat
3506 2978 3611 3015 non
3655 2964 3761 3016 im-

2169 3056 2415 3124 plevisse.

2236 3148 2292 3201 4.
2329 3145 2583 3201 lnell‘abili
2620 3146 2902 3201 dulcedine
2942 3155 3160 3213 teneor,
3191 3161 3312 3201 eum
3357 3146 3545 3209 audio,
3585 3145 3761 3203 Bonus

2121 3209 2147 3230 χ
2165 3237 2450 3302 Dominus;
2476 3239 2925 3309 consideratisqne
2950 3241 3195 3294 omnibus
3222 3252 3273 3295 et
3294 3240 3617 3296 collustratis
3639 3257 3760 3312 quas

2166 3328 2458 3383 forinsecus
2486 3329 2671 3391 video,
2703 3331 2950 3400 quoniam
2978 3347 3045 3385 ex
3071 3332 3186 3400 ipse
3212 3337 3336 3385 sunt
3357 3332 3565 3394 omnia,
3597 3333 3760 3388 etiam

2165 3435 2284 3474 cum
2313 3419 2443 3473 mihi
2479 3419 2593 3474 hinc
2619 3422 2846 3491 placnnt,
2875 3422 2937 3475 ad
2972 3422 3121 3476 illum
3149 3422 3310 3476 redeo
3338 3438 3366 3475 a
3394 3418 3499 3492 quo
3526 3430 3675 3491 sunt,
3703 3434 3762 3478 ut

2167 3508 2451 3580 intelligam
2476 3510 2716 3580 quoniam
2746 3511 2902 3566 bonus
2938 3520 3007 3566 est
3035 3509 3306 3568 Dominus.
3338 3512 3567 3568 Rursum
3590 3555 3606 3580 ,
3637 3530 3760 3569 cum

2163 3600 2229 3654 ad
2256 3601 2432 3669 illum,
2464 3612 2716 3671 quantum
2749 3618 2964 3673 possum
2984 3645 2997 3669 ,
3028 3605 3295 3675 ingressus
3326 3603 3503 3671 fuero,
3536 3606 3761 3662 interioc

2163 3708 2274 3746 rem
2307 3692 2435 3746 mihi
2474 3702 2527 3747 et
2566 3696 2897 3763 superiorem
2930 3695 3174 3762 invenio;
3208 3697 3327 3767 quia
3358 3698 3436 3752 sic
3474 3698 3647 3753 bonus
3676 3708 3763 3757 est

2166 3783 2438 3853 Dominus,
2463 3793 2519 3839 ut
2546 3786 2659 3840 istis
2684 3802 2787 3840 non
2816 3784 3049 3858 indigeat
3072 3803 3175 3858 quo
3203 3789 3267 3842 sit
3294 3787 3484 3843 bonus.
3515 3790 3761 3861 Denique

2164 3879 2261 3932 ista
2292 3894 2395 3932 non
2427 3880 2585 3935 laude
2623 3881 2737 3936 sine
2774 3882 2897 3947 illo;
2931 3880 3075 3935 illum
3117 3891 3292 3937 autem
3329 3881 3444 3937 sine
3482 3883 3597 3937 istis
3635 3900 3759 3955 per-

2164 3970 2354 4025 lectum
2375 4013 2390 4038 ,
2434 3988 2537 4025 non
2575 3972 2842 4043 indigum,
2873 3973 3394 4039 incommutabilem,
3428 3974 3625 4029 nullius
3656 3975 3759 4030 be-

2164 4079 2289 4116 num
2317 4074 2642 4133 qua‘rentem
2669 4076 2779 4136 quo
2807 4076 3080 4136 augeatur,
3112 4068 3307 4123 nullius
3339 4068 3536 4122 malum
3565 4069 3760 4125 timen-

2165 4163 2267 4210 tem
2298 4171 2403 4224 que
2434 4157 2736 4223 minuatur,
2773 4157 3002 4212 invenio.
3036 4159 3102 4213 Et
3128 4159 3253 4229 quid
3282 4159 3455 4215 dicam
3486 4160 3758 4231 amplius?

2167 4247 2378 4303 lnvenio
2417 4248 2472 4303 in
2513 4261 2754 4305 creatura
2798 4250 2991 4305 caelum
3039 4252 3270 4319 bonum,
3312 4252 3478 4308 solem
3518 4253 3755 4320 bonum,

2162 4341 2340 4397 lunam
2367 4343 2576 4408 bonam,
2610 4343 2787 4397 stellas
2820 4343 3016 4408 bonas;
3050 4353 3244 4400 terram
3277 4345 3489 4409 bonam,
3522 4364 3644 4418 qua:
3673 4349 3757 4419 gi-

2159 4441 2394 4503 gnuntur
2430 4434 2480 4486 in
2522 4443 2655 4487 terra
2695 4444 2750 4487 et
2788 4434 3054 4489 radicibus
3093 4435 3209 4489 nixa
3248 4444 3399 4501 sunt,
3437 4439 3608 4504 bona;
3637 4454 3757 4510 quae

2160 4526 2431 4581 ambulant
2459 4536 2510 4579 et
2541 4534 2834 4591 moventur,
2865 4526 3035 4592 bona;
3069 4544 3184 4596 quae
3214 4528 3433 4583 volitant
3460 4529 3513 4583 in
3546 4546 3673 4586 aere
3703 4538 3758 4587 et

2161 4627 2344 4673 natant
2372 4619 2423 4672 in
2455 4620 2623 4689 aquis,
2656 4608 2815 4674 bona.
2850 4619 2978 4675 Dico
3001 4630 3056 4675 et
3082 4621 3349 4678 hominem
3378 4624 3577 4678 bonum
3602 4639 3622 4681 :
3647 4622 3756 4678 Ho-

2160 4729 2241 4767 mo
2264 4712 2406 4767 enim
2436 4710 2591 4767 bonus
2619 4716 2681 4768 de
2706 4714 2836 4768 bona
2864 4708 3097 4770 thesauro
3122 4717 3287 4771 cordis
3312 4718 3393 4771 sui
3427 4720 3623 4789 profert
3664 4719 3755 4773 bo-

2159 4819 2280 4857 num
2305 4800 2430 4874 (Id.
2461 4819 2535 4857 xu
2557 4846 2570 4869 ,
2603 4804 2670 4859 55
2690 4804 2886 4875 ).‘Dico
2908 4815 2961 4860 et
2990 4806 3233 4876 angelum
3265 4795 3460 4862 bonum
3480 4848 3497 4874 ,
3524 4809 3614 4877 qui
3648 4826 3756 4866 non

2159 4907 2238 4952 est
2268 4896 2444 4966 lapsus
2475 4896 2718 4967 superbia
2743 4907 2797 4952 et
2820 4896 3063 4953 diabolus
3095 4897 3263 4953 l‘actus
3291 4908 3409 4963 est;
3441 4899 3534 4954 sed
3578 4900 3757 4957 inhre-

2159 4997 2240 5043 ret
2281 4987 2578 5043 ebediendo
2622 4989 2668 5042 ei
2692 4989 2708 5020 ⁸
2740 5005 2770 5044 a
2799 5004 2905 5060 quo
2952 4990 3118 5044 factus
3150 4999 3250 5045 est.
3282 4989 3470 5046 Omnia
3500 4992 3600 5047 ista
3632 4993 3757 5049 dico

2157 5077 2314 5143 bona,
2342 5079 2434 5133 sed
2459 5087 2633 5133 tamen
2656 5095 2779 5133 eum
2804 5081 2914 5134 suis
2940 5080 3277 5145 nominibus;
3302 5080 3494 5137 emittm
3526 5083 3751 5150 bonum,

2156 5172 2402 5242 angelum
2432 5168 2661 5235 bonum,
2696 5172 2966 5241 hominem
3006 5173 3203 5228 bonum
3235 5192 3246 5225 :
3275 5175 3339 5228 ad
3374 5172 3539 5228 Deum
3570 5185 3753 5231 autem

2156 5279 2276 5318 cum
2302 5279 2388 5319 me
2408 5263 2603 5331 refero,
2632 5274 2758 5334 puto
2780 5266 2966 5321 melius
2989 5265 3114 5319 nihil
3137 5265 3316 5322 dicere
3342 5282 3499 5336 quam
3527 5267 3751 5323 bonum.

2158 5356 2271 5427 Ipse
2300 5357 2494 5428 quippe
2525 5358 2778 5414 Dominus
2814 5359 2969 5415 Jesus
2996 5358 3236 5414 Christus
3262 5360 3423 5426 dixit,
3461 5359 3631 5416 Homo
3660 5363 3754 5417 bo-

2154 5467 2289 5516 nus;
2318 5458 2373 5505 et
2400 5451 2510 5521 ipse
2540 5451 2666 5505 item
2694 5453 2859 5519 dixit,
2890 5451 3049 5505 Nemo
3082 5452 3268 5519 bonus,
3300 5452 3398 5507 nisi
3426 5432 3752 5509 unusDeus.

2151 5541 2337 5596 Nonne
2362 5543 2652 5598 stimulavit
2679 5560 2774 5598 nos
2799 5542 2863 5597 ad
2887 5542 3226 5614 quaerendum
3252 5551 3303 5598 et
3324 5545 3389 5597 ad
3410 5542 3755 5616 distinguen-

2151 5636 2277 5691 dum
2303 5635 2429 5707 quid
2456 5637 2526 5692 sit
2555 5638 2751 5692 bonum
2786 5636 2889 5690 alio
2931 5636 3069 5690 bene
3093 5636 3320 5702 bonum,
3347 5644 3399 5690 et
3431 5635 3633 5692 bonum
3666 5653 3757 5693 se-

2216 5798 2230 5827 ι
2257 5796 2329 5844 sic
2354 5803 2450 5842 Am.
2473 5800 2544 5842 Fr.
2576 5801 2623 5843 et
2654 5793 2875 5857 plerique
2900 5802 3004 5844 Mss.
3031 5801 3235 5857 At_l.ov.:
3264 5799 3319 5857 ει
3345 5791 3569 5844 diabolus
3591 5795 3757 5856 factus

2151 5864 2220 5907 est
2244 5858 2408 5915 beluis,
2434 5864 2477 5906 et
2497 5864 2615 5907 esset
2641 5854 2683 5905 si
2706 5854 2961 5906 inhiererct
2985 5857 3030 5906 ei
3057 5854 3339 5917 obediendo,
3362 5862 3457 5906 etc.
