2037 3263
162 184 225 218 rm
240 226 243 229 _

162 246 214 280 ipso
228 242 346 270 bonum?
357 241 441 276 Quam
452 249 515 278 ergo
531 241 630 271 bonum
643 247 685 270 est
695 251 711 271 a
720 250 773 278 quo
786 246 848 270 sunt
859 242 946 270 omnia

162 288 241 319 bona?
255 288 370 318 Omnino
384 288 485 316 nullum
499 288 617 316 invenias
629 289 637 305 ¹
650 289 750 317 bonum
764 289 834 325 quod
848 296 901 316 non
915 289 949 317 ab

162 337 204 365 illo
214 335 246 363 sit
259 334 370 362 bonum.
384 334 484 362 Bonum
498 334 566 372 bona
579 335 677 362 faciens
689 335 766 363 sicuti
777 339 818 362 est
830 335 947 370 proprie,

160 384 195 411 sic
208 386 234 410 et
248 380 346 409 bonum
358 382 368 397 '
384 386 425 409 est
439 381 554 417 proprie.
569 380 662 416 Neque
673 381 744 409 enim
756 389 787 409 ea
801 389 860 416 qua:
875 381 947 416 fecit,

161 437 208 459 non
221 432 299 462 sunt;
314 431 360 454 aut
373 427 467 463 injuria
482 427 519 454 illi
533 427 577 461 ﬁt,
589 435 649 455 cum
668 427 782 455 dicimus
797 435 854 455 non
864 427 875 443 '
889 435 949 455 esse

160 483 213 514 qua:
228 473 300 502 fecit.
316 473 406 508 Quare
423 473 494 500 enim
515 473 592 505 fecit,
608 474 630 501 si
646 482 699 501 non
714 478 776 505 sunt
794 481 854 509 quae
868 473 949 502 fecit?

159 526 201 550 aut
216 520 280 556 quid
300 520 379 555 fecit,
393 520 416 547 si
432 528 483 548 non
497 525 538 547 est
552 519 623 556 quod
638 520 718 548 fecit?
730 517 797 550 Cum
815 527 879 555 ergo
895 520 950 547 sint

159 573 182 596 ct
196 567 236 594 illa
250 574 308 601 qua:
323 566 385 594 fecit
395 587 402 599 ,
419 566 524 595 venitur
536 571 624 594 tamen
637 566 672 594 ad
686 566 757 594 illius
769 566 948 601 comparatio-

159 622 232 646 nem;
246 618 274 641 et
288 617 412 649 tanquam
425 613 499 640 solus
514 614 565 645 sit,
577 612 660 645 dixit,
675 609 732 648 Ego
750 621 804 640 sum
817 613 860 648 qui
873 620 949 645 sum;

158 667 197 695 et,
215 660 291 687 Dices
304 660 364 696 ﬁliis
377 659 460 686 Israel
471 681 479 692 ,
497 659 547 693 Qui
560 664 613 693 est,
634 659 702 686 misit
718 667 759 686 me
772 658 805 686 ad
822 667 875 686 vos.
889 658 948 686 Non

158 705 228 738 dixit,
246 706 374 734 Dominus
389 705 459 732 Deus
474 705 518 733 ille
530 706 710 740 omnipotens,
725 704 889 738 misericors,
903 704 948 738 ju-

157 759 210 780 stus
224 761 230 779 :
245 760 305 788 qua:
319 752 341 779 si
353 751 471 783 diceret,
486 751 575 786 utique
588 758 650 778 vera
662 749 772 778 diceret.
787 750 903 778 Sublatis
914 750 949 778 de

159 797 241 827 medio
255 798 378 825 omnibus
394 795 490 832 quibus
507 796 635 832 appellari
652 801 740 832 posset
752 800 779 824 et
791 796 846 824 diei
860 796 947 829 Deus,

159 845 239 880 ipsum
252 850 313 871 esse
324 851 354 870 se
367 842 456 870 vocari
471 843 624 878 reSpondit;
638 847 667 870 et
679 848 802 878 tanquam
814 842 867 870 hoc
877 847 950 870 esset

158 891 180 919 ei
193 898 288 918 nomen
301 899 307 917 :
324 888 380 916 Hoc
394 888 461 917 dices
474 889 520 922 eis,
535 889 629 924 inquit,
645 888 694 921 Qui
709 893 755 922 est,
769 889 835 916 misit
848 897 896 916 me.
912 889 948 916 ita

159 936 225 965 enim
245 936 291 964 ille
309 941 367 969 est,
386 939 414 964 ut
432 935 458 962 in
478 935 536 970 ejus
553 935 752 970 comparatione
764 942 795 962 ea
807 942 866 970 quae
880 934 948 962 facta

159 987 234 1017 sunt,
250 990 303 1010 non
323 982 385 1010 sint.
405 976 452 1010 lllo
472 989 523 1009 non
542 986 710 1016 comparato,
728 986 807 1013 sunt;
823 980 948 1016 quoniam

159 1029 248 1058 abillo
263 1033 325 1057 sunt
341 1037 347 1054 :
363 1028 398 1055 illi
416 1032 503 1055 autem
523 1031 674 1062 comparata
685 1048 693 1061 ,
709 1034 760 1054 non
779 1031 840 1054 sunt
850 1025 871 1060 ⁸,
888 1026 949 1061 quia

157 1083 247 1103 verum
265 1082 324 1103 esse
334 1095 341 1106 ,
357 1073 573 1102 incommutabile
587 1081 646 1101 esse
660 1078 717 1106 est,
733 1072 804 1109 quod
820 1073 863 1100 ille
876 1073 949 1100 solus

158 1126 206 1150 est.
229 1121 275 1149 Est
293 1121 364 1149 enim
384 1125 441 1153 est,
459 1120 528 1148 sicut
545 1120 675 1147 bonorum
687 1119 697 1135 ⁵
717 1119 834 1152 bonum,
850 1119 949 1147 bonum

158 1171 207 1196 est.
221 1167 357 1203 Cogitate,
373 1171 402 1195 et
418 1166 506 1194 videte
520 1166 644 1202 quoniam
658 1165 784 1201 quidquid
800 1165 871 1192 aliud
892 1165 949 1192 lau-

158 1214 235 1248 datis,
249 1214 309 1241 ideo
324 1212 435 1241 laudatis
446 1212 507 1247 quia
520 1211 618 1239 bonum
632 1216 681 1238 est.
696 1211 793 1238 Insanit
803 1211 847 1246 qui
860 1210 951 1238 laudat

157 1261 226 1297 quod
246 1269 298 1289 non
316 1265 356 1288 est
371 1260 479 1288 bonum.
497 1258 524 1286 Si
540 1257 631 1286 laudes
646 1257 764 1294 iniquum
779 1265 811 1285 eo
826 1259 884 1293 ipso
898 1264 950 1292 quo

156 1308 261 1343 iniquus
275 1312 326 1340 est,
339 1313 428 1335 nonne
438 1309 464 1333 et
479 1310 505 1333 tu
519 1305 624 1340 iniquus
636 1302 708 1332 eris?
719 1303 746 1332 Si
760 1303 851 1331 laudes
864 1303 949 1331 furem

155 1361 189 1381 eo
206 1354 264 1388 ipso
283 1360 335 1388 quo
350 1352 392 1380 fur
410 1356 450 1379 est
461 1372 468 1386 ,
488 1358 578 1378 nonne
597 1355 624 1378 et
639 1355 665 1377 tu
687 1350 819 1386 particeps
834 1349 907 1377 eris?
922 1349 949 1376 Si

155 1399 251 1427 laudes
262 1399 363 1435 justum
378 1398 403 1426 in
417 1405 449 1426 eo
465 1398 522 1433 ipso
536 1405 588 1433 quo
604 1397 694 1432 justus
708 1400 763 1430 est,
778 1403 867 1423 nonne
880 1400 907 1423 et
923 1400 950 1423 tu

154 1446 239 1474 habes
252 1445 314 1474 inde
331 1449 432 1480 partem
448 1443 600 1471 laudando?
615 1442 673 1470 Non
687 1439 757 1470 enim
771 1441 895 1470 laudares
906 1442 949 1478 ju-

153 1498 234 1524 stum,
246 1492 296 1520 nlsi
309 1499 431 1524 amares;
447 1498 498 1518 non
512 1497 625 1521 amares.
640 1489 662 1517 si
673 1488 738 1516 nihil
752 1488 813 1516 inde
825 1487 947 1516 haberes.

152 1537 179 1568 Si
192 1546 256 1574 ergo
267 1537 393 1573 quidquid
406 1537 479 1564 aliud
492 1536 641 1568 laudamus,
654 1535 713 1563 ideo
727 1535 876 1569 laudamus,
888 1535 947 1570 quia

151 1584 252 1612 bonum
272 1587 331 1615 est;
352 1583 422 1610 nulla
444 1582 490 1610 tibi
508 1581 595 1616 major
614 1589 693 1609 causa
708 1586 734 1608 et
750 1580 846 1608 melior
860 1585 886 1608 et
902 1580 943 1607 lir-

151 1631 219 1658 mior
233 1630 291 1658 dari
307 1629 391 1665 potuit
404 1636 486 1665 quare
501 1628 591 1655 laudes
607 1627 690 1655 Deum
700 1648 707 1660 ,
723 1627 773 1654 nisi
788 1627 849 1662 quia
863 1626 949 1654 bonus

150 1682 201 1705 est.
218 1677 299 1712 Ergo,
315 1674 429 1703 Laudate
443 1674 590 1708 Dominum,
607 1674 724 1709 quoniam
740 1674 817 1701 bonus
830 1678 876 1701 est.

185 1721 212 1751 5.
233 1722 365 1757 Quamdiu
381 1723 499 1750 dicamus
519 1721 577 1757 ejus
597 1719 764 1748 bonitatem?
784 1720 849 1754 Quis
866 1720 947 1747 corde

149 1770 284 1805 concipiat
297 1774 342 1796 aut
356 1768 546 1803 complectatur
560 1774 639 1802 quam
654 1766 738 1794 bonus
753 1766 787 1793 sit
803 1764 947 1793 Dominus?

149 1815 202 1844 Sed
216 1816 250 1843 ad
267 1823 316 1842 nos
332 1815 482 1847 redeamus,
497 1818 524 1840 et
537 1814 564 1840 in
579 1812 655 1840 nobis
671 1812 744 1839 illum
760 1819 945 1846 agnoscamus,

149 1862 215 1890 etin
231 1861 358 1898 operibus
372 1860 499 1888 artificem
518 1858 676 1890 laudemus;
695 1858 755 1894 quia
778 1858 864 1893 ipsum
883 1865 947 1885 con-

148 1906 274 1944 templari
290 1906 377 1934 idonei
391 1914 442 1933 non
455 1913 565 1933 sumus:
578 1904 636 1932 etsi
649 1903 823 1939 contemplari
835 1903 845 1919 ⁸
859 1903 946 1930 idonei

148 1953 295 1990 aliquando
307 1952 417 1985 erimus,
430 1959 489 1979 cum
505 1950 585 1978 fuerit
598 1950 751 1977 mandatum
767 1957 814 1976 eor
827 1953 947 1976 nostrum

147 1999 213 2033 ﬁde,
226 2005 257 2027 ut
266 2003 400 2035 postremo
413 1997 526 2033 gaudeat
536 1996 663 2029 veritate;
674 2002 744 2022 nunc
754 1994 879 2030 quoniam
891 1995 947 2031 ipse

146 2056 160 2075 a
177 2048 257 2075 nobis
276 2046 361 2074 videri
382 2053 433 2072 non
453 2048 557 2079 potest,
571 2050 650 2078 opera
666 2042 725 2077 ejus
740 2042 893 2074 videamus,
913 2049 947 2070 ne

146 2094 207 2122 sine
224 2092 284 2128 ejus
297 2091 375 2118 laude
389 2096 583 2118 remaneamus.
599 2088 668 2124 Ergo
684 2088 748 2121 dixi,
764 2087 878 2114 Laudale
892 2086 946 2115 Do-

147 2139 264 2170 minum,
278 2137 398 2173 quoniam
411 2136 490 2163 bonus
509 2140 559 2168 est;
580 2135 679 2170 psallite
692 2133 788 2162 nomini
800 2134 868 2169 ejus,
883 2142 946 2169 qua-

147 2186 219 2215 niam
232 2184 318 2211 suavis
328 2188 374 2210 est.
388 2182 468 2211 Forte
480 2186 550 2210 esset
562 2181 647 2209 bonus
657 2184 685 2208 et
697 2180 785 2207 suavis
799 2187 850 2206 non
865 2184 946 2212 esset,

147 2231 171 2259 si
187 2231 235 2259 tibi
251 2237 304 2257 non
318 2228 392 2256 daret
407 2235 484 2264 posse
497 2232 612 2263 gustare.
627 2224 718 2254 Talem
733 2229 821 2253 autem
836 2233 865 2252 se
876 2233 947 2260 pra:-

149 2277 208 2305 buit
232 2275 400 2308 hominibus,
425 2278 454 2301 ιιι
475 2273 555 2301 etiam
578 2280 673 2308 panem
695 2270 729 2299 de
752 2270 820 2299 caelo
845 2271 947 2298 miserit

150 2324 248 2362 (Ioan.
260 2331 298 2357 vr,
313 2321 414 2358 52-51),
428 2325 455 2349 et
467 2319 565 2348 Filium
584 2326 660 2347 suum
679 2316 806 2353 aaqualetn
816 2338 823 2350 ,
838 2317 882 2352 qui
897 2316 947 2344 hoc

149 2376 192 2399 est
206 2370 279 2406 quod
294 2370 367 2404 ipse,
383 2367 488 2395 dederit
506 2365 641 2393 hominem
663 2363 810 2392 faciendum
821 2384 829 2397 ,
850 2366 878 2391 et
900 2370 947 2398 pro

149 2415 308 2445 hominibus
319 2412 508 2445 occidendum;
521 2415 550 2439 ut
562 2419 610 2446 per
623 2410 673 2438 hoc
685 2409 755 2445 quod
767 2413 793 2437 tu
804 2417 842 2442 es,
857 2411 948 2445 gusles

150 2462 224 2500 quod
238 2469 291 2490 non
306 2468 346 2489 es.
359 2459 471 2494 Multum
486 2457 557 2486 enim
572 2454 604 2484 ad
624 2460 648 2484 te
664 2459 722 2483 erat
737 2460 844 2491 gustare
861 2455 948 2482 suavi-

150 2498 236 2538 tatem
251 2507 299 2536 Dei
311 2516 318 2541 ;
332 2506 393 2543 quia
407 2509 509 2533 remota
522 2506 581 2532 erat
595 2498 638 2530 illa
652 2505 679 2529 et
694 2500 772 2528 nimis
784 2500 847 2533 alta,
860 2505 887 2528 tu
902 2508 950 2527 au-

143 2552 206 2584 tem
221 2553 304 2582 nimis
319 2550 439 2588 abjectus
452 2547 479 2578 et
494 2549 524 2590 in
544 2549 598 2576 imo
615 2547 717 2583 jaccns.
740 2545 768 2573 ln
786 2553 880 2581 magna
898 2546 948 2573 ista

149 2601 322 2638 separatione
332 2600 429 2628 missus
437 2602 479 2628 es:
488 2596 627 2626 Mediator.
636 2595 694 2624 Non
705 2599 811 2632 poteras
819 2595 853 2622 ad
865 2594 947 2623 Deum

151 2650 254 2683 homo;
266 2646 337 2678 Deus
350 2647 435 2675 [acuis
444 2650 486 2675 est
497 2645 578 2675 homo
589 2654 596 2672 :
609 2648 638 2672 ut
646 2643 771 2680 quoniam
783 2642 863 2672 homo
873 2647 948 2678 potes

182 2729 193 2745 ι
207 2730 277 2758 tm”
288 2724 401 2753 munitas.
430 2727 478 2758 _u.

184 2759 196 2822 ἒ

183 2818 197 2838 ι
207 2812 432 2847 iuius“,
448 2823 496 2842 non
506 2812 601 2840 sintita
611 2812 784 2850 ωηιραηωιιιι,
799 2812 950 2850 quasquas

351 2844 950 2881 autenimmpmmm;¢miautabw

154 2887 221 2911 una.
234 2882 277 2912 -ιιιι
287 2882 352 2908 enim
359 2883 506 2913 comparata,
517 2883 564 2902 non
572 2880 626 2903 sunt
632 2883 642 2911 ;
654 2879 711 2909 quia
722 2883 812 2907 uenatu,
822 2879 870 2902 etc.

180 2914 198 2932 ⁸
210 2917 272 2940 \‘ox.
284 2913 406 2940 bonorum,
416 2912 447 2936 ab
459 2915 508 2935 Am.
521 2912 547 2933 et
557 2911 610 2940 uss.
623 2909 705 2940 abest.
719 2937 723 2940 .
772 2937 778 2940 _

190 2930 201 2963 ἰ
215 2930 786 2980 λῖἱίιιῖἰῖἐὶῗὶῖιόοικί,
797 2941 846 2966 etc.

683 183 884 215 ENARRATIO
899 184 934 213 IN
951 183 1114 220 ΡεΑιιιιυι
1132 186 1272 216 CXXXIV.
1310 199 1313 201 -

1726 189 1797 219 me

1004 242 1038 270 ad
1053 244 1198 278 hominem,
1211 244 1256 280 qui
1269 251 1323 272 non
1335 251 1430 281 posses
1439 245 1475 273 ad
1490 245 1584 278 Deum.
1599 253 1648 281 per
1661 246 1794 275 hominem

1003 291 1108 319 venires
1117 291 1153 320 ad
1165 291 1268 325 Deum;
1282 296 1308 319 et
1321 291 1408 320 factus
1417 296 1459 320 est
1470 292 1601 320 mediator
1613 293 1659 325 Dei
1669 297 1698 320 et
1710 292 1795 320 homi-

1003 344 1077 369 num,
1090 336 1170 371 hoino
1183 335 1304 369 Christus
1316 337 1395 366 Jesus
1405 336 1428 374 (l
1442 336 1508 365 Tim.
1520 345 1551 371 It,
1566 337 1607 373 ὃ).
1618 337 1671 366 Sed
1681 338 1703 365 si
1716 338 1795 366 homo

1002 383 1089 410 solum
1101 388 1183 417 esset,
1197 384 1249 412 hoc
1262 385 1399 420 sequendo
1410 385 1482 420 quod
1495 393 1536 417 es,
1550 392 1686 420 nunquam
1702 393 1796 420 perve-

1002 428 1090 462 nires;
1098 430 1121 456 si
1132 430 1203 458 Deus
1209 430 1296 459 solum
1306 435 1392 462 esset,
1399 439 1452 458 non
1463 431 1714 466 comprehendendo
1724 431 1796 467 quod

1002 481 1056 501 non
1069 482 1107 507 es,
1123 483 1258 510 nunquam
1274 476 1425 510 pet-venires
1440 485 1447 502 :
1463 476 1534 504 Deus
1548 476 1634 504 factus
1646 482 1688 505 est
1703 477 1792 511 homo,

1002 525 1032 548 ut
1047 521 1180 549 hominem
1194 523 1330 558 sequendo
1340 544 1347 556 ,
1360 523 1432 558 quod
1447 528 1538 558 potes,
1550 524 1585 551 ad
1598 524 1682 552 Deum
1698 532 1794 559 perve-

1002 568 1071 602 nias,
1082 569 1152 603 quod
1164 577 1218 597 non
1227 575 1342 605 poteras.
1358 570 1417 606 ipse
1428 575 1470 598 est
1481 570 1619 603 Hediator,
1633 571 1696 598 inde
1710 570 1794 598 factus

1000 619 1043 642 est
1055 615 1155 643 suavis.
1168 616 1239 649 Quid
1256 617 1365 644 suavius
1379 624 1447 652 pane
1459 617 1621 651 Augetur-uni
1629 617 1642 644 ι
1652 617 1795 650 Quomodo

1002 670 1055 690 non
1067 666 1111 690 est
1127 663 1216 690 suavis
1236 663 1379 697 Dominus,
1393 664 1500 699 quando
1518 671 1614 698 pum
1630 664 1792 699 Angelornm

1001 709 1170 736 manducavit
1183 708 1263 736 homo
1275 708 1360 743 (Paul.
1373 717 1473 741 uxvn,
1483 709 1551 745 θεν
1561 709 1618 737 Non
1630 710 1700 737 enim
1711 710 1794 736 aliun-

1001 754 1036 782 de
1047 754 1113 782 vivit
1127 754 1208 782 houto
1217 774 1224 788 ,
1238 759 1266 782 et
1277 754 1387 782 aliunde
1400 755 1468 782 vivit
1479 755 1599 790 angelus.
1615 755 1673 789 Ipsa
1689 758 1732 782 est
1746 762 1794 782 ve-

1000 801 1081 834 ritas,
1102 801 1157 835 ipsa
1175 804 1219 828 est
1234 800 1382 834 sapientia,
1402 800 1458 835 ipsa
1477 805 1520 828 est
1535 801 1620 828 virtus
1639 800 1686 828 Dei
1697 800 1706 816 ί
1723 808 1730 826 :
1745 799 1794 827 sed

1000 846 1135 882 quomodo
1153 854 1186 874 ea
1205 845 1378 881 perfruuntur
1398 846 1509 881 Angeli,
1529 851 1556 873 tu
1576 854 1629 873 non
1649 850 1733 881 potes.
1754 845 1794 872 Illi

1001 894 1072 921 enim
1090 892 1225 928 quomodo
1240 891 1433 927 perfruuntur?
1450 892 1534 919 Sicuti
1545 897 1603 924 est,
1619 891 1652 918 In
1670 892 1794 927 principio

1001 943 1054 965 erat
1074 937 1192 971 Verbum,
1207 942 1230 965 et
1249 937 1356 965 Verbum
1367 942 1422 965 erat
1433 937 1504 972 apud
1517 936 1610 969 Datin,
1623 942 1648 964 at
1661 937 1730 963 Deus
1742 941 1796 963 erat

1005 983 1113 1011 Verbum
1127 991 1172 1019 per
1185 983 1255 1017 quod
1273 984 1340 1019 facta
1351 987 1409 1010 sunt
1421 983 1516 1009 omuia.
1531 981 1572 1010 Tu
1583 986 1671 1009 autem
1683 989 1793 1016 quomo-

1001 1029 1037 1057 do
1051 1029 1200 1064 contingis?
1210 1029 1276 1062 Quia
1296 1028 1403 1056 Verbum
1415 1036 1474 1055 cura
1489 1029 1585 1063 factum
1598 1032 1653 1061 eat,
1663 1032 1688 1055 et
1701 1027 1795 1054 habita-

1002 1076 1035 1103 vit
1054 1076 1080 1102 in
1099 1075 1170 1103 nabis
1185 1074 1281 1111 (Jun.
1296 1083 1315 1108 ι,
1329 1075 1354 1108 ί,
1370 1075 1398 1106 5,
1415 1074 1448 1102 M
1458 1074 1478 1109 ).
1493 1073 1528 1102 Ut
1541 1073 1613 1101 enim
1627 1081 1722 1108 panem
1737 1074 1793 1100 An—

1002 1122 1121 1157 gelorum
1133 1121 1304 1150 manducaret
1314 1120 1404 1153 homo.
1415 1119 1526 1148 Greater
1537 1119 1697 1154 Angelorum
1709 1119 1796 1146 lactus

1001 1172 1043 1195 est
1055 1167 1146 1195 homo.
1159 1166 1267 1194 Paallite
1276 1173 1334 1202 ergo
1346 1166 1441 1193 nuntiati
1450 1166 1515 1200 ejus,
1526 1166 1646 1201 quoniam
1653 1166 1738 1193 suavis
1747 1169 1793 1191 eat.

1001 1214 1029 1242 Si
1041 1214 1179 1249 gustastis,
1194 1213 1313 1248 psallite;
1327 1213 1349 1240 si
1362 1213 1486 1247 gustastis
1495 1220 1576 1248 quam
1591 1213 1680 1240 suavis
1688 1217 1732 1240 est
1745 1213 1795 1239 Do-

1002 1261 1100 1294 minus,
1115 1260 1234 1295 psallite;
1249 1260 1272 1287 si
1281 1260 1352 1288 bene
1363 1259 1433 1294 sapit
1444 1259 1514 1294 quod
1526 1259 1664 1294 gustatis,
1677 1259 1793 1287 laudate.

1002 1305 1070 1339 Quis
1088 1311 1140 1333 tam
1163 1306 1281 1340 auratus
1299 1309 1343 1334 est
1360 1304 1403 1333 vel
1417 1305 1541 1339 caquenti
1557 1305 1599 1333 vel
1613 1306 1749 1340 pascenti,
1766 1311 1796 1332 ut

1001 1359 1062 1379 cum
1081 1351 1159 1379 fuerit
1181 1352 1317 1386 pulmento
1336 1351 1427 1386 aliquo
1447 1350 1611 1385 delectatus,
1629 1359 1682 1380 non
1702 1351 1797 1379 reddat

1000 1399 1113 1434 gratiam
1132 1398 1264 1427 laudande
1280 1398 1354 1433 quod
1372 1397 1481 1433 gustat?
1496 1398 1524 1424 Si
1537 1397 1572 1425 de
1590 1397 1632 1424 his
1650 1405 1704 1425 non
1722 1402 1794 1425 taee-

1000 1452 1062 1473 mus
1070 1464 1078 1478 ,
1091 1445 1126 1472 de
1137 1444 1185 1472 illo
1197 1444 1243 1479 qui
1254 1443 1330 1473 dedit
1343 1444 1433 1472 omnia
1444 1443 1590 1472 Miluus
1598 1442 1611 1469 ‘l
1624 1442 1732 1470 Paullus
1746 1451 1781 1470 uo

1000 1491 1063 1518 mini
1077 1491 1141 1526 ejus,
1154 1490 1274 1525 quoniam
1283 1489 1370 1518 uasis
1381 1493 1428 1517 ut.

1035 1538 1063 1566 6.
1080 1538 1112 1565 Et
1122 1537 1215 1566 audite
1229 1537 1286 1572 iam
1302 1543 1384 1571 opera
1398 1536 1469 1571 ejus.
1486 1535 1647 1564 Tendebatis
1660 1536 1731 1563 cuin
1747 1543 1795 1563 vos

998 1583 1120 1612 {massis
1139 1583 1230 1612 videre
1247 1583 1346 1610 bonum
1363 1582 1483 1610 omnium
1504 1581 1652 1614 bonorum,
1665 1581 1764 1609 bonum
1778 1590 1794 1608 a

996 1637 1052 1664 quo
1066 1634 1128 1657 sunt
1141 1629 1230 1656 omnia
1242 1628 1314 1655 bona
1323 1647 1334 1661 ,
1348 1628 1447 1656 bonum
1458 1627 1520 1655 sine
1532 1635 1586 1662 quo
1605 1626 1669 1654 nihil
1680 1632 1724 1655 ω
1743 1627 1793 1654 bo-

998 1683 1074 1709 num,
1087 1680 1115 1702 et
1128 1675 1228 1703 bonum
1237 1674 1310 1710 quod
1322 1674 1383 1702 sine
1397 1673 1501 1701 caeteris
1515 1673 1614 1701 bonum
1626 1678 1687 1706 est;
1700 1673 1794 1701 tende-
1803 1702 1815 1709 μ

998 1723 1070 1751 batis
1088 1728 1136 1749 vos
1156 1725 1185 1749 ut
1204 1721 1349 1754 videretis,
1370 1724 1397 1747 et
1416 1719 1486 1747 forte
1506 1719 1534 1747 in
1552 1718 1794 1747 extendardaacie

997 1769 1095 1798 multis
1107 1773 1203 1796 vestrm
1216 1767 1392 1796 deﬁcientis.
1405 1766 1462 1793 Hoc
1471 1766 1545 1793 enim
1554 1774 1592 1793 ex
1606 1773 1649 1793 me
1659 1765 1791 1800 coniicio;

998 1818 1036 1845 sic
1051 1818 1146 1852 patior.
1162 1813 1549 1849 Sedetsiestaliquis,sieut
1567 1813 1629 1840 ﬁeri
1649 1817 1794 1848 potest,et

997 1864 1075 1892 valde
1095 1868 1196 1898 potest,
1210 1862 1268 1890 acie
1286 1861 1384 1889 mearis
1406 1861 1499 1887 fortior
1520 1867 1581 1893 me,
1600 1863 1628 1886 et
1646 1859 1791 1887 emunitam

997 1910 1087 1939 cordis
1098 1910 1139 1937 sui
1155 1909 1199 1936 diu
1214 1908 1271 1944 ﬁg’t
1284 1908 1311 1934 in
1326 1915 1359 1935 eo
1369 1906 1444 1942 quod
1458 1911 1516 1938 est;
1530 1905 1620 1932 laudet
1637 1905 1682 1932 ille
1696 1910 1724 1932 nt
1744 1913 1792 1939 po-

998 1961 1067 1990 test,
1080 1960 1109 1983 et
1121 1955 1254 1990 quomodo
1267 1961 1316 1981 nos
1330 1961 1383 1980 non
1396 1959 1556 1987 possumus,
1573 1951 1671 1979 laudet.
1682 1951 1792 1979 Gratias

999 2009 1086 2031 ulmea
1098 2002 1145 2034 illi,
1154 2002 1201 2037 qui
1212 2002 1238 2028 in
1250 2001 1299 2027 hoc
1308 1999 1412 2035 psalmo
1422 1997 1580 2033 temperavit
1589 1997 1694 2025 laudem
1703 2005 1792 2030 suaet,

998 2054 1027 2077 ut
1041 2054 1067 2077 et
1082 2049 1218 2076 tirmorum
1235 2051 1307 2075 esset
1324 2051 1352 2073 et
1371 2046 1547 2073 inﬁrmorum.
1569 2044 1635 2072 Nam
1653 2049 1682 2071 et
1700 2044 1725 2071 in
1746 2044 1792 2071 illa

998 2095 1125 2123 missione
1147 2094 1217 2121 servi
1235 2093 1276 2121 sui
1299 2093 1380 2127 Moysi
1394 2099 1457 2119 eum
1472 2091 1590 2124 diceret,
1607 2090 1664 2126 Ego
1674 2098 1736 2118 an
1749 2091 1792 2126 qui

997 2149 1072 2174 sum;
1084 2146 1126 2174 et,
1141 2140 1215 2168 Dices
1230 2140 1290 2174 ﬁliis
1302 2138 1402 2171 luant,
1414 2138 1468 2174 Qui
1486 2142 1522 2165 ou
1536 2138 1606 2164 nisi!
1623 2145 1664 2164 me
1674 2137 1711 2164 ad
1725 2144 1768 2164 vos
1782 2144 1793 2164 :

999 2188 1059 2223 quia
1073 2188 1160 2223 ipsum
1177 2185 1283 2222 proprie
1297 2191 1358 2212 esse
1377 2184 1457 2211 menti
1475 2183 1600 2210 humana;
1614 2183 1722 2210 difﬁcile
1733 2190 1794 2210 eras

998 2241 1104 2269 capere,
1116 2238 1145 2261 et
1157 2232 1310 2260 mittebatur
1322 2229 1447 2258 bonoad
1458 2228 1592 2262 homines,
1604 2228 1725 2263 quamvis
1739 2235 1792 2256 nan

999 2280 1033 2308 ab
1046 2280 1170 2312 homine;
1184 2278 1309 2306 continuo
1324 2276 1396 2304 Deus
1410 2275 1567 2309 mpera-it
1577 2274 1685 2302 laudern
1697 2281 1773 2306 suam
1782 2295 1791 2307 ,

999 2331 1026 2354 et
1038 2327 1091 2353 hoc
1103 2325 1137 2352 de
1150 2332 1180 2352 se
1193 2323 1261 2352 iuit
1272 2322 1343 2358 quod
1361 2322 1420 2356 capi
1438 2321 1552 2349 dulciter
1571 2324 1678 2355 posset;
1694 2327 1750 2354 non
1762 2320 1792 2346 in

999 2381 1032 2401 eo
1045 2372 1129 2401 voluit
1142 2373 1281 2400 retnanere
1293 2369 1365 2405 quod
1383 2367 1548 2400 laudabatur,
1561 2374 1615 2402 quo
1631 2374 1685 2394 non
1700 2370 1795 2401 posset

999 2419 1120 2447 laudator
1133 2418 1272 2452 attingere.
1294 2414 1372 2446 Vade,
1387 2414 1481 2449 inquit,
1493 2413 1534 2440 die
1546 2413 1608 2446 ﬁliis
1618 2411 1710 2444 Israel,
1724 2410 1795 2438 Dm

1000 2464 1127 2492 Abraham
1139 2467 1163 2490 et
1176 2461 1245 2489 Deus
1258 2460 1335 2488 Isaac
1345 2464 1369 2487 et
1379 2459 1451 2487 Deus
1462 2457 1542 2486 Iacob
1554 2458 1620 2485 irrisit
1631 2465 1674 2484 me
1685 2457 1795 2484 deos:

1000 2510 1047 2538 hoc
1061 2509 1122 2537 mild
1130 2516 1226 2535 men
1234 2511 1271 2535 ut
1279 2507 1309 2534 in
1318 2511 1451 2534 ctu-num.
1460 2504 1550 2535 Cone.
1562 2503 1684 2536 Domino,
1695 2510 1794 2530 nomen

1000 2556 1064 2584 illud
1077 2555 1176 2588 habes;
1190 2554 1251 2589 quia
1259 2557 1287 2581 et
1296 2552 1434 2584 tudiuiai,
1446 2550 1503 2587 Ego
1515 2558 1572 2578 sunt
1584 2549 1712 2583 :Quiat,
1726 2549 1795 2576 misit

1001 2602 1085 2631 metm!
1101 2610 1144 2629 tm
1161 2601 1253 2628 :unde
1269 2599 1351 2627 modo
1369 2605 1469 2625 mnte-
1489 2597 1597 2624 mutasti
1607 2617 1615 2630 ,
1631 2601 1660 2623 ut
1673 2596 1795 2630 diceres,

1001 2647 1218 2677 Dsus‘tbralurm
1229 2651 1252 2673 et
1266 2645 1336 2673 Deus
1355 2644 1432 2671 Isaac
1451 2647 1474 2670 at
1493 2642 1562 2670 Beas
1580 2642 1683 2670 dat-ob!
1699 2642 1796 2670 Nonne

1001 2695 1048 2723 tibi
1068 2694 1172 2721 videtur
1189 2692 1258 2720 ratio
1277 2691 1336 2726 eius
1352 2689 1533 2724 respondere,
1545 2693 1576 2716 et
1587 2689 1682 2717 dicere
1698 2688 1797 2723 τουσι

1001 2741 1071 2773 dixi,
1086 2740 1143 2776 Ego
1155 2747 1230 2770 sum,
1245 2739 1287 2772 qui
1305 2744 1360 2765 sum
1371 2745 1380 2768 ,'
1393 2743 1484 2764 verum
1495 2740 1555 2767 est,
1565 2736 1617 2763 uel
1630 2742 1684 2767 non
1699 2735 1773 2770 eam
1787 2744 1795 2763 :

1002 2787 1071 2823 quod
1081 2791 1170 2814 autem
1178 2784 1248 2816 dixi,
1257 2782 1313 2818 Ego
1323 2790 1380 2809 sum
1389 2780 1461 2809 Dm
1472 2780 1600 2808 Abraham
1607 2785 1632 2807 et
1643 2779 1798 2809 biﬂth

1003 2839 1024 2861 et
1037 2832 1106 2859 Deus
1120 2831 1200 2858 ,ιασοὺ
1217 2828 1312 2865 (Exod.
1327 2836 1364 2860 ιιι,
1383 2828 1426 2860 Η,
1440 2827 1484 2860 15,
1499 2826 1546 2862 6);
1562 2831 1589 2854 et
1602 2834 1693 2854 verum
1705 2830 1757 2859 est,
1771 2831 1798 2854 et

1003 2878 1093 2914 capis?
1102 2876 1183 2911 Quod
1196 2875 1267 2902 etum
1283 2873 1337 2909 Ego
1351 2881 1407 2900 sum
1419 2872 1462 2908 qui
1474 2880 1547 2905 sum,
1562 2872 1597 2900 ad
1607 2880 1652 2900 me
1661 2872 1780 2908 pertinet
1789 2893 1795 2903 ,

1038 2936 1049 2953 ι
1061 2935 1098 2960 Sic
1108 2937 1158 2959 Am.
1170 2935 1209 2958 nr.
1221 2936 1247 2958 et
1258 2935 1311 2957 Ilss.
1324 2935 1352 2957 At
1362 2933 1428 2961 tom,
1440 2929 1529 2965 ueritas
1544 2928 1596 2958 Dei.
