4078 6472
481 369 620 424 1745

477 482 621 554 quod
649 491 823 536 autem
849 480 987 535 Deus
1014 479 1266 532 Abraham
1293 485 1339 530 et
1369 476 1504 531 Deus
1539 475 1690 529 Isaac
1718 482 1766 528 et
1797 473 1937 527 Deus
1964 469 2061 523 Ja-

481 575 590 640 cob,
621 574 684 628 ad
714 583 764 627 te
789 579 1016 643 pertinet
1041 588 1053 624 :
1077 578 1132 624 et
1153 574 1194 623 si
1223 569 1408 623 deﬁcis
1436 569 1488 622 in
1513 581 1580 622 eo
1605 565 1745 636 quod
1773 563 1900 620 mihi
1925 577 2063 626 sum,

483 681 614 736 cape
641 664 782 736 quod
811 663 903 718 tibi
940 677 1078 718 sum.
1110 662 1175 716 Et
1203 677 1270 715 ne
1300 661 1436 714 forte
1457 661 1734 730 quisquam
1764 663 1973 728 putaret
2001 654 2065 707 il~

483 757 577 811 lud
603 754 742 826 quod
769 753 903 810 dixit
931 753 1100 818 Deus,
1129 751 1240 823 Ego
1274 768 1387 805 sum
1418 751 1504 822 qui
1540 766 1691 813 sum;
1717 757 1771 804 et
1790 787 1805 812 ,
1840 748 1938 814 Qui
1966 755 2065 810 est,

484 848 617 901 misit
643 861 720 900 me
743 844 813 899 ad
836 861 924 899 vos
943 886 959 911 ,
992 845 1094 899 hoc
1131 843 1299 898 solum
1331 851 1587 897 aeternum
1613 841 1662 896 ei
1694 854 1885 894 nomen
1910 853 2065 902 esse;

484 937 627 1006 quod
665 946 841 992 autem
876 935 1046 1002 dixit,
1085 934 1194 1006 Ego
1230 951 1342 989 sum
1384 933 1522 987 Deus
1558 931 1814 985 Abraham
1851 939 1896 984 et
1933 929 2071 984 Deus

483 1029 635 1084 Isaac
660 1037 706 1082 et
731 1027 870 1083 Deus
897 1026 1058 1094 Jacob
1077 1067 1091 1093 ,
1127 1025 1415 1097 temporale
1442 1039 1633 1079 nomen
1661 1038 1779 1078 esse
1807 1041 1822 1076 :
1851 1037 1953 1076 non
1981 1037 2074 1075 cu-

483 1123 621 1176 ravit
650 1123 821 1190 Deus,
851 1136 971 1177 cum
997 1120 1250 1184 dixisset,
1287 1117 1394 1191 Ego
1428 1135 1541 1173 sum
1571 1118 1656 1188 qui
1683 1133 1793 1171 sum
1811 1132 1830 1180 ;
1856 1125 1940 1182 et,
1975 1115 2074 1180 Qui

485 1225 592 1281 est,
619 1215 754 1270 misit
777 1231 857 1269 me
879 1214 948 1268 ad
972 1229 1057 1268 vos
1076 1256 1092 1282 ,
1119 1213 1298 1269 dicere
1323 1212 1465 1282 quod
1494 1211 1598 1266 hoc
1624 1212 1674 1266 ei
1703 1225 1896 1265 nomen
1924 1210 1992 1262 sit
2020 1208 2071 1262 in

486 1314 744 1361 aeternum
769 1324 784 1375 ;
813 1306 934 1377 quia
964 1306 1064 1362 etsi
1104 1305 1206 1360 hoc
1247 1319 1356 1359 non
1395 1304 1627 1368 diceret,
1671 1302 2069 1371 intelligeretur.

486 1398 587 1455 Est
611 1398 751 1453 enim
773 1440 787 1465 ,
817 1408 872 1453 et
895 1413 1021 1454 vere
1046 1404 1161 1462 est,
1190 1405 1243 1452 et
1269 1411 1333 1450 eo
1358 1396 1473 1463 ipso
1498 1393 1639 1464 quod
1663 1408 1786 1448 vere
1815 1403 1930 1458 est,
1960 1392 2074 1446 sine

485 1490 639 1546 initio
662 1500 713 1546 et
733 1491 851 1546 sine
871 1489 1100 1546 termino
1120 1497 1221 1543 est.
1245 1487 1396 1555 Quod
1423 1501 1549 1541 vero
1569 1494 1786 1556 propter
1807 1484 2075 1539 hominem

486 1591 589 1650 est,
616 1581 724 1655 Ego
753 1599 866 1638 sum
891 1581 1030 1636 Deus
1057 1580 1310 1634 Abraham
1336 1588 1381 1633 et
1404 1578 1544 1632 Deus
1575 1575 1724 1631 Isaac
1751 1584 1795 1629 et
1823 1575 1958 1629 Deus
1983 1574 2076 1627 Ja-

489 1677 608 1743 cob,
642 1693 710 1731 ne
739 1676 812 1732 ibi
845 1675 1176 1730 suboriretur
1204 1672 1430 1726 humana
1459 1669 1758 1726 sollicitudo
1777 1711 1791 1735 ,
1827 1669 1946 1738 quia
1976 1668 2079 1722 hoc

487 1771 783 1841 temporale
809 1777 922 1837 est,
955 1783 1060 1822 non
1092 1768 1472 1836 sempiternum
1492 1802 1510 1826 ,
1541 1777 1758 1817 securos
1793 1775 1890 1815 nos
1921 1759 2074 1826 fecit,

488 1864 611 1934 quia
634 1864 702 1917 de
729 1860 1110 1931 temporalibus
1133 1859 1200 1913 ad
1227 1868 1478 1913 aeternam
1503 1856 1665 1910 vitam
1689 1869 1785 1908 nos
1813 1852 2075 1922 perducit.

494 1954 625 2020 Hoc,
653 1954 841 2024 inquit,
865 1952 990 2005 mihi
1009 1967 1189 2005 nomen
1211 1959 1280 2004 est
1302 1950 1355 2002 in
1375 1959 1639 2012 internum,
1663 1960 1768 1999 non
1791 1945 1912 2013 quia
1934 1951 2082 1997 teter-

492 2063 592 2102 nus
621 2045 907 2110 Abraham,
936 2051 991 2099 et
1014 2053 1246 2098 aeternus
1274 2041 1417 2096 Isaac
1440 2047 1494 2095 et
1516 2047 1748 2094 teternus
1775 2036 1956 2101 Iacob,
1987 2034 2080 2088 sed

491 2138 613 2208 quia
643 2137 781 2192 Deus
809 2137 925 2190 illos
953 2135 1080 2189 facit
1101 2142 1330 2189 aeternos
1356 2139 1537 2202 postea
1566 2130 1684 2185 sine
1713 2128 1820 2184 fine
1843 2146 1856 2182 :
1881 2127 2083 2182 habue-

489 2240 616 2286 runt
638 2230 833 2302 quippe
859 2229 1086 2292 initium,
1116 2226 1210 2282 sed
1240 2226 1397 2280 linem
1425 2240 1530 2278 non
1556 2222 1844 2278 habebunt.

501 2317 510 2322 ’
562 2323 616 2377 7.
646 2323 704 2377 In
732 2320 1000 2375 Abraham
1027 2328 1081 2374 et
1119 2319 1264 2373 Isaac
1296 2326 1351 2372 et
1386 2315 1550 2371 Jacob
1588 2325 1751 2369 totam
1791 2311 2083 2368 Ecclesiatn

489 2416 606 2487 ejus
631 2413 890 2484 cogitate,
919 2427 1080 2468 omne
1116 2425 1298 2465 semen
1323 2409 1485 2464 lsrael
1513 2406 1740 2477 cogitate
1768 2423 1779 2459 :
1806 2419 1965 2460 omne
1993 2419 2085 2457 au-

491 2517 600 2564 tem
635 2522 819 2563 semen
849 2505 1010 2561 lsrael
1028 2544 1042 2568 ,
1073 2519 1178 2558 non
1208 2503 1380 2558 solum
1405 2498 1548 2570 quod
1575 2507 1657 2554 est
1680 2513 1745 2553 ex
1771 2511 1959 2561 carne,
1991 2493 2087 2550 sed

491 2601 652 2655 etiam
687 2597 831 2668 quod
864 2605 946 2653 est
977 2612 1043 2653 ex
1083 2595 1208 2651 fide.
1237 2592 1525 2664 Apostolus
1553 2591 1698 2646 enim
1721 2588 1982 2646 Gentibus
2008 2587 2090 2641 lo-

493 2690 804 2766 quebatur,
832 2688 1022 2759 quibus
1054 2685 1264 2741 dicebat
1296 2701 1312 2739 :
1345 2684 1407 2740 Si
1443 2698 1561 2753 ergo
1600 2697 1686 2738 vos
1719 2679 1937 2746 Christi,
1969 2693 2087 2749 ergo

494 2798 662 2836 semen
684 2780 901 2835 Abrahte
927 2779 1044 2834 estis
1063 2819 1077 2844 ,
1117 2777 1395 2831 secundum
1437 2773 1818 2846 promissionem
1869 2770 2090 2826 heeredes

503 2873 700 2946 (Galat.
745 2889 838 2941 ιιι,
893 2870 1007 2943 29).
1060 2869 1432 2924 Benedicimur
1477 2881 1604 2936 ergo
1649 2878 1837 2920 omnes
1879 2864 1933 2917 in
1979 2863 2090 2916 Deo

498 2966 769 3025 Abraham
798 2974 855 3020 et
880 2964 1028 3020 Isaac
1057 2972 1112 3019 et
1148 2962 1333 3018 Jacob.
1367 2960 1629 3015 Arborem
1659 2957 1874 3029 quidem
1921 2956 2089 3012 bene-

500 3060 633 3115 dixit
661 3057 981 3130 quamdam,
1013 3072 1239 3126 eamque
1275 3054 1473 3109 olivam
1515 3051 1747 3116 creavit,
1777 3050 1916 3106 sicut
1959 3047 2094 3103 dixit

500 3153 792 3225 Apostolus
819 3193 835 3218 ,
858 3153 1003 3222 ipsos
1028 3147 1365 3205 Patriarchas
1408 3155 1622 3201 sanctos
1643 3186 1658 3210 ,
1689 3142 1833 3198 unde
1860 3141 2093 3197 effloruit

499 3245 729 3316 populus
759 3243 855 3300 Dei
882 3261 896 3296 :
929 3242 1022 3298 sed
1072 3241 1188 3295 haec
1212 3239 1373 3294 arbor
1401 3237 1556 3292 oliva:
1583 3243 1768 3306 putata
1818 3247 1902 3289 est
1923 3274 1938 3300 ,
1983 3245 2094 3287 non

498 3343 794 3406 amputata,
822 3343 876 3389 et
896 3332 1019 3388 inde
1061 3330 1275 3402 superbi
1314 3328 1446 3383 rami
1477 3325 1632 3381 fracti
1669 3333 1830 3390 sunt;
1863 3325 1979 3394 ipse
2012 3333 2096 3378 est

500 3427 849 3498 blasphemus
877 3434 932 3480 et
961 3422 1158 3493 impius
1182 3420 1411 3492 populus
1441 3417 1770 3474 Judaaorum.
1789 3415 2096 3469 Manserunt

504 3526 687 3573 tamen
711 3516 846 3572 rami
876 3514 1000 3568 boni
1031 3522 1087 3568 et
1112 3513 1300 3585 utiles;
1329 3525 1452 3564 nam
1474 3507 1954 3578 indeApostoli.Et
1971 3520 2092 3560 cum

505 3612 578 3667 ibi
629 3609 766 3665 rami
803 3609 960 3662 utiles
985 3605 1158 3662 relicti
1184 3612 1364 3659 essent
1383 3644 1398 3668 ,
1429 3617 1526 3671 per
1549 3599 1640 3655 Dei
1669 3597 2090 3654 misericordiam

504 3703 741 3758 insertus
768 3708 852 3755 est
876 3707 930 3754 et
952 3698 1186 3752 oleaster
1203 3695 1475 3760 Gentium,
1502 3691 1588 3746 cui
1614 3691 1744 3746 dicit
1769 3689 2090 3760 Apostolus:

507 3792 584 3847 Tu
629 3802 795 3847 autem
847 3809 962 3846 cum
1010 3806 1138 3845 esses
1187 3787 1418 3853 oleaster,
1471 3786 1687 3839 insertus
1710 3800 1762 3838 es
1807 3784 1861 3836 in
1884 3783 2006 3846 illis,
2049 3791 2097 3836 et

503 3887 756 3957 particeps
809 3882 1129 3956 pinguedinis
1189 3878 1334 3934 olivae
1390 3881 1553 3949 factus
1594 3893 1665 3930 es.
1710 3873 1836 3928 Noli
1886 3872 2097 3944 gloriari

507 3977 750 4033 σώσειε
779 3993 948 4029 ramos
969 3992 988 4029 :
1011 3972 1146 4044 quod
1176 3972 1220 4026 si
1248 3970 1502 4042 gloriaris,
1530 3983 1631 4022 non
1656 3978 1708 4020 tu
1729 3965 1950 4019 radicem
1972 3981 2094 4035 por-

511 4083 610 4140 tas,
634 4073 722 4126 sed
741 4070 890 4124 radix
916 4079 962 4122 te
988 4067 1165 4138 (Rom.
1185 4083 1262 4131 ιι,
1284 4066 1348 4119 l7
1362 4074 1407 4118 et
1433 4061 1541 4135 18).
1569 4062 1694 4117 Haec
1714 4077 1816 4116 una
1841 4061 2000 4114 arbor
2015 4067 2098 4113 est

508 4163 783 4232 pertinens
807 4160 874 4215 ad
903 4159 1168 4214 Abraham
1192 4165 1247 4212 et
1275 4157 1420 4211 Isaac
1448 4164 1501 4211 et
1525 4154 1722 4219 Jacob;
1746 4163 1800 4206 et
1818 4152 1957 4222 quod
1979 4153 2095 4220 plus

505 4264 608 4320 est,
647 4255 816 4324 magis
835 4252 902 4307 ad
929 4251 1196 4306 Abraham
1226 4258 1281 4304 et
1308 4248 1453 4302 Isaac
1479 4255 1536 4302 et
1561 4246 1725 4301 Jacob
1751 4245 1983 4299 oleaster
2016 4245 2097 4298 in-

503 4360 700 4415 sertus,
727 4365 884 4417 quam
916 4349 1045 4402 rami
1069 4345 1343 4402 confracti.
1363 4343 1438 4398 llli
1460 4342 1600 4398 enim
1624 4357 1718 4411 per
1738 4339 2094 4410 fragmentum

509 4442 618 4510 jam
651 4456 754 4496 non
779 4441 852 4494 ibi
881 4451 1036 4504 sunt;
1070 4440 1297 4492 oleaster
1335 4441 1440 4489 non
1483 4434 1551 4489 ibi
1587 4443 1737 4498 erat,
1775 4443 1825 4485 et
1853 4431 1922 4484 ibi
1965 4438 2047 4485 est
2078 4445 2091 4481 :

503 4533 579 4588 illi
613 4547 708 4601 per
737 4531 1040 4599 superbiam
1069 4528 1233 4597 frangi
1262 4534 1592 4586 meruerunt,
1626 4525 1723 4578 iste
1754 4537 1848 4592 per
1872 4521 2092 4576 humili-

507 4631 672 4678 tatem
705 4621 866 4675 inseri
893 4621 1120 4684 meruit;
1155 4619 1225 4672 illi
1252 4617 1547 4670 amiserunt
1577 4614 1806 4668 radicem
1835 4654 1850 4674 ,
1883 4614 1981 4668 iste
2011 4621 2094 4667 te-

505 4714 624 4769 nuit
647 4727 785 4768 eam.
826 4711 960 4766 Cum
989 4727 1116 4780 ergo
1143 4708 1365 4763 audistis
1394 4706 1556 4762 lsrael
1586 4706 1677 4761 Dei
1702 4748 1716 4773 ,
1740 4704 1900 4760 lsrael
1928 4704 2094 4774 perti-

506 4817 726 4864 nentem
751 4807 770 4839 ⁸
797 4805 862 4861 ad
909 4805 1094 4868 Deum,
1132 4803 1255 4858 inde
1307 4803 1469 4856 nolite
1513 4815 1610 4856 vos
1655 4800 1826 4855 facere
1866 4800 2090 4855 alienos.

506 4899 748 4956 Oleaster
766 4897 990 4969 quidem
1032 4897 1225 4961 fuistis,
1277 4895 1370 4950 sed
1423 4893 1560 4949 oliva
1607 4893 1758 4960 estis,
1809 4895 2094 4962 participes

503 4992 842 5064 pinguedinis
863 4991 1040 5047 olivae.
1068 4988 1199 5044 Nam
1239 4989 1395 5044 vultis
1422 5001 1580 5042 nosse
1608 4987 1658 5040 in
1708 4984 1976 5040 Abraham
2031 4992 2088 5040 et

504 5084 654 5140 lsaac
682 5095 736 5140 et
763 5084 928 5139 Jacob
950 5080 1218 5152 quomodo
1243 5081 1312 5133 sit
1335 5080 1567 5134 insertus
1597 5078 1861 5143 oleaster,
1897 5092 1962 5130 ne
1991 5091 2092 5144 pu-

500 5177 740 5232 tetisvos
764 5176 830 5230 ad
864 5177 1001 5229 hanc
1044 5173 1290 5228 arborem
1325 5187 1428 5225 non
1469 5171 1756 5240 pertinere,
1812 5169 1934 5238 quia
1986 5181 2091 5222 non

506 5268 783 5339 pertinetis
819 5266 1103 5322 carnaliter
1126 5264 1191 5318 ad
1241 5279 1424 5317 semen
1479 5259 1784 5315 Abraham?
1837 5258 2092 5313 Dominus

502 5361 715 5433 quando
744 5361 966 5418 miratus
1009 5367 1092 5414 est
1129 5356 1287 5412 tidem
1318 5354 1655 5410 Centurionis
1684 5353 1823 5407 illius
1866 5352 1956 5421 qui
1986 5365 2093 5406 non

502 5463 620 5508 erat
647 5452 716 5508 de
743 5451 940 5524 populo
965 5450 1124 5506 Israel
1151 5491 1165 5516 ,
1199 5449 1292 5504 sed
1328 5456 1445 5504 erat
1471 5447 1539 5502 de
1566 5446 1762 5517 populo
1789 5443 2039 5501 Gentium
2074 5463 2086 5498 :

501 5541 804 5614 PrOpterea,
831 5541 1022 5612 inquit,
1053 5540 1168 5606 dico
1197 5538 1353 5606 vobis,
1377 5539 1496 5608 quia
1539 5536 1685 5591 multi
1729 5535 1792 5589 ab
1832 5535 2024 5589 oriente
2043 5543 2090 5588 et

1675 360 1733 416 S.
1773 353 2137 415 AUGUSTINI
2177 354 2476 409 EPISCOPI

3620 348 3760 405 l7“

2179 469 2430 522 occidente
2455 468 2666 522 venient.
2709 466 2846 522 Ecce
2867 464 2976 536 jam
3005 465 3232 519 oleaster
3259 463 3311 518 in
3343 476 3500 517 manu
3526 449 3756 516 inserto-

2174 564 2289 618 ris:
2331 562 2480 616 [llulti
2529 562 2589 617 ab
2619 562 2808 615 oriente
2849 570 2894 614 et
2939 560 3191 614 occidente
3245 558 3460 612 venient.
3504 556 3757 612 Videmus

2175 655 2300 726 quid
2340 655 2472 710 ferat
2516 653 2856 710 inserendum
2890 670 2904 718 ;
2963 652 3050 708 ubi
3097 653 3296 706 inserat
3339 652 3656 707 videamus:
3691 650 3756 706 Et

2175 747 2478 812 recumbent,
2512 747 2700 818 inquit,
2733 763 2846 800 cum
2874 745 3150 810 Abraham,
3198 742 3348 798 Isaac
3389 753 3438 798 et
3480 742 3640 797 Jacob
3661 787 3674 808 ,
3705 742 3757 798 in

2176 825 2331 916 regno
2359 843 2620 898 caelorum.
2652 841 2906 896 Videmus
2925 849 2977 895 et
3003 839 3127 907 quid
3159 839 3400 900 inseruit,
3433 846 3486 893 et
3508 837 3596 893 ubi
3621 838 3761 893 inse-

2177 941 2303 995 ruit.
2331 940 2407 995 De
2435 939 2598 994 ramis
2626 937 2871 1009 superbis
2895 935 3222 991 naturalibus
3255 935 3383 1006 quid
3430 934 3595 989 dicit?
3637 932 3760 987 Filii

2178 1043 2343 1086 autem
2368 1033 2507 1103 regni
2535 1030 2676 1085 ibunt
2704 1031 2756 1083 in
2789 1028 3017 1083 tenebras
3045 1037 3352 1092 exteriores;
3388 1027 3455 1080 ibi
3483 1029 3576 1080 erit
3615 1028 3762 1095 ﬂetus

2179 1135 2226 1178 et
2251 1124 2436 1178 stridor
2460 1115 2682 1178 dentium
2713 1121 2924 1196 (Matth.
2950 1137 3064 1188 vut,
3099 1121 3158 1175 Η
3193 1162 3206 1187 ,
3233 1119 3345 1190 12).
3375 1117 3483 1174 Res
3511 1134 3761 1190 praenun-

2180 1216 2328 1283 tiata,
2357 1231 2442 1270 res
2470 1215 2706 1284 impleta.

2249 1309 2302 1362 8.
2343 1305 2494 1380 [vers.
2519 1305 2597 1378 4.]
2626 1305 2788 1376 Ergo,
2824 1303 3039 1358 Psallite
3058 1301 3298 1368 Domino,
3326 1302 3563 1371 quoniam
3597 1301 3766 1356 sueris

2180 1409 2272 1455 est.
2304 1399 2372 1454 Et
2397 1398 2654 1453 attendite
2679 1413 2800 1467 quae
2827 1396 2968 1451 circa
3011 1410 3110 1450 nos
3141 1394 3283 1449 fecit.
3317 1393 3568 1461 Quoniam
3606 1392 3767 1447 Jacob

2180 1493 2328 1563 elegit
2352 1491 2445 1546 sibi
2478 1490 2754 1553 Dominus,
2783 1487 2948 1542 Israel
2986 1489 3039 1541 in
3078 1487 3441 1559 possessionem
3481 1486 3592 1540 sibi.
3627 1486 3767 1541 Lau-

2181 1584 2325 1649 date,
2369 1583 2597 1654 psallite,
2647 1583 2897 1653 quoniam
2929 1580 3058 1636 fecit
3109 1582 3228 1634 ista.
3280 1578 3428 1634 Talia
3484 1578 3604 1633 dico
3651 1595 3769 1649 quae

2182 1692 2374 1747 capere
2407 1677 2643 1731 valeatis.
2686 1677 2918 1730 Czeteras
2952 1684 3141 1744 gentes
3183 1673 3284 1729 sub
3316 1672 3528 1741 Angelis
3565 1672 3768 1741 posuit;

2187 1769 2346 1824 Jacob
2371 1770 2514 1839 elegit
2539 1769 2634 1823 sibi
2659 1767 2909 1822 Dominus
2936 1810 2948 1830 ,
2981 1766 3147 1821 Israel
3188 1767 3242 1820 in
3268 1766 3631 1836 possessionem
3657 1765 3773 1819 sibi.

2184 1861 2408 1918 Gentem
2437 1876 2587 1916 suam
2612 1860 2734 1916 fecit
2763 1874 2944 1930 agrum
2971 1901 2984 1923 ,
3017 1875 3173 1930 quem
3204 1859 3406 1913 coleret
3435 1900 3448 1922 ,
3472 1875 3627 1928 quem
3661 1857 3776 1926 ipse

2185 1956 2474 2011 seminaret
2508 1970 2521 2007 :
2563 1954 2807 2025 quamvis
2839 1953 2950 2023 ipse
2994 1967 3182 2008 omnes
3207 1961 3396 2024 gentes
3439 1951 3776 2020 condiderit,

2185 2059 2406 2104 caeteras
2434 2049 2649 2119 Angelis
2675 2049 2960 2116 commisit,
3004 2049 3105 2104 sibi
3154 2049 3309 2103 istam
3364 2047 3768 2119 possidendam,

2187 2141 2608 2212 servandamque
2648 2141 2953 2212 deputavit;
3001 2140 3144 2196 hunc
3189 2140 3464 2210 populum,
3504 2141 3645 2196 hunc
3685 2139 3781 2195 Ja-

2188 2236 2308 2290 cob.
2342 2235 2528 2289 Merito
2559 2234 2720 2301 illius,
2741 2250 2807 2288 an
2844 2235 3013 2306 gratia
3044 2235 3179 2288 sua?
3227 2235 3300 2288 De
3350 2233 3583 2287 nondum
3642 2233 3784 2288 natis

2189 2330 2284 2395 ait,
2323 2328 2456 2394 Quia
2486 2330 2650 2400 major
2678 2328 2851 2382 serviet
2877 2328 3061 2381 minori
3075 2345 3096 2394 ;
3129 2327 3412 2396 Apostolus
3438 2325 3593 2381 dixit.
3624 2324 3786 2392 Quod

2191 2422 2438 2476 meritum
2462 2420 2661 2476 habere
2700 2419 2937 2475 nondum
2986 2419 3093 2473 nati
3135 2412 3442 2489 potuerunt,
3494 2429 3786 2488 antequam

2191 2515 2469 2586 quisquam
2493 2529 2679 2570 eorum
2705 2513 2902 2572 egisset
2931 2511 3129 2582 aliquid
3167 2512 3294 2567 boni
3327 2521 3419 2567 aut
3464 2510 3635 2565 mali?
3665 2511 3789 2565 Non

2193 2623 2320 2678 ergo
2349 2622 2406 2662 se
2431 2605 2652 2663 extollat
2677 2604 2864 2671 Jacob,
2894 2619 3000 2660 non
3027 2605 3290 2674 glorietur
3309 2645 3323 2668 ,
3374 2619 3479 2658 non
3505 2603 3619 2658 suis
3665 2618 3786 2658 me-

2193 2699 2312 2754 ritis
2341 2699 2554 2754 tribuat.
2590 2698 2730 2753 Ante
2754 2706 2836 2752 est
2857 2696 3232 2767 praecognitus,
3274 2704 3399 2749 ante
3427 2694 3790 2766 praedestina-

2196 2799 2305 2856 tus,
2331 2799 2453 2844 ante
2473 2789 2677 2844 electus
2708 2805 2724 2843 :
2757 2802 2862 2844 non
2890 2788 3000 2842 suis
3021 2787 3226 2841 meritis
3245 2785 3467 2852 electus,
3497 2786 3591 2841 sed
3617 2788 3790 2855 gratia

2197 2883 2292 2938 Dei
2333 2882 2581 2937 inventus
2606 2889 2662 2937 et
2701 2880 2999 2936 vivificatus
3029 2877 3203 2949 (Rom.
3239 2895 3289 2933 tx
3312 2920 3326 2945 ,
3362 2874 3571 2950 11-15).
3601 2877 3693 2932 Sic
3733 2887 3793 2932 et

2196 2992 2384 3032 omnes
2436 2985 2623 3048 gentes
2673 2993 2687 3030 :
2731 2990 2853 3030 nam
2907 2981 2967 3028 ut
3019 2975 3363 3038 insereretur,
3419 2971 3547 3041 quid
3593 2971 3793 3026 meruit

2197 3071 2427 3125 oleaster
2452 3068 2804 3124 amaritudine
2844 3068 3131 3123 baccarum
3152 3109 3167 3134 ,
3200 3066 3478 3122 sterilitate
3522 3065 3793 3120 silvestri?

2197 3161 2421 3231 Lignunt
2452 3159 2648 3231 quippe
2673 3167 2788 3214 erat
2817 3158 2962 3214 silvae
2981 3200 2996 3225 ,
3033 3175 3138 3212 non
3160 3158 3268 3229 agri
3299 3157 3552 3212 dominici
3580 3174 3596 3217 ;
3629 3167 3685 3212 et
3715 3166 3795 3212 ta-

2201 3269 2323 3309 men
2352 3253 2442 3308 ille
2474 3267 2569 3322 per
2605 3251 3026 3307 misericordiam
3053 3265 3202 3306 suam
3241 3259 3294 3306 et
3327 3249 3617 3304 oleastrum
3647 3250 3790 3305 inse-

2199 3349 2303 3403 ruit
2331 3348 2381 3402 in
2407 3347 2626 3401 olivam.
2658 3345 2761 3402 Sed
2788 3345 2962 3400 adhuc
2988 3360 3092 3399 non
3140 3352 3255 3399 erat
3281 3344 3511 3397 insertus
3537 3343 3791 3408 oleaster,

2199 3441 2412 3512 quando
2440 3441 2693 3495 Dominus
2719 3439 2866 3510 elegit
2893 3439 2988 3494 sibi
3018 3436 3177 3492 Iacob
3199 3479 3214 3506 ,
3244 3434 3408 3492 Israel
3431 3437 3484 3489 in
3511 3437 3793 3507 possessio-

2199 3552 2314 3590 nem
2343 3535 2455 3589 sibi.

2272 3630 2325 3685 9.
2361 3627 2505 3701 [vers.
2531 3625 2610 3701 5.]
2638 3627 2706 3683 Et
2726 3624 2851 3698 quid
2877 3625 3179 3698 Propheta?
3207 3623 3458 3693 Quoniam
3489 3640 3580 3693 ego
3607 3639 3797 3694 σοφισ-

2200 3722 2248 3774 vi
2267 3720 2402 3791 quod
2424 3737 2634 3791 magnus
2649 3729 2721 3774 est
2741 3716 3009 3772 Dominus.
3034 3717 3207 3772 Mente
3229 3716 3441 3770 volante
3456 3713 3520 3768 ad
3533 3728 3793 3781 superna,

2201 3823 2377 3868 erecta
2409 3828 2436 3864 a
2460 3827 2642 3875 carne,
2687 3809 3097 3865 transcendente
3156 3817 3452 3863 creaturam
3477 3849 3492 3873 ,
3543 3806 3798 3876 cognovit

2200 3906 2322 3975 quia
2347 3917 2568 3973 magnus
2593 3911 2676 3957 est
2702 3902 2983 3955 Dominus.
3000 3899 3115 3955 Non
3130 3914 3314 3954 omnes
3329 3908 3549 3967 possunt
3565 3896 3797 3952 videndo

2203 4010 2560 4066 cognoscere;
2603 3993 2821 4049 laudent
2861 3993 3000 4063 quod
3037 3991 3202 4046 fecit:
3240 3991 3422 4046 Suavis
3477 3999 3582 4054 est;
3634 3987 3797 4042 Jacob

2201 4087 2451 4159 elegitsibi
2467 4086 2749 4149 Dominus;
2777 4083 2943 4138 Israel
2961 4085 3014 4138 in
3037 4083 3396 4152 possessionem
3417 4083 3531 4136 sibi.
3569 4081 3636 4135 Et
3669 4081 3794 4134 hinc

2202 4178 2346 4234 illum
2377 4178 2530 4233 lauda
2565 4179 2619 4243 ¹;
2653 4192 2772 4231 nam
2813 4186 2868 4232 et
2915 4193 3004 4247 ego
3049 4176 3259 4247 cognovi
3303 4176 3422 4245 quia
3464 4191 3678 4245 magnus
3722 4182 3797 4227 est

2200 4273 2470 4325 Dominus.
2515 4270 2775 4342 Propheta
2807 4269 3145 4338 loquebatur,
3181 4266 3270 4339 qui
3305 4267 3522 4322 intravit
3568 4267 3620 4321 in
3672 4283 3798 4320 san-

2201 4365 2461 4418 ctuarium
2490 4362 2605 4429 Dei,
2651 4362 2739 4432 qui
2768 4360 2970 4415 audivit
3009 4360 3145 4415 forte
3176 4359 3459 4414 incliahilia
3483 4359 3643 4413 verba
3675 4373 3798 4428 qua

2201 4471 2307 4510 non
2337 4455 2462 4510 licet
2492 4453 2694 4508 homini
2721 4453 2865 4522 loqui
2895 4451 2962 4522 (ll
2989 4450 3106 4506 Cor.
3143 4467 3239 4515 xu,
3271 4449 3359 4521 4);
3388 4452 3476 4522 qui
3501 4451 3630 4503 dixit
3653 4449 3797 4519 quod

2201 4558 2382 4619 posset
2419 4547 2726 4602 hominibus
2769 4544 2895 4609 dici,
2919 4555 2974 4600 et
3005 4545 3172 4598 tenuit
3214 4544 3352 4612 apud
3395 4558 3454 4598 se
3492 4543 3630 4612 quod
3687 4559 3794 4597 non

2202 4650 2383 4711 posset
2408 4641 2531 4695 dici.
2563 4639 2705 4709 Ergo
2735 4648 2790 4694 et
2821 4637 3066 4693 audiatur
3106 4637 3170 4692 ad
3199 4637 3339 4709 quod
3389 4651 3696 4706 possumus,
3739 4644 3792 4690 el

2199 4733 2451 4789 credatur
2475 4731 2540 4786 ad
2567 4731 2706 4800 quod
2735 4746 2839 4785 non
2871 4745 3176 4799 possumus.
3219 4728 3298 4783 Ad
3327 4727 3465 4798 qund
3501 4742 3792 4795 possumus

2199 4824 2461 4885 audiatur,
2493 4822 2746 4891 Quoniam
2765 4821 2924 4876 Jacob
2952 4823 3095 4893 elegit
3123 4820 3217 4875 sibi
3241 4820 3512 4885 Dominus,
3547 4818 3716 4872 Israel
3742 4819 3798 4873 in

2201 4917 2562 4986 possessionem
2582 4913 2712 4978 sibi;
2747 4912 2814 4968 ad
2843 4912 2985 4983 quod
3030 4928 3134 4966 non
3196 4927 3476 4981 possumus
3520 4908 3796 4976 credatur,

2200 5011 2320 5079 quia
2369 5011 2480 5079 ipse
2509 5010 2756 5080 cognovit
2797 5010 2932 5079 quod
2950 5023 3177 5080 magna
3203 5018 3275 5063 est
3305 5007 3574 5062 Dominus.
3629 5004 3684 5060 Si
3718 5004 3797 5059 illi

2199 5102 2518 5166 diceremus,
2550 5103 2820 5175 Rogamus
2837 5113 2908 5168 te,
2935 5103 3142 5171 explica
3160 5099 3579 5171 magnitudinem
3609 5096 3790 5164 illius;

2202 5210 2377 5249 nonne
2421 5197 2556 5250 forte
2588 5193 2938 5264 responderet
2982 5193 3136 5248 nobis
3169 5207 3181 5244 :
3214 5191 3327 5246 Non
3358 5200 3441 5246 est
3481 5187 3637 5244 valde
3670 5202 3792 5241 ma-

2197 5300 2334 5356 gnus
2368 5303 2522 5355 quem
2567 5286 2740 5352 video,
2775 5286 2819 5340 si
2848 5301 2876 5338 a
2920 5300 3005 5340 me
3031 5283 3226 5350 poterit
3250 5269 3551 5354 explicari?
3587 5279 3800 5333 Redeat

2199 5392 2326 5448 ergo
2359 5376 2425 5430 ad
2465 5391 2626 5446 opera
2657 5377 2807 5447 ejus,
2836 5387 2891 5432 et
2919 5377 3062 5431 dicat
3105 5375 3278 5430 nobis.
3319 5373 3524 5447 Habeat
3567 5372 3685 5441 ipse
3738 5369 3796 5424 in

2198 5467 2522 5523 conscientia
2553 5467 2969 5538 magnitudinem
3000 5466 3230 5532 Domini,
3259 5479 3417 5536 quam
3442 5463 3596 5528 vidit,
3627 5476 3796 5531 quam

2199 5559 2352 5616 nobis
2380 5559 2702 5615 credendam
2737 5559 3160 5625 commendavit;
3203 5573 3307 5628 quo
3345 5565 3561 5612 nostros
3597 5556 3792 5611 oculos

2097 5665 2100 5668 '
2200 5651 2497 5722 perducere.
2515 5667 2622 5707 non
2650 5653 2822 5723 potuit
2855 5669 2868 5705 :
2898 5659 2954 5707 et
2979 5659 3258 5707 enumeret
3282 5648 3525 5720 quaedam
3557 5661 3678 5719 quae
3703 5645 3798 5702 hi’c

570 5741 585 5771 ι
627 5737 961 5811 Aliquotjlss”
988 5736 1192 5811 auditis,
1218 5736 1384 5811 Israel,
1423 5738 1485 5811 tle
1513 5735 1658 5811 Israel
1680 5735 1962 5811 pertinatia,
1990 5743 2086 5811 etc.

502 5811 627 5859 ann,
667 5797 872 5853 audistis
897 5797 1065 5860 Israel,
1090 5808 1136 5851 et
1175 5801 1325 5852 Israel
1352 5797 1690 5864 pertinentem,
1715 5805 1809 5850 etc.
1836 5805 1929 5859 Er.,
1955 5804 2002 5848 cl
2026 5797 2088 5849 de

502 5860 654 5913 lsrael
671 5864 1007 5928 pertinentem,
1036 5869 1129 5914 etc.

2199 5743 2455 5801 Dominus
2482 5745 2638 5810 fecit;
2664 5753 2721 5799 ut
2750 5752 2804 5800 ct
2839 5743 3015 5810 nobis,
3039 5742 3126 5812 qui
3160 5738 3580 5812 magnitudinem
3618 5737 3790 5806 illius,

2263 5859 2278 5889 ι
2306 5856 2378 5907 sic
2401 5855 2621 5921 plerique
2646 5865 2752 5906 Mss.
2779 5862 2832 5906 At
2854 5855 2984 5906 add;
3012 5861 3065 5906 Et
3088 5853 3166 5905 hic
3188 5852 3323 5905 illum
3343 5850 3530 5902 laudas.
