4078 6468
339 363 475 423 1748

333 487 468 544 sicut
486 483 578 540 ille
600 481 799 548 videre,
822 494 931 537 non
947 491 1247 552 possumus,
1270 473 1541 530 dulcescat
1563 485 1628 524 ex
1653 465 1906 538 operibus

333 579 482 642 suis,
535 590 652 645 quae
691 589 880 644 capere
932 586 1232 644 possumus.
1277 567 1526 636 Quoniam
1568 579 1680 635 ego,
1717 560 1906 631 inquit,

333 667 544 741 cognovi
569 665 703 737 quod
731 681 942 737 magnus
969 673 1039 719 cst
1075 661 1352 723 Dominus,
1389 667 1435 713 et
1462 656 1600 712 Deus
1629 661 1796 708 noster
1823 666 1910 707 su-

334 777 423 834 per
443 775 612 815 omnes
649 758 787 812 deos.
820 756 972 826 Quos,
997 754 1166 811 deos?
1209 752 1358 810 Sicut
1404 751 1533 806 dicit
1573 746 1859 818 Apostolus
1892 761 1905 798 :

334 855 446 910 Etsi
470 862 587 909 sunt
607 853 692 921 qui
721 853 957 906 dicantur
977 850 1045 904 dii
1068 851 1122 905 in
1149 848 1272 904 caelo
1301 847 1422 902 etin
1451 854 1621 910 terra;
1642 845 1771 899 sicut
1795 851 1912 896 sunt

332 947 405 1001 dii
427 946 569 1000 multi
587 953 633 999 et
659 943 849 998 domini
872 943 1046 1006 multi;
1067 942 1206 996 nobis
1227 949 1392 994 tamen
1421 955 1548 992 unus
1582 937 1732 999 Deus,
1755 933 1914 990 Pater

333 1057 395 1095 ea:
420 1055 517 1110 quo
537 1039 706 1092 omnia
730 1079 746 1105 ,
770 1046 815 1091 et
836 1053 926 1091 nos
945 1037 998 1091 in
1020 1035 1131 1105 ipso
1151 1077 1166 1101 ,
1198 1044 1243 1088 et
1275 1049 1404 1087 unus
1449 1030 1698 1085 Dominus
1746 1036 1914 1082 noster

332 1132 484 1186 Jesus
539 1129 788 1197 Christus,
832 1146 921 1199 per
956 1144 1103 1198 quem
1150 1127 1350 1192 omnia,
1388 1135 1435 1179 et
1478 1139 1568 1177 nos
1615 1139 1704 1193 per
1749 1123 1914 1192 ipsum

334 1227 374 1298 (Ι
406 1223 523 1280 Cor.
555 1240 668 1288 vni,
696 1223 878 1294 5et6).
913 1223 1164 1278 Dicuntur
1185 1220 1254 1275 dii
1285 1219 1525 1273 homines
1556 1235 1568 1269 :
1596 1216 1793 1271 dictum
1831 1223 1917 1270 est

334 1315 659 1375 enim.Detts
701 1316 834 1370 stetit
872 1316 924 1369 in
977 1329 1236 1384 synagoga
1277 1312 1526 1375 deorum;
1572 1308 1767 1364 dictum
1811 1315 1914 1375 est,

341 1409 447 1478 ligo
469 1407 597 1471 dixi,
631 1406 716 1460 Dii
741 1407 856 1460 estis
886 1416 932 1460 et
956 1406 1052 1475 ﬁlii
1082 1404 1328 1459 Altissimi
1348 1420 1515 1458 omnes
1537 1401 1710 1472 (Psal.
1728 1417 1914 1467 Lxxxl,

338 1501 389 1565 l,
416 1500 516 1571 6):
551 1514 726 1554 nonne
779 1513 940 1568 super
985 1497 1228 1551 homines
1279 1495 1458 1551 Deus?
1487 1494 1591 1550 Sed
1639 1493 1764 1564 quid
1806 1507 1917 1547 ma-

334 1610 520 1664 gnum,
570 1595 612 1648 si
643 1608 804 1663 super
861 1591 1105 1646 homines
1157 1590 1330 1645 Deus?
1379 1590 1445 1665 Et
1485 1603 1647 1657 super
1683 1586 1918 1656 Angelos

339 1686 477 1738 Dens
525 1703 536 1739 :
596 1685 718 1755 quia
767 1684 954 1754 Angeli
1009 1698 1112 1737 non
1157 1679 1399 1738 fecerunt
1458 1681 1642 1744 Deum,
1691 1677 1920 1749 Angelos

337 1777 461 1832 fecit
504 1778 670 1841 Deus;
699 1787 752 1832 et
773 1790 994 1830 necesse
1028 1784 1111 1831 est
1134 1788 1295 1843 super
1319 1774 1496 1830 omnia
1520 1787 1640 1844 quas
1665 1771 1820 1837 fecit,
1852 1770 1922 1824 sit

338 1869 566 1938 ipsequi
597 1867 740 1922 fecit.
765 1866 1105 1937 Cognoscens
1125 1881 1251 1937 ergo
1267 1864 1685 1943 magnitudinem
1712 1861 1921 1917 Domini

342 1964 462 2027 iste,
502 1971 558 2015 et
592 1962 778 2016 videns
805 1959 927 2016 eum
960 1975 1120 2030 super
1168 1974 1380 2014 omnem
1434 1973 1553 2012 esse
1597 1965 1918 2022 creaturam,

339 2071 446 2107 non
501 2063 698 2109 tantum
751 2052 1121 2122 corporalem,
1174 2050 1268 2106 sed
1314 2051 1472 2105 etiam
1530 2048 1856 2118 spiritualem
1903 2063 1920 2100 :

339 2144 456 2200 Rea:
487 2162 720 2217 magnus,
750 2144 939 2214 inquit,
967 2161 1127 2213 super.
1145 2160 1317 2198 omnes
1343 2143 1481 2196 deos.
1514 2141 1630 2211 Ipse
1657 2148 1739 2196 est
1772 2153 1920 2193 sum-

339 2252 461 2291 mus
491 2237 631 2291 Deus
668 2237 757 2307 qui
790 2250 952 2305 super
980 2251 1038 2290 sc
1069 2250 1174 2290 non
1206 2233 1366 2288 habet
1395 2233 1576 2288 deum.
1607 2232 1779 2302 Opera
1806 2230 1924 2300 ejus

338 2328 503 2396 dicat,
542 2330 654 2397 ipsa
673 2331 973 2399 capiuntur.

413 2419 501 2475 10.
531 2418 680 2493 [νει-δ.
711 2417 801 2492 6.]
859 2419 1044 2473 Omnia
1081 2435 1402 2488 qutecumque
1448 2417 1624 2481 voluit,
1674 2415 1925 2469 Dominus

339 2514 456 2584 fecit
480 2514 531 2567 in
557 2513 678 2567 caelo
699 2522 744 2566 et
768 2513 820 2566 in
844 2524 977 2566 terra
1003 2554 1018 2576 ,
1045 2514 1096 2566 in
1125 2513 1254 2566 mari
1297 2521 1344 2566 et
1371 2512 1424 2565 in
1449 2510 1676 2564 omnibus
1710 2509 1922 2580 abyssis.

338 2607 469 2674 Quis
495 2617 673 2663 autem
700 2605 1119 2676 comprehendat
1144 2605 1296 2660 haec?
1317 2605 1437 2676 quis
1463 2612 1741 2660 enumeret
1763 2617 1924 2672 opera

339 2701 556 2756 Domini
587 2702 638 2755 in
680 2700 816 2756 caelo
843 2711 898 2757 et
928 2701 979 2755 in
1008 2709 1180 2763 terra,
1210 2701 1263 2754 in
1291 2700 1426 2755 mari
1469 2707 1523 2754 et
1577 2699 1630 2752 in
1675 2697 1925 2752 onmihus

339 2793 584 2864 abyssis?
613 2793 812 2849 Tamen
841 2793 888 2850 si
914 2792 1369 2863 comprehendere
1395 2792 1574 2846 omnia
1603 2806 1707 2845 non
1741 2804 1929 2860 possu-

339 2901 477 2952 mus,
508 2886 826 2942 inconcusse
849 2885 1069 2942 credere
1093 2895 1148 2941 et
1177 2894 1360 2940 tenere
1387 2883 1646 2938 debemus
1673 2881 1924 2952 quoniam

340 2978 600 3051 quidquid
650 2988 1014 3035 creaturarum
1062 2977 1116 3032 in
1170 2977 1327 3042 ccelo,
1366 2974 1620 3046 quidquid
1654 2975 1704 3028 in
1736 2983 1877 3028 terra
1909 3015 1924 3039 ,

342 3069 602 3140 quidquid
637 3070 690 3124 in
725 3070 857 3124 mari
895 3078 950 3125 et
982 3070 1034 3124 in
1067 3069 1314 3125 omnibus
1354 3067 1564 3137 abyssis
1619 3080 1649 3120 a
1700 3064 1928 3120 Domino

343 3161 538 3217 factum
568 3170 684 3228 est;
712 3161 831 3232 quia
862 3162 1030 3216 omnia
1058 3175 1168 3232 qua:
1186 3160 1360 3223 uoluit,
1385 3159 1501 3229 fecit
1543 3158 1599 3212 in
1636 3159 1762 3212 caelo
1789 3167 1834 3210 et
1872 3157 1929 3210 in

343 3264 500 3320 terra,
530 3255 583 3308 in
608 3257 737 3308 mari
760 3255 871 3308 etin
897 3254 1125 3308 omnibus
1140 3252 1352 3323 abyssis,
1375 3251 1514 3306 sicut
1533 3251 1642 3320 jam
1670 3251 1924 3308 diximus.

343 3346 461 3402 Non
487 3346 667 3401 omnia
695 3362 809 3417 quea
856 3345 1002 3414 fecit,
1049 3353 1268 3400 coactus
1288 3351 1370 3399 est
1401 3344 1574 3398 facere
1598 3385 1614 3410 ,
1639 3343 1732 3398 scd
1759 3343 1929 3398 omnia

341 3455 672 3510 quacumque
718 3437 908 3503 voluit,
948 3437 1291 3500 fecit:causa
1336 3437 1571 3492 omnium
1617 3452 1736 3507 qua:
1781 3435 1926 3503 fecit,

347 3530 597 3585 voluntas
623 3529 741 3600 ejus
765 3539 865 3585 est.
896 3531 1048 3586 Facis
1069 3539 1124 3584 tu
1149 3531 1366 3586 domum
1385 3572 1400 3597 ,
1427 3531 1550 3601 quia
1585 3531 1627 3586 si
1656 3531 1828 3585 nolles
1856 3531 1928 3584 la-

343 3639 489 3687 cere,
525 3624 641 3679 sine
666 3623 993 3679 habitatione
1017 3638 1324 3680 remaneres
1349 3639 1362 3677 :
1393 3624 1686 3679 necessitas
1711 3624 1851 3692 cogit
1877 3631 1930 3678 te

348 3715 526 3771 facere
550 3715 798 3782 domum,
827 3732 933 3772 non
964 3716 1126 3772 libera
1173 3717 1438 3771 voluntas.
1500 3717 1652 3771 Facis
1700 3722 1926 3783 vestem,

343 3813 469 3880 quia
499 3809 544 3864 si
583 3823 691 3864 non
716 3809 938 3873 faceres,
967 3807 1144 3864 nudus
1161 3807 1467 3864 ambulares
1499 3827 1511 3862 :
1540 3807 1604 3862 ad
1632 3806 1928 3862 faciendam

345 3917 474 3973 ergo
495 3911 696 3957 vestem
720 3901 1039 3958 necessitate
1065 3902 1296 3968 duceris,
1315 3916 1419 3956 non
1450 3902 1612 3956 libera
1635 3903 1924 3956 voluntate.

345 3993 596 4050 Conseris
628 4003 863 4049 montem
890 3993 1106 4058 vitibus,
1151 4007 1335 4049 semen
1390 3993 1614 4063 Spargis,
1657 3992 1780 4062 quia
1829 3990 1930 4044 nisi

344 4086 558 4151 feceris,
587 4085 839 4140 alimenta
857 4100 961 4139 non
985 4085 1240 4139 habebis:
1264 4084 1442 4139 omnia
1472 4084 1584 4137 lnec
1616 4082 1930 4137 necessitate

345 4178 498 4235 facis.
526 4179 666 4234 Deus
697 4179 932 4234 bonitate
959 4177 1102 4244 fecit,
1119 4179 1264 4232 nullo
1293 4177 1434 4248 quod
1457 4176 1582 4232 fecit
1598 4177 1773 4246 eguit;
1809 4175 1929 4232 ideo

345 4274 519 4328 omnia
543 4289 866 4344 quiscumque
885 4270 1059 4340 uoluit,
1089 4272 1224 4343 fecit.

417 4365 507 4420 ﬂ.
539 4363 700 4418 Putas
722 4405 737 4429 ,
771 4362 1029 4417 habemus
1066 4371 1121 4418 et
1149 4375 1245 4417 nos
1271 4359 1411 4431 quod
1453 4360 1619 4415 libera
1658 4359 1932 4414 voluntate

346 4456 642 4512 faciamus?
669 4456 741 4510 Ea
767 4455 912 4510 enim
937 4470 1056 4525 qum
1078 4454 1330 4520 diximus,
1353 4468 1417 4507 ex
1447 4451 1764 4507 necessitate
1799 4450 1932 4505 faci-

348 4565 506 4616 mus;
541 4549 665 4619 quia
692 4549 736 4604 si
781 4564 887 4603 non
918 4547 1235 4613 faceremus,
1263 4555 1484 4617 egentes
1524 4555 1579 4602 et
1627 4546 1813 4616 inopes
1849 4561 1935 4601 re-

349 4656 714 4696 maneremus.
741 4641 1046 4696 Invenimus
1072 4639 1266 4710 aliquid
1295 4639 1436 4709 quod
1468 4639 1635 4694 libera
1661 4638 1931 4693 voluntate

350 4733 644 4790 faciamus?
664 4734 968 4789 Invenimus
996 4734 1170 4803 plane,
1190 4747 1309 4788 cum
1348 4733 1519 4802 ipsum
1552 4733 1719 4787 Deum
1742 4747 1931 4788 aman-

351 4825 420 4880 do
449 4810 746 4881 laudamus.
777 4826 889 4881 l'loc
912 4825 1054 4879 enim
1091 4824 1256 4878 libera
1277 4824 1554 4878 voluntate
1578 4822 1730 4885 facis.
1761 4838 1933 4893 quan-

352 4917 423 4974 do
447 4934 598 4980 amas
621 4919 762 4989 quod
789 4918 1007 4984 laudas;
1046 4932 1153 4972 non
1180 4917 1322 4972 enim
1360 4932 1425 4971 ex
1452 4917 1792 4982 necessitate,
1837 4917 1933 4972 sed

353 5013 472 5081 quia
507 5014 697 5083 placet.
739 5013 892 5070 Unde
913 5012 1070 5084 justis
1106 5021 1160 5067 et
1188 5011 1387 5080 sanctis
1416 5011 1511 5065 Dei
1532 5011 1728 5080 placuit
1760 5011 1934 5078 Deus,

353 5105 514 5158 etiam
546 5104 818 5176 ﬂagellatis
847 5120 960 5161 eos.
987 5104 1211 5174 Quando
1239 5104 1434 5176 iniquis
1463 5103 1713 5159 omnibus
1742 5104 1936 5176 displi-

353 5205 460 5262 cet,
491 5194 691 5266 placuit
715 5196 851 5262 illis;
873 5205 929 5252 ct
952 5198 1052 5252 sub
1075 5197 1288 5268 ﬂagello
1314 5196 1452 5266 ejus,
1482 5197 1535 5252 in
1563 5212 1800 5252 erumna
1821 5239 1836 5264 ,
1880 5199 1935 5254 in

353 5284 658 5357 laboribus,
689 5292 740 5346 in
769 5291 1111 5358 vulneribus,
1140 5292 1192 5346 in
1229 5299 1465 5362 egestate
1513 5291 1787 5347 constituti
1824 5293 1937 5348 lau-

353 5377 616 5438 daverunt
645 5383 808 5438 Deum
841 5399 856 5437 :
885 5398 991 5438 non
1018 5383 1095 5438 eis
1121 5383 1390 5453 displicuit
1415 5398 1514 5439 nec
1529 5392 1803 5454 torquens.
1821 5383 1934 5442 Hoc

355 5484 438 5531 est
483 5477 647 5546 gratis
694 5492 875 5533 amare
901 5519 916 5543 ,
961 5492 1066 5532 non
1114 5493 1263 5546 quasr
1307 5478 1576 5548 proposita
1627 5479 1939 5548 acceptione

354 5567 656 5633 mercedis;
684 5569 806 5639 quia
856 5568 970 5638 ipsa
1015 5583 1221 5623 merces
1263 5575 1353 5622 tua
1387 5582 1594 5623 summa
1637 5569 1779 5624 Deus
1826 5572 1940 5640 ipse

357 5657 500 5723 erit,
529 5672 687 5727 quem
730 5658 895 5728 gratis
923 5657 1096 5728 diligis
1125 5676 1136 5713 :
1163 5667 1218 5712 et
1243 5657 1319 5712 sic
1344 5673 1526 5714 amare
1551 5658 1719 5715 debes
1737 5701 1753 5727 ,
1779 5669 1836 5715 ut
1863 5661 1942 5731 ip-

356 5763 478 5804 sum
505 5763 603 5818 pro
631 5748 878 5804 mercede
903 5748 1208 5804 desiderare
1245 5762 1351 5802 non
1387 5748 1601 5804 desinas
1623 5789 1641 5816 ,
1671 5750 1761 5820 qui
1793 5750 1942 5808 solus

361 5847 419 5896 te
455 5839 816 5907 satietpsicut
835 5840 1108 5911 Philippus
1142 5839 1511 5907 desiderabat,
1542 5855 1662 5896 cum
1702 5840 1938 5910 diceret,

1347 344 1743 406 ENARRATIO
1784 340 1845 396 lN
1885 335 2212 396 PSALMUM
2251 340 2535 401 CXXXIV.

3461 369 3600 427 i746

2023 459 2244 564 Dstende
2271 463 2419 564 nobis
2437 465 2680 536 Patrem,
2713 481 2758 526 et
2793 454 2972 546 suﬁcit
2997 479 3138 534 nobis
3167 480 3344 553 (Ioan.
3384 501 3496 556 xw,
3519 492 3600 564 8).

2017 555 2224 625 Merito,
2259 563 2383 630 quia
2405 562 2508 618 hoc
2534 565 2600 620 de
2639 566 2804 624 libera
2843 571 3115 630 voluntate
3145 576 3366 635 facimus
3389 622 3405 646 ,
3442 555 3496 639 et
3533 555 3603 641 de

2019 648 2185 705 libera
2213 653 2483 710 voluntate
2515 657 2690 715 facere
2715 659 2972 721 debemus
2992 709 3006 733 ,
3031 669 3154 738 quia
3182 670 3430 729 delectati
3470 676 3603 733 faci-

2019 758 2156 809 mus,
2182 748 2412 804 amando
2454 747 2714 821 facimus;
2744 757 2864 826 quia
2895 760 2996 815 etsi
3035 765 3353 834 corripimur
3387 769 3454 825 ab
3487 772 3599 835 illo,

2019 836 2173 932 nobis
2225 855 2491 911 nunquam
2547 845 2827 915 displicere
2873 851 3073 918 debet,
3125 859 3213 926 qui
3261 875 3474 932 semper
3521 874 3604 921 est

2015 929 2211 998 justus.
2245 933 2355 986 lloc
2379 935 2511 990 dixit
2533 939 2617 992 ille
2643 941 2886 997 laudator
2912 945 3024 1014 ejus
3055 964 3069 1000 :
3099 947 3164 1002 In
3187 968 3265 1003 me
3279 929 3417 1020 sunt,
3441 954 3601 1024 Deus,

2019 1031 2399 1116 uota-tuaque:
2431 1028 2640 1084 reddam
2696 1033 3001 1090 laudationis
3043 1039 3131 1092 tibi
3181 1041 3348 1111 (Psal.
3372 1061 3456 1111 LV,
3495 1047 3604 1116 l2).

2023 1111 2356 1206 Etalioloco
2402 1136 2416 1172 :
2473 1118 2768 1178 Voluntaria
2804 1129 3099 1196 sacriﬁcabo
3147 1134 3236 1186 tibi
3280 1134 3448 1206 (Psal.
3493 1111 3603 1204 uit,

2022 1205 2098 1275 8).
2131 1205 2268 1273 Quid
2306 1220 2406 1274 est,
2447 1210 2742 1269 Voluntaria
2767 1221 3106 1289 sacriﬁcabo?
3143 1205 3446 1283 Voluntarie
3491 1229 3607 1284 lau-

2022 1297 2160 1354 dabo
2184 1309 2252 1354 te.
2275 1300 2428 1368 Quia,
2473 1304 2792 1376 Sacriﬁcium
2840 1313 3024 1379 laudis,
3069 1319 3257 1388 inquit,
3305 1322 3608 1390 gloriﬁcabit

2023 1410 2101 1446 me
2127 1394 2298 1463 (Psal.
2323 1399 2594 1472 xux,25).
2619 1401 2670 1456 Si
2711 1411 2978 1474 cogereris
3015 1411 3208 1468 oll‘erre
3255 1414 3482 1472 Domino
3517 1429 3607 1473 tuo

2023 1487 2342 1542 sacriﬁcium
2369 1500 2574 1558 gratum
2600 1493 2672 1548 illi
2703 1505 2756 1549 et
2776 1511 3072 1569 acceptum,
3095 1505 3230 1558 sicut
3257 1516 3411 1562 antea
3447 1525 3610 1566 vove-

2025 1579 2220 1634 bantur
2247 1583 2509 1638 sacrificia
2555 1585 2572 1616 ί
2610 1587 2663 1640 in
2703 1589 2886 1643 umbra
2927 1589 3261 1659 futurorum;
3333 1598 3468 1655 forte
3504 1618 3606 1658 non

2025 1672 2294 1729 invenires
2324 1675 2376 1729 in
2399 1691 2559 1747 grege
2583 1686 2672 1734 tuo
2699 1682 2946 1750 placitum
2979 1694 3182 1742 taurum
3201 1733 3215 1756 ,
3245 1700 3298 1746 et
3337 1693 3388 1746 in
3427 1697 3604 1764 capris

2026 1765 2231 1822 hircum
2261 1784 2369 1824 arae
2403 1769 2610 1826 Domini
2643 1773 2881 1844 dignum,
2915 1793 3013 1833 nec
3041 1779 3091 1832 in
3120 1782 3242 1837 ovili
3272 1793 3359 1838 tuo
3384 1788 3608 1842 arietem

2026 1861 2243 1931 dignum
2274 1865 2340 1919 ad
2369 1866 2637 1922 victimam
2685 1870 2912 1926 Domino
2950 1883 3070 1939 tuo;
3103 1885 3154 1929 et
3189 1893 3294 1931 non
3336 1881 3610 1936 inveniens

2027 1964 2295 2026 satageres
2329 1958 2454 2026 quid
2487 1958 2714 2025 faceres,
2763 1973 2816 2016 et
2855 1964 3062 2020 diceres
3094 1968 3229 2023 forte
3255 1970 3362 2025 Deo
3390 1987 3404 2023 :
3437 1973 3606 2039 Volui,

2027 2056 2211 2104 etnon
2239 2049 2416 2104 habui.
2446 2051 2708 2123 Numquid
2745 2064 2895 2124 potes
2924 2057 2990 2112 de
3009 2059 3164 2114 laude
3193 2061 3393 2130 dicere,
3425 2064 3612 2134 Volui,

2029 2150 2082 2196 et
2110 2157 2213 2198 non
2241 2143 2440 2198 habui?
2468 2144 2645 2214 Ipsum
2672 2148 2904 2204 voluisse
2927 2151 3171 2209 laudasse
3197 2166 3298 2211 est.
3332 2158 3445 2213 Non
3469 2161 3613 2216 enim

2029 2239 2192 2292 verba
2217 2255 2245 2292 a
2274 2247 2324 2293 te
2345 2241 2534 2308 quaerit
2563 2241 2698 2296 Deus
2719 2284 2734 2308 ,
2762 2245 2856 2298 sed
2882 2260 2995 2299 cor.
3026 2246 3259 2318 Denique
3285 2261 3438 2320 potes
3463 2254 3612 2310 dice«

2027 2347 2089 2387 re
2118 2335 2138 2364 ⁸
2173 2351 2185 2385 :
2220 2333 2285 2388 Et
2317 2334 2544 2405 linguam
2577 2352 2680 2391 non
2706 2337 2886 2392 habui.
2925 2340 2979 2394 Si
3013 2343 3132 2412 quis
3172 2344 3490 2403 obmutescit
3514 2349 3612 2405 alia

2030 2440 2133 2495 qua
2154 2425 2490 2491 valetudine,
2523 2428 2754 2496 linguam
2785 2445 2890 2485 non
2922 2431 3125 2500 habuit,
3175 2445 3230 2490 et
3276 2447 3450 2492 tamen
3504 2439 3619 2495 lau-

2029 2519 2151 2575 dem
2176 2519 2378 2575 habuit.
2413 2521 2470 2576 Si
2493 2522 2635 2577 enim
2666 2522 2805 2577 Deus
2840 2539 3000 2580 aures
3025 2528 3266 2582 carnales
3286 2527 3538 2596 haberet,
3563 2541 3618 2588 et

2031 2626 2165 2666 sono
2211 2612 2284 2666 tui
2329 2613 2573 2683 corporis
2608 2614 2906 2684 indigeret,
2960 2617 3079 2672 ideo
3107 2635 3226 2673 cum
3265 2624 3616 2681 remansisses

2031 2703 2147 2757 sine
2171 2703 2367 2774 lingua,
2393 2704 2510 2759 sine
2539 2705 2692 2760 laude
2730 2708 2891 2762 etiam
2920 2724 3231 2765 remaneres
3264 2731 3276 2766 :
3311 2730 3451 2769 nunc
3489 2731 3618 2771 vero

2032 2794 2152 2864 quia
2171 2809 2264 2849 cor
2288 2797 2498 2864 quzerit,
2530 2811 2624 2852 cor
2659 2798 2892 2867 inspicit,
2931 2800 3072 2856 intus
3100 2803 3250 2857 testis
3278 2813 3395 2869 est,
3417 2805 3578 2876 jndex
3601 2850 3615 2874 ,

2032 2887 2389 2957 approbator,
2422 2887 2635 2958 adjutor
2665 2889 2707 2955 ³,
2745 2900 3065 2958 coronator;
3103 2893 3305 2949 sufﬁcit
3331 2905 3389 2950 ut
3425 2898 3620 2956 oll‘eras

2031 2981 2380 3036 voluntatem.
2407 2980 2540 3037 Cum
2568 2992 2740 3052 potes,
2774 2998 2869 3038 ore
2905 2984 3177 3042 conﬁteris
3202 2985 3224 3017 ⁸
3246 2989 3312 3042 ad
3352 2989 3616 3057 salutem;

2033 3089 2155 3129 cum
2200 3084 2378 3129 autem
2431 3090 2536 3128 non
2594 3084 2765 3145 potes,
2819 3076 2982 3131 corde
3026 3079 3202 3134 credis
3242 3080 3308 3134 ad
3358 3081 3619 3149 justitiam

2035 3166 2208 3235 (Rom.
2247 3184 2301 3234 χ,
2346 3167 2437 3237 10)
2465 3187 2476 3221 :
2509 3167 2670 3223 corde
2698 3168 2900 3232 laudas,
2931 3170 3094 3225 corde
3127 3171 3417 3240 benedicis,
3458 3176 3621 3233 corde

2033 3257 2087 3312 in
2112 3273 2258 3312 aram
2289 3259 2635 3313 conscientiae
2667 3260 2910 3314 victimas
2945 3276 3128 3315 sacras
3152 3263 3414 3333 imponis;
3447 3275 3504 3320 et
3535 3282 3621 3322 re-

2033 3350 2329 3419 spondetur
2360 3350 2487 3415 tibi,
2518 3349 2636 3405 Pan:
2670 3351 2723 3404 in
2743 3359 2877 3405 terra
2898 3352 3184 3408 hominibus
3210 3354 3357 3411 bona
3386 3357 3620 3414 uolunta-

2035 3441 2098 3496 tis
2118 3440 2268 3512 (Luc.
2297 3457 2353 3505 ιι,
2381 3440 2492 3509 14).

2108 3531 2194 3586 i2.
2247 3531 2339 3586 ille
2369 3532 2528 3602 igitur
2564 3531 2708 3588 Deus
2743 3534 2832 3603 qui
2858 3535 3196 3606 omnipotens
3219 3547 3320 3606 est,
3347 3540 3401 3595 in
3426 3542 3550 3597 aeto
3573 3557 3622 3599 es

2033 3628 2086 3682 in
2113 3637 2246 3681 terra
2269 3627 2439 3681 omnia
2461 3643 2784 3698 quaecumque
2810 3628 2984 3696 voluit,
3002 3629 3156 3699 fecit;
3187 3640 3240 3687 tu
3269 3632 3321 3687 in
3351 3633 3509 3690 domo
3533 3645 3620 3692 tua

2035 3737 2140 3775 non
2171 3721 2297 3775 facis
2327 3721 2504 3774 omnia
2544 3737 2661 3790 quae
2702 3723 2782 3776 vis
2825 3740 2837 3776 :
2871 3722 2961 3777 ille
2988 3725 3040 3777 in
3068 3723 3192 3780 caelo
3217 3726 3336 3780 etin
3357 3736 3492 3782 terra
3514 3746 3624 3784 om-

2035 3815 2122 3868 nia
2149 3830 2472 3883 qucecnmque
2490 3813 2667 3877 voluit,
2696 3815 2850 3885 fecit;
2882 3822 2933 3868 tu
2957 3814 3038 3869 fac
3067 3816 3148 3870 vel
3171 3816 3223 3870 in
3245 3832 3373 3888 agro
3395 3827 3486 3875 tuo
3504 3835 3622 3876 om-

2036 3906 2120 3960 nia
2138 3921 2255 3975 qua}
2279 3906 2378 3959 vis.
2407 3905 2566 3958 Multa
2587 3905 2685 3970 vis,
2715 3914 2884 3959 etnon
2901 3915 3052 3975 potes
3073 3908 3126 3961 in
3147 3907 3308 3964 domo
3333 3919 3419 3966 tua
3445 3911 3622 3972 facere

2035 3996 2212 4050 omnia
2253 4011 2372 4065 qum
2411 3997 2490 4050 vis
2528 3996 2878 4050 :contradieit
2904 3996 3038 4052 forte
3064 4013 3217 4067 uxor,
3249 4004 3623 4062 contradicunt

2037 4086 2149 4152 ﬁlii,
2177 4085 2463 4156 aliquando
2491 4095 2544 4140 et
2570 4087 2815 4142 servulus
2845 4089 3173 4144 contumacia
3200 4093 3536 4164 contradicit,
3569 4106 3624 4153 et

2035 4196 2142 4235 non
2175 4179 2305 4234 facis
2333 4180 2473 4250 quod
2504 4180 2600 4233 vis.
2643 4178 2747 4235 Sed
2775 4179 2912 4234 facio
2943 4223 2958 4248 ,
3000 4181 3175 4252 inquis
3201 4225 3218 4251 ,
3268 4186 3410 4256 quod
3453 4190 3576 4244 volo
3603 4209 3620 4258 ;

2036 4271 2154 4341 quia
2186 4271 2237 4325 in
2266 4285 2370 4325 non
2416 4269 2697 4326 obedientc
2737 4285 2798 4324 ac
2827 4273 3224 4329 contradicente
3250 4277 3482 4335 vindico.
3514 4282 3624 4340 Nec

2039 4365 2140 4418 hoc
2170 4362 2298 4416 lacis
2317 4403 2332 4430 ,
2363 4377 2482 4416 cum
2511 4364 2591 4416 vis
2616 4380 2629 4416 :
2677 4362 2964 4431 aliquando
2993 4365 3265 4422 vindicare
3284 4370 3363 4422 vis
3387 4409 3402 4435 ,
3435 4379 3488 4424 et
3514 4388 3620 4428 non

2036 4464 2224 4528 potes;
2267 4453 2550 4524 aliquando
2593 4454 2833 4520 minaris,
2864 4463 2919 4510 et
2967 4465 3253 4528 antequam
3290 4460 3451 4517 facias
3481 4467 3623 4534 quod

2039 4548 2278 4614 minaris,
2307 4546 2562 4614 moreris,
2593 4547 2876 4614 Putamus,
2910 4547 2963 4601 in
2987 4549 3157 4618 teipso
3184 4551 3314 4606 lacis
3339 4554 3480 4624 quod
3511 4557 3626 4611 vis?

2039 4640 2217 4696 frenas
2242 4654 2428 4694 omnes
2451 4637 2766 4707 cupiditates
2788 4639 2945 4693 tuas?
2974 4639 3218 4696 Forsitan
3245 4643 3440 4711 frenas,
3465 4662 3624 4701 num"

2038 4731 2165 4802 quid
2191 4730 2361 4785 efﬁcis
2385 4739 2442 4784 ut
2467 4731 2595 4798 ipsa:
2621 4729 2940 4800 cupiditates
2969 4746 3076 4786 non
3099 4743 3336 4803 surgant,
3366 4751 3496 4804 quas
3523 4737 3626 4792 fre-
3653 4774 3660 4778 -

2040 4838 2137 4880 nas
2157 4827 2180 4879 ?
2199 4824 2353 4879 Certe
2375 4824 2517 4878 enim
2549 4822 2651 4877 hoc
2690 4823 2802 4888 vis,
2835 4837 2938 4878 non
2971 4823 3174 4878 titillari
3202 4825 3445 4879 molestia
3475 4811 3678 4896 θηρὶ-ι

2041 4917 2260 4970 ditatum
2292 4923 2536 4979 tuarum;
2577 4920 2631 4967 et
2681 4921 2860 4968 tamen
2899 4929 3018 4967 caro
3047 4915 3355 4984 concupiscit
3382 4915 3624 4972 adversus

2040 5008 2273 5078 spiritum
2302 5047 2316 5071 ,
2356 5014 2402 5059 et
2444 5005 2652 5074 spiritus
2677 5004 2914 5058 adversus
2941 5019 3168 5069 carnem,
3202 5015 3253 5057 ut
3287 5021 3388 5058 non
3411 5021 3471 5059 ea
3503 5023 3618 5078 quae

2041 5099 2211 5164 vultis,
2242 5097 2442 5168 faciatis
2472 5095 2666 5168 (Galat.
2695 5113 2748 5163 v,
2782 5097 2890 5161 17).
2950 5095 3027 5148 Tu
3057 5095 3108 5148 in
3141 5095 3310 5166 teipso
3344 5111 3448 5152 non
3489 5099 3622 5156 facis

2042 5189 2183 5260 quod
2223 5189 2338 5253 vis;
2370 5187 2506 5242 Deus
2530 5197 2696 5242 autem
2725 5195 2890 5240 noster
2912 5185 2963 5238 in
2989 5187 3113 5239 caelo
3142 5195 3188 5239 et
3217 5186 3269 5239 in
3296 5195 3431 5241 terra
3455 5191 3627 5246 omnia

2043 5299 2364 5355 quaecumque
2399 5281 2555 5335 voluit
2575 5323 2588 5347 ,
2623 5280 2757 5350 fecit.
2791 5279 2906 5348 lpse
2935 5266 3027 5330 tibi
3056 5276 3146 5332 det
3189 5277 3414 5347 gratiam
3442 5321 3458 5347 ,
3487 5289 3545 5335 ut
3571 5283 3625 5339 in

2045 5377 2215 5445 teipso
2242 5372 2403 5427 facias
2429 5370 2568 5442 quod
2599 5371 2713 5432 vis;
2746 5368 2845 5422 nisi
2873 5368 3014 5422 enim
3048 5368 3164 5438 ipso
3189 5368 3492 5438 adjuvantc,
3525 5389 3626 5432 nec

2044 5471 2098 5523 in
2125 5476 2178 5523 te
2207 5465 2336 5520 facis
2363 5463 2506 5534 quod
2534 5462 2633 5516 vis.
2665 5460 2872 5516 Etenim
2899 5475 3020 5514 cum
3069 5459 3157 5513 ille
3202 5473 3306 5514 non
3339 5459 3540 5519 faceret
3569 5463 3625 5521 in

2109 5603 2126 5634 ¹
2146 5600 2314 5651 Plures
2325 5604 2454 5656 Mss,
2472 5592 2734 5657 jubebatur
2756 5590 3066 5657 sacriﬁcium.

2109 5667 2129 5695 ³
2151 5665 2222 5712 sic
2245 5651 2595 5723 plerique'atss'.
2622 5663 2677 5705 At.
2709 5655 2854 5704 Edd.:
2887 5651 3046 5717 Neque
3083 5657 3233 5718 potest
3261 5651 3513 5718 quisquam
3544 5656 3626 5709 dt-

2044 5739 2341 5846 ωςελιίίιιιοι
2372 5791 2497 5839 Mss,
2521 5779 2728 5830 auditor.

2110 5849 2134 5882 ι
2154 5850 2225 5896 sic
2241 5839 2342 5895 λιιι.
2369 5851 2420 5894 et
2436 5851 2541 5892 Mss.
2562 5850 2618 5892 At
2636 5849 2708 5891 Er.
2731 5847 2783 5892 et
2801 5847 2931 5901 Lov.,
2955 5839 3178 5906 conﬁtere
3232 5849 3281 5891 et
3299 5843 3437 5904 infra,
3458 5841 3617 5894 crede.
