  <div class='ocr_page' id='page_1' title='image "/cluster/home/n/w/nwhite01/storage/ocr_20150623/37/hvd.32044015471477/367.png"; bbox 0 0 4074 6474; ppageno 0'>
   <div class='ocr_carea' id='block_1_1' title="bbox 453 395 586 450">
    <p class='ocr_par' dir='ltr' id='par_1_1' title="bbox 453 395 586 450">
     <span class='ocr_line' id='line_1_1' title="bbox 453 395 586 450; baseline -0.03 0"><span class='ocrx_word' id='word_1_1' title='bbox 453 395 586 450; x_wconf 70' lang='grc'><strong><em>1747</em></strong></span> 
     </span>
    </p>
   </div>
   <div class='ocr_carea' id='block_1_2' title="bbox 453 490 2036 578">
    <p class='ocr_par' dir='ltr' id='par_1_2' title="bbox 453 490 2036 578">
     <span class='ocr_line' id='line_1_2' title="bbox 453 490 2036 578; baseline -0.013 -14"><span class='ocrx_word' id='word_1_2' title='bbox 453 526 512 564; x_wconf 88' lang='lat' dir='ltr'><strong><em>sc</em></strong></span> <span class='ocrx_word' id='word_1_3' title='bbox 535 505 676 578; x_wconf 85' lang='lat' dir='ltr'><strong><em>quod</em></strong></span> <span class='ocrx_word' id='word_1_4' title='bbox 705 504 881 568; x_wconf 78' lang='lat' dir='ltr'><strong><em>vellet,</em></strong></span> <span class='ocrx_word' id='word_1_5' title='bbox 913 503 997 573; x_wconf 89' lang='lat' dir='ltr'><strong><em>qui</em></strong></span> <span class='ocrx_word' id='word_1_6' title='bbox 1029 497 1266 566; x_wconf 86' lang='lat' dir='ltr'><strong><em>ait,Caro</em></strong></span> <span class='ocrx_word' id='word_1_7' title='bbox 1292 494 1597 566; x_wconf 72' lang='lat' dir='ltr'><strong><em>concupiscit</em></strong></span> <span class='ocrx_word' id='word_1_8' title='bbox 1624 493 1862 547; x_wconf 86' lang='lat' dir='ltr'><strong><em>adversus</em></strong></span> <span class='ocrx_word' id='word_1_9' title='bbox 1884 490 2036 562; x_wconf 85' lang='lat' dir='ltr'><strong><em>spiri—</em></strong></span> 
     </span>
    </p>
   </div>
   <div class='ocr_carea' id='block_1_3' title="bbox 455 579 2043 672">
    <p class='ocr_par' dir='ltr' id='par_1_3' title="bbox 455 579 2043 672">
     <span class='ocr_line' id='line_1_3' title="bbox 455 579 2043 672; baseline -0.012 -16"><span class='ocrx_word' id='word_1_10' title='bbox 455 612 559 656; x_wconf 92' lang='lat' dir='ltr'><strong><em>tum</em></strong></span> <span class='ocrx_word' id='word_1_11' title='bbox 580 643 592 665; x_wconf 90' lang='lat'><strong><em>,</em></strong></span> <span class='ocrx_word' id='word_1_12' title='bbox 620 601 827 672; x_wconf 75' lang='lat' dir='ltr'><strong><em>spiritus</em></strong></span> <span class='ocrx_word' id='word_1_13' title='bbox 869 608 1033 650; x_wconf 90' lang='lat' dir='ltr'><strong><em>autem</em></strong></span> <span class='ocrx_word' id='word_1_14' title='bbox 1080 593 1317 647; x_wconf 86' lang='lat' dir='ltr'><strong><em>adversus</em></strong></span> <span class='ocrx_word' id='word_1_15' title='bbox 1350 606 1584 654; x_wconf 86' lang='lat' dir='ltr'><strong><em>carnem,</em></strong></span> <span class='ocrx_word' id='word_1_16' title='bbox 1619 579 1676 641; x_wconf 79' lang='lat' dir='ltr'><strong><em>ut</em></strong></span> <span class='ocrx_word' id='word_1_17' title='bbox 1707 603 1810 641; x_wconf 89' lang='lat' dir='ltr'><strong><em>non</em></strong></span> <span class='ocrx_word' id='word_1_18' title='bbox 1847 602 1904 639; x_wconf 87' lang='lat' dir='ltr'><strong><em>ea</em></strong></span> <span class='ocrx_word' id='word_1_19' title='bbox 1931 600 2043 656; x_wconf 67' lang='lat' dir='ltr'><strong><em>quis</em></strong></span> 
     </span>
    </p>
   </div>
   <div class='ocr_carea' id='block_1_4' title="bbox 455 675 2041 763">
    <p class='ocr_par' dir='ltr' id='par_1_4' title="bbox 455 675 2041 763">
     <span class='ocr_line' id='line_1_4' title="bbox 455 675 2041 763; baseline -0.011 -16"><span class='ocrx_word' id='word_1_20' title='bbox 455 693 628 756; x_wconf 83' lang='lat' dir='ltr'><strong><em>vultis,</em></strong></span> <span class='ocrx_word' id='word_1_21' title='bbox 658 689 896 763; x_wconf 78' lang='lat' dir='ltr'><strong><em>faciatis;</em></strong></span> <span class='ocrx_word' id='word_1_22' title='bbox 923 701 1042 741; x_wconf 92' lang='lat' dir='ltr'><strong><em>cum</em></strong></span> <span class='ocrx_word' id='word_1_23' title='bbox 1072 684 1140 739; x_wconf 90' lang='lat' dir='ltr'><strong><em>de</em></strong></span> <span class='ocrx_word' id='word_1_24' title='bbox 1170 699 1227 738; x_wconf 89' lang='lat' dir='ltr'><strong><em>se</em></strong></span> <span class='ocrx_word' id='word_1_25' title='bbox 1257 683 1371 752; x_wconf 90' lang='lat' dir='ltr'><strong><em>ipse</em></strong></span> <span class='ocrx_word' id='word_1_26' title='bbox 1397 689 1655 752; x_wconf 81' lang='lat' dir='ltr'><strong><em>gemeret,</em></strong></span> <span class='ocrx_word' id='word_1_27' title='bbox 1685 679 1889 740; x_wconf 79' lang='lat' dir='ltr'><strong><em>dicens,</em></strong></span> <span class='ocrx_word' id='word_1_28' title='bbox 1914 675 2041 731; x_wconf 88' lang='lat' dir='ltr'><strong><em>Con-</em></strong></span> 
     </span>
    </p>
   </div>
   <div class='ocr_carea' id='block_1_5' title="bbox 461 767 2044 853">
    <p class='ocr_par' dir='ltr' id='par_1_5' title="bbox 461 767 2044 853">
     <span class='ocr_line' id='line_1_5' title="bbox 461 767 2044 853; baseline -0.011 -15"><span class='ocrx_word' id='word_1_29' title='bbox 461 785 679 839; x_wconf 88' lang='lat' dir='ltr'><strong><em>delector</em></strong></span> <span class='ocrx_word' id='word_1_30' title='bbox 704 781 803 853; x_wconf 83' lang='lat' dir='ltr'><strong><em>legi</em></strong></span> <span class='ocrx_word' id='word_1_31' title='bbox 832 779 927 834; x_wconf 87' lang='lat' dir='ltr'><strong><em>Dei</em></strong></span> <span class='ocrx_word' id='word_1_32' title='bbox 954 778 1225 832; x_wconf 88' lang='lat' dir='ltr'><strong><em>secundum</em></strong></span> <span class='ocrx_word' id='word_1_33' title='bbox 1258 775 1542 829; x_wconf 78' lang='lat' dir='ltr'><strong><em>interiorem</em></strong></span> <span class='ocrx_word' id='word_1_34' title='bbox 1583 772 1870 834; x_wconf 84' lang='lat' dir='ltr'><strong><em>hominem;</em></strong></span> <span class='ocrx_word' id='word_1_35' title='bbox 1902 767 2044 822; x_wconf 84' lang='lat' dir='ltr'><strong><em>video</em></strong></span> 
     </span>
    </p>
   </div>
   <div class='ocr_carea' id='block_1_6' title="bbox 459 860 2045 941">
    <p class='ocr_par' dir='ltr' id='par_1_6' title="bbox 459 860 2045 941">
     <span class='ocr_line' id='line_1_6' title="bbox 459 860 2045 941; baseline -0.011 -12"><span class='ocrx_word' id='word_1_36' title='bbox 459 886 625 930; x_wconf 88' lang='lat' dir='ltr'><strong><em>autem</em></strong></span> <span class='ocrx_word' id='word_1_37' title='bbox 665 873 821 926; x_wconf 89' lang='lat' dir='ltr'><strong><em>aliam</em></strong></span> <span class='ocrx_word' id='word_1_38' title='bbox 859 870 1017 941; x_wconf 80' lang='lat' dir='ltr'><strong><em>legem</em></strong></span> <span class='ocrx_word' id='word_1_39' title='bbox 1045 870 1097 922; x_wconf 88' lang='lat' dir='ltr'><strong><em>in</em></strong></span> <span class='ocrx_word' id='word_1_40' title='bbox 1136 866 1366 920; x_wconf 86' lang='lat' dir='ltr'><strong><em>membris</em></strong></span> <span class='ocrx_word' id='word_1_41' title='bbox 1406 865 1527 918; x_wconf 81' lang='lat' dir='ltr'><strong><em>meis</em></strong></span> <span class='ocrx_word' id='word_1_42' title='bbox 1563 872 1923 934; x_wconf 83' lang='lat' dir='ltr'><strong><em>repugnantem</em></strong></span> <span class='ocrx_word' id='word_1_43' title='bbox 1949 860 2045 930; x_wconf 89' lang='lat' dir='ltr'><strong><em>legi</em></strong></span> 
     </span>
    </p>
   </div>
   <div class='ocr_carea' id='block_1_7' title="bbox 456 953 2041 1034">
    <p class='ocr_par' dir='ltr' id='par_1_7' title="bbox 456 953 2041 1034">
     <span class='ocr_line' id='line_1_7' title="bbox 456 953 2041 1034; baseline -0.011 -14"><span class='ocrx_word' id='word_1_44' title='bbox 456 967 636 1022; x_wconf 89' lang='lat' dir='ltr'><strong><em>mentis</em></strong></span> <span class='ocrx_word' id='word_1_45' title='bbox 659 979 784 1018; x_wconf 77' lang='lat' dir='ltr'><strong><em>mea:</em></strong></span> <span class='ocrx_word' id='word_1_46' title='bbox 802 1005 818 1033; x_wconf 84' lang='lat'><strong><em>,</em></strong></span> <span class='ocrx_word' id='word_1_47' title='bbox 855 971 901 1016; x_wconf 88' lang='lat' dir='ltr'><strong><em>et</em></strong></span> <span class='ocrx_word' id='word_1_48' title='bbox 929 962 1179 1034; x_wconf 87' lang='lat' dir='ltr'><strong><em>captivum</em></strong></span> <span class='ocrx_word' id='word_1_49' title='bbox 1214 975 1291 1012; x_wconf 76' lang='lat' dir='ltr'><strong><em>ine</em></strong></span> <span class='ocrx_word' id='word_1_50' title='bbox 1318 957 1576 1010; x_wconf 80' lang='lat' dir='ltr'><strong><em>ducentem</em></strong></span> <span class='ocrx_word' id='word_1_51' title='bbox 1603 957 1654 1008; x_wconf 86' lang='lat' dir='ltr'><strong><em>in</em></strong></span> <span class='ocrx_word' id='word_1_52' title='bbox 1687 955 1791 1024; x_wconf 86' lang='lat' dir='ltr'><strong><em>lege</em></strong></span> <span class='ocrx_word' id='word_1_53' title='bbox 1817 953 2004 1024; x_wconf 82' lang='lat' dir='ltr'><strong><em>peccati</em></strong></span> <span class='ocrx_word' id='word_1_54' title='bbox 2027 995 2041 1018; x_wconf 86' lang='lat'><strong><em>,</em></strong></span> 
     </span>
    </p>
   </div>
   <div class='ocr_carea' id='block_1_8' title="bbox 455 1046 2042 1130">
    <p class='ocr_par' dir='ltr' id='par_1_8' title="bbox 455 1046 2042 1130">
     <span class='ocr_line' id='line_1_8' title="bbox 455 1046 2042 1130; baseline -0.013 -15"><span class='ocrx_word' id='word_1_55' title='bbox 455 1075 569 1130; x_wconf 73' lang='lat' dir='ltr'><strong><em>quae</em></strong></span> <span class='ocrx_word' id='word_1_56' title='bbox 587 1059 729 1114; x_wconf 90' lang='lat' dir='ltr'><strong><em>estin</em></strong></span> <span class='ocrx_word' id='word_1_57' title='bbox 746 1055 978 1110; x_wconf 80' lang='lat' dir='ltr'><strong><em>membris</em></strong></span> <span class='ocrx_word' id='word_1_58' title='bbox 1006 1053 1164 1107; x_wconf 84' lang='lat' dir='ltr'><strong><em>meis:</em></strong></span> <span class='ocrx_word' id='word_1_59' title='bbox 1191 1051 1310 1122; x_wconf 84' lang='lat' dir='ltr'><strong><em>quia</em></strong></span> <span class='ocrx_word' id='word_1_60' title='bbox 1335 1065 1439 1104; x_wconf 92' lang='lat' dir='ltr'><strong><em>non</em></strong></span> <span class='ocrx_word' id='word_1_61' title='bbox 1468 1049 1640 1104; x_wconf 81' lang='lat' dir='ltr'><strong><em>Solum</em></strong></span> <span class='ocrx_word' id='word_1_62' title='bbox 1671 1047 1721 1100; x_wconf 88' lang='lat' dir='ltr'><strong><em>in</em></strong></span> <span class='ocrx_word' id='word_1_63' title='bbox 1751 1046 1908 1101; x_wconf 88' lang='lat' dir='ltr'><strong><em>domo</em></strong></span> <span class='ocrx_word' id='word_1_64' title='bbox 1929 1059 2042 1111; x_wconf 80' lang='lat' dir='ltr'><strong><em>sua,</em></strong></span> 
     </span>
    </p>
   </div>
   <div class='ocr_carea' id='block_1_9' title="bbox 456 1131 2114 1220">
    <p class='ocr_par' dir='ltr' id='par_1_9' title="bbox 456 1131 2114 1220">
     <span class='ocr_line' id='line_1_9' title="bbox 456 1131 2114 1220; baseline -0.01 -12"><span class='ocrx_word' id='word_1_65' title='bbox 456 1168 556 1209; x_wconf 86' lang='lat' dir='ltr'><strong><em>nec</em></strong></span> <span class='ocrx_word' id='word_1_66' title='bbox 585 1152 756 1208; x_wconf 90' lang='lat' dir='ltr'><strong><em>solum</em></strong></span> <span class='ocrx_word' id='word_1_67' title='bbox 786 1151 839 1206; x_wconf 90' lang='lat' dir='ltr'><strong><em>iu</em></strong></span> <span class='ocrx_word' id='word_1_68' title='bbox 868 1163 994 1220; x_wconf 90' lang='lat' dir='ltr'><strong><em>agro</em></strong></span> <span class='ocrx_word' id='word_1_69' title='bbox 1024 1163 1140 1209; x_wconf 88' lang='lat' dir='ltr'><strong><em>suo,</em></strong></span> <span class='ocrx_word' id='word_1_70' title='bbox 1165 1145 1260 1200; x_wconf 92' lang='lat' dir='ltr'><strong><em>sed</em></strong></span> <span class='ocrx_word' id='word_1_71' title='bbox 1299 1144 1348 1197; x_wconf 90' lang='lat' dir='ltr'><strong><em>in</em></strong></span> <span class='ocrx_word' id='word_1_72' title='bbox 1381 1158 1544 1198; x_wconf 89' lang='lat' dir='ltr'><strong><em>carne</em></strong></span> <span class='ocrx_word' id='word_1_73' title='bbox 1575 1157 1666 1196; x_wconf 88' lang='lat' dir='ltr'><strong><em>sua</em></strong></span> <span class='ocrx_word' id='word_1_74' title='bbox 1699 1141 1780 1193; x_wconf 86' lang='lat' dir='ltr'><strong><em>vel</em></strong></span> <span class='ocrx_word' id='word_1_75' title='bbox 1808 1141 1857 1192; x_wconf 91' lang='lat' dir='ltr'><strong><em>in</em></strong></span> <span class='ocrx_word' id='word_1_76' title='bbox 1888 1131 2062 1208; x_wconf 40' lang='lat' dir='ltr'><strong><em>spiri-&#39;</em></strong></span> <span class='ocrx_word' id='word_1_77' title='bbox 2099 1185 2114 1196; x_wconf 80' lang='lat'><strong><em>,</em></strong></span> 
     </span>
    </p>
   </div>
   <div class='ocr_carea' id='block_1_10' title="bbox 457 1233 2043 1311">
    <p class='ocr_par' dir='ltr' id='par_1_10' title="bbox 457 1233 2043 1311">
     <span class='ocr_line' id='line_1_10' title="bbox 457 1233 2043 1311; baseline -0.011 -11"><span class='ocrx_word' id='word_1_78' title='bbox 457 1254 514 1300; x_wconf 90' lang='lat' dir='ltr'><strong><em>tu</em></strong></span> <span class='ocrx_word' id='word_1_79' title='bbox 564 1259 661 1300; x_wconf 84' lang='lat' dir='ltr'><strong><em>suo</em></strong></span> <span class='ocrx_word' id='word_1_80' title='bbox 689 1259 795 1298; x_wconf 89' lang='lat' dir='ltr'><strong><em>non</em></strong></span> <span class='ocrx_word' id='word_1_81' title='bbox 821 1241 1062 1310; x_wconf 90' lang='lat' dir='ltr'><strong><em>implevit</em></strong></span> <span class='ocrx_word' id='word_1_82' title='bbox 1091 1255 1210 1311; x_wconf 76' lang='lat' dir='ltr'><strong><em>qua:</em></strong></span> <span class='ocrx_word' id='word_1_83' title='bbox 1236 1236 1466 1302; x_wconf 88' lang='lat' dir='ltr'><strong><em>volebat,</em></strong></span> <span class='ocrx_word' id='word_1_84' title='bbox 1499 1234 1741 1288; x_wconf 89' lang='lat' dir='ltr'><strong><em>clamavit</em></strong></span> <span class='ocrx_word' id='word_1_85' title='bbox 1768 1233 1830 1286; x_wconf 83' lang='lat' dir='ltr'><strong><em>ad</em></strong></span> <span class='ocrx_word' id='word_1_86' title='bbox 1857 1233 2043 1296; x_wconf 87' lang='lat' dir='ltr'><strong><em>Deum,</em></strong></span> 
     </span>
    </p>
   </div>
   <div class='ocr_carea' id='block_1_11' title="bbox 457 1327 2047 1409">
    <p class='ocr_par' dir='ltr' id='par_1_11' title="bbox 457 1327 2047 1409">
     <span class='ocr_line' id='line_1_11' title="bbox 457 1327 2047 1409; baseline -0.011 -15"><span class='ocrx_word' id='word_1_87' title='bbox 457 1340 546 1409; x_wconf 85' lang='lat' dir='ltr'><strong><em>qui</em></strong></span> <span class='ocrx_word' id='word_1_88' title='bbox 578 1338 745 1391; x_wconf 88' lang='lat' dir='ltr'><strong><em>omnia</em></strong></span> <span class='ocrx_word' id='word_1_89' title='bbox 776 1350 1098 1406; x_wconf 64' lang='lat' dir='ltr'><strong><em>quaecumque</em></strong></span> <span class='ocrx_word' id='word_1_90' title='bbox 1123 1332 1277 1386; x_wconf 88' lang='lat' dir='ltr'><strong><em>voluit</em></strong></span> <span class='ocrx_word' id='word_1_91' title='bbox 1304 1373 1317 1395; x_wconf 91' lang='lat'><strong><em>,</em></strong></span> <span class='ocrx_word' id='word_1_92' title='bbox 1349 1330 1464 1400; x_wconf 84' lang='lat' dir='ltr'><strong><em>fecit</em></strong></span> <span class='ocrx_word' id='word_1_93' title='bbox 1492 1330 1543 1381; x_wconf 89' lang='lat' dir='ltr'><strong><em>in</em></strong></span> <span class='ocrx_word' id='word_1_94' title='bbox 1572 1329 1694 1382; x_wconf 75' lang='lat' dir='ltr'><strong><em>caelo</em></strong></span> <span class='ocrx_word' id='word_1_95' title='bbox 1722 1335 1767 1379; x_wconf 85' lang='lat' dir='ltr'><strong><em>et</em></strong></span> <span class='ocrx_word' id='word_1_96' title='bbox 1797 1327 1848 1380; x_wconf 91' lang='lat' dir='ltr'><strong><em>in</em></strong></span> <span class='ocrx_word' id='word_1_97' title='bbox 1876 1337 2047 1390; x_wconf 74' lang='lat' dir='ltr'><strong><em>terra;</em></strong></span> 
     </span>
    </p>
   </div>
   <div class='ocr_carea' id='block_1_12' title="bbox 373 1408 2051 1504">
    <p class='ocr_par' dir='ltr' id='par_1_12' title="bbox 373 1408 2051 1504">
     <span class='ocr_line' id='line_1_12' title="bbox 373 1408 2051 1504; baseline -0.008 -22"><span class='ocrx_word' id='word_1_98' title='bbox 458 1408 511 1486; x_wconf 85' lang='lat' dir='ltr'><strong><em>et</em></strong></span> <span class='ocrx_word' id='word_1_99' title='bbox 536 1429 706 1493; x_wconf 85' lang='lat' dir='ltr'><strong><em>dixit,</em></strong></span> <span class='ocrx_word' id='word_1_100' title='bbox 741 1425 934 1500; x_wconf 69' lang='lat' dir='ltr'><strong><em>Infelix</em></strong></span> <span class='ocrx_word' id='word_1_101' title='bbox 965 1441 1054 1494; x_wconf 86' lang='lat' dir='ltr'><strong><em>ego</em></strong></span> <span class='ocrx_word' id='word_1_102' title='bbox 1076 1425 1245 1485; x_wconf 90' lang='lat' dir='ltr'><strong><em>homo,</em></strong></span> <span class='ocrx_word' id='word_1_103' title='bbox 1272 1423 1382 1492; x_wconf 85' lang='lat' dir='ltr'><strong><em>quis</em></strong></span> <span class='ocrx_word' id='word_1_104' title='bbox 1407 1437 1483 1474; x_wconf 90' lang='lat' dir='ltr'><strong><em>me</em></strong></span> <span class='ocrx_word' id='word_1_105' title='bbox 1502 1419 1726 1473; x_wconf 82' lang='lat' dir='ltr'><strong><em>liberabit</em></strong></span> <span class='ocrx_word' id='word_1_106' title='bbox 1753 1418 1814 1471; x_wconf 88' lang='lat' dir='ltr'><strong><em>de</em></strong></span> <span class='ocrx_word' id='word_1_107' title='bbox 1840 1431 2051 1485; x_wconf 85' lang='lat' dir='ltr'><strong><em>corpore</em></strong></span> 
     </span>
    </p>
   </div>
   <div class='ocr_carea' id='block_1_13' title="bbox 381 1510 2045 1591">
    <p class='ocr_par' dir='ltr' id='par_1_13' title="bbox 381 1510 2045 1591">
     <span class='ocr_line' id='line_1_13' title="bbox 381 1510 2045 1591; baseline -0.008 -16"><span class='ocrx_word' id='word_1_108' title='bbox 457 1522 630 1574; x_wconf 88' lang='lat' dir='ltr'><strong><em>mortis</em></strong></span> <span class='ocrx_word' id='word_1_109' title='bbox 659 1517 848 1591; x_wconf 78' lang='lat' dir='ltr'><strong><em>hujus?</em></strong></span> <span class='ocrx_word' id='word_1_110' title='bbox 872 1527 927 1572; x_wconf 89' lang='lat' dir='ltr'><strong><em>et</em></strong></span> <span class='ocrx_word' id='word_1_111' title='bbox 956 1516 1044 1571; x_wconf 85' lang='lat' dir='ltr'><strong><em>ille</em></strong></span> <span class='ocrx_word' id='word_1_112' title='bbox 1082 1516 1250 1569; x_wconf 88' lang='lat' dir='ltr'><strong><em>bonus</em></strong></span> <span class='ocrx_word' id='word_1_113' title='bbox 1275 1523 1328 1568; x_wconf 86' lang='lat' dir='ltr'><strong><em>et</em></strong></span> <span class='ocrx_word' id='word_1_114' title='bbox 1354 1514 1439 1567; x_wconf 90' lang='lat' dir='ltr'><strong><em>ille</em></strong></span> <span class='ocrx_word' id='word_1_115' title='bbox 1483 1513 1658 1565; x_wconf 84' lang='lat' dir='ltr'><strong><em>suavis</em></strong></span> <span class='ocrx_word' id='word_1_116' title='bbox 1681 1521 1926 1582; x_wconf 89' lang='lat' dir='ltr'><strong><em>tanquam</em></strong></span> <span class='ocrx_word' id='word_1_117' title='bbox 1961 1525 2045 1562; x_wconf 78' lang='lat' dir='ltr'><strong><em>re-</em></strong></span> 
     </span>
    </p>
   </div>
   <div class='ocr_carea' id='block_1_14' title="bbox 383 1601 2050 1681">
    <p class='ocr_par' dir='ltr' id='par_1_14' title="bbox 383 1601 2050 1681">
     <span class='ocr_line' id='line_1_14' title="bbox 383 1601 2050 1681; baseline -0.007 -15"><span class='ocrx_word' id='word_1_118' title='bbox 383 1603 390 1609; x_wconf 53' lang='grc'>”</span> <span class='ocrx_word' id='word_1_119' title='bbox 458 1611 746 1681; x_wconf 82' lang='lat' dir='ltr'><strong><em>Sponderet</em></strong></span> <span class='ocrx_word' id='word_1_120' title='bbox 776 1609 844 1673; x_wconf 89' lang='lat' dir='ltr'><strong><em>ci,</em></strong></span> <span class='ocrx_word' id='word_1_121' title='bbox 874 1607 1127 1662; x_wconf 88' lang='lat' dir='ltr'><strong><em>continuo</em></strong></span> <span class='ocrx_word' id='word_1_122' title='bbox 1155 1606 1413 1674; x_wconf 88' lang='lat' dir='ltr'><strong><em>subjecit,</em></strong></span> <span class='ocrx_word' id='word_1_123' title='bbox 1440 1601 1614 1657; x_wconf 79' lang='lat' dir='ltr'><strong><em>Gratia</em></strong></span> <span class='ocrx_word' id='word_1_124' title='bbox 1642 1602 1735 1656; x_wconf 81' lang='lat' dir='ltr'><strong><em>Dei</em></strong></span> <span class='ocrx_word' id='word_1_125' title='bbox 1765 1620 1851 1673; x_wconf 84' lang='lat' dir='ltr'><strong><em>per</em></strong></span> <span class='ocrx_word' id='word_1_126' title='bbox 1873 1601 2050 1655; x_wconf 79' lang='lat' dir='ltr'><strong><em>Iesum</em></strong></span> 
     </span>
    </p>
   </div>
   <div class='ocr_carea' id='block_1_15' title="bbox 460 1697 2050 1768">
    <p class='ocr_par' dir='ltr' id='par_1_15' title="bbox 460 1697 2050 1768">
     <span class='ocr_line' id='line_1_15' title="bbox 460 1697 2050 1768; baseline -0.006 -9"><span class='ocrx_word' id='word_1_127' title='bbox 460 1704 712 1759; x_wconf 84' lang='lat' dir='ltr'><strong><em>Christum</em></strong></span> <span class='ocrx_word' id='word_1_128' title='bbox 727 1702 999 1758; x_wconf 90' lang='lat' dir='ltr'><strong><em>Dominum</em></strong></span> <span class='ocrx_word' id='word_1_129' title='bbox 1012 1709 1235 1754; x_wconf 83' lang='lat' dir='ltr'><strong><em>nostrum</em></strong></span> <span class='ocrx_word' id='word_1_130' title='bbox 1255 1700 1271 1768; x_wconf 96' lang='lat'>(</span> <span class='ocrx_word' id='word_1_131' title='bbox 1281 1697 1424 1752; x_wconf 82' lang='lat' dir='ltr'><strong><em>Rom.</em></strong></span> <span class='ocrx_word' id='word_1_132' title='bbox 1442 1697 1606 1763; x_wconf 60' lang='lat'><strong><em>“1,22</em></strong></span> <span class='ocrx_word' id='word_1_133' title='bbox 1639 1697 1747 1766; x_wconf 73' lang='lat'><strong><em>25).</em></strong></span> <span class='ocrx_word' id='word_1_134' title='bbox 1769 1697 1910 1750; x_wconf 81' lang='lat' dir='ltr'><strong><em>l-lanc</em></strong></span> <span class='ocrx_word' id='word_1_135' title='bbox 1923 1711 2050 1766; x_wconf 85' lang='lat' dir='ltr'><strong><em>ergo</em></strong></span> 
     </span>
    </p>
   </div>
   <div class='ocr_carea' id='block_1_16' title="bbox 459 1789 2051 1861">
    <p class='ocr_par' dir='ltr' id='par_1_16' title="bbox 459 1789 2051 1861">
     <span class='ocr_line' id='line_1_16' title="bbox 459 1789 2051 1861; baseline -0.006 -8"><span class='ocrx_word' id='word_1_136' title='bbox 459 1800 769 1853; x_wconf 79' lang='lat' dir='ltr'><strong><em>suavitatem</em></strong></span> <span class='ocrx_word' id='word_1_137' title='bbox 799 1806 994 1861; x_wconf 87' lang='lat' dir='ltr'><strong><em>amate,</em></strong></span> <span class='ocrx_word' id='word_1_138' title='bbox 1024 1794 1162 1848; x_wconf 88' lang='lat' dir='ltr'><strong><em>hanc</em></strong></span> <span class='ocrx_word' id='word_1_139' title='bbox 1184 1794 1492 1846; x_wconf 85' lang='lat' dir='ltr'><strong><em>suavitatem</em></strong></span> <span class='ocrx_word' id='word_1_140' title='bbox 1523 1790 1747 1844; x_wconf 85' lang='lat' dir='ltr'><strong><em>laudate.</em></strong></span> <span class='ocrx_word' id='word_1_141' title='bbox 1775 1789 2051 1858; x_wconf 82' lang='lat' dir='ltr'><strong><em>intelligite</em></strong></span> 
     </span>
    </p>
   </div>
   <div class='ocr_carea' id='block_1_17' title="bbox 463 1884 2050 1959">
    <p class='ocr_par' dir='ltr' id='par_1_17' title="bbox 463 1884 2050 1959">
     <span class='ocr_line' id='line_1_17' title="bbox 463 1884 2050 1959; baseline -0.005 -16"><span class='ocrx_word' id='word_1_142' title='bbox 463 1891 628 1944; x_wconf 88' lang='lat' dir='ltr'><strong><em>Deum</em></strong></span> <span class='ocrx_word' id='word_1_143' title='bbox 657 1889 744 1959; x_wconf 87' lang='lat' dir='ltr'><strong><em>qui</em></strong></span> <span class='ocrx_word' id='word_1_144' title='bbox 781 1889 950 1942; x_wconf 87' lang='lat' dir='ltr'><strong><em>omnia</em></strong></span> <span class='ocrx_word' id='word_1_145' title='bbox 983 1903 1304 1959; x_wconf 78' lang='lat' dir='ltr'><strong><em>quwcumque</em></strong></span> <span class='ocrx_word' id='word_1_146' title='bbox 1331 1884 1486 1937; x_wconf 83' lang='lat' dir='ltr'><strong><em>voluit</em></strong></span> <span class='ocrx_word' id='word_1_147' title='bbox 1507 1927 1521 1950; x_wconf 94' lang='lat'><strong><em>,</em></strong></span> <span class='ocrx_word' id='word_1_148' title='bbox 1562 1884 1675 1956; x_wconf 80' lang='lat' dir='ltr'><strong><em>fecit</em></strong></span> <span class='ocrx_word' id='word_1_149' title='bbox 1705 1885 1755 1936; x_wconf 89' lang='lat' dir='ltr'><strong><em>in</em></strong></span> <span class='ocrx_word' id='word_1_150' title='bbox 1778 1884 1898 1936; x_wconf 75' lang='lat' dir='ltr'><strong><em>caelo</em></strong></span> <span class='ocrx_word' id='word_1_151' title='bbox 1927 1892 1972 1936; x_wconf 90' lang='lat' dir='ltr'><strong><em>et</em></strong></span> <span class='ocrx_word' id='word_1_152' title='bbox 1998 1884 2050 1935; x_wconf 89' lang='lat' dir='ltr'><strong><em>in</em></strong></span> 
     </span>
    </p>
   </div>
   <div class='ocr_carea' id='block_1_18' title="bbox 463 1974 2048 2052">
    <p class='ocr_par' dir='ltr' id='par_1_18' title="bbox 463 1974 2048 2052">
     <span class='ocr_line' id='line_1_18' title="bbox 463 1974 2048 2052; baseline -0.005 -16"><span class='ocrx_word' id='word_1_153' title='bbox 463 1994 632 2045; x_wconf 89' lang='lat' dir='ltr'><strong><em>terra;</em></strong></span> <span class='ocrx_word' id='word_1_154' title='bbox 666 1984 778 2052; x_wconf 89' lang='lat' dir='ltr'><strong><em>ipse</em></strong></span> <span class='ocrx_word' id='word_1_155' title='bbox 815 1992 869 2037; x_wconf 89' lang='lat' dir='ltr'><strong><em>et</em></strong></span> <span class='ocrx_word' id='word_1_156' title='bbox 913 1982 962 2036; x_wconf 90' lang='lat' dir='ltr'><strong><em>in</em></strong></span> <span class='ocrx_word' id='word_1_157' title='bbox 996 1980 1146 2034; x_wconf 82' lang='lat' dir='ltr'><strong><em>vobis</em></strong></span> <span class='ocrx_word' id='word_1_158' title='bbox 1194 1979 1349 2033; x_wconf 71' lang='lat' dir='ltr'><strong><em>faciet</em></strong></span> <span class='ocrx_word' id='word_1_159' title='bbox 1377 1977 1514 2047; x_wconf 87' lang='lat' dir='ltr'><strong><em>quod</em></strong></span> <span class='ocrx_word' id='word_1_160' title='bbox 1544 1977 1729 2042; x_wconf 85' lang='lat' dir='ltr'><strong><em>vultis,</em></strong></span> <span class='ocrx_word' id='word_1_161' title='bbox 1762 1977 1874 2045; x_wconf 89' lang='lat' dir='ltr'><strong><em>ipso</em></strong></span> <span class='ocrx_word' id='word_1_162' title='bbox 1901 1974 2048 2044; x_wconf 87' lang='lat' dir='ltr'><strong><em>adju-</em></strong></span> 
     </span>
    </p>
   </div>
   <div class='ocr_carea' id='block_1_19' title="bbox 463 2063 2048 2138">
    <p class='ocr_par' dir='ltr' id='par_1_19' title="bbox 463 2063 2048 2138">
     <span class='ocr_line' id='line_1_19' title="bbox 463 2063 2048 2138; baseline -0.004 -12"><span class='ocrx_word' id='word_1_163' title='bbox 463 2085 617 2128; x_wconf 90' lang='lat' dir='ltr'><strong><em>vante</em></strong></span> <span class='ocrx_word' id='word_1_164' title='bbox 652 2073 977 2128; x_wconf 85' lang='lat' dir='ltr'><strong><em>voluntatem</em></strong></span> <span class='ocrx_word' id='word_1_165' title='bbox 1008 2080 1238 2124; x_wconf 80' lang='lat' dir='ltr'><strong><em>vestram</em></strong></span> <span class='ocrx_word' id='word_1_166' title='bbox 1280 2068 1585 2138; x_wconf 81' lang='lat' dir='ltr'><strong><em>iinplehitis.</em></strong></span> <span class='ocrx_word' id='word_1_167' title='bbox 1621 2063 1726 2122; x_wconf 83' lang='lat' dir='ltr'><strong><em>Sed</em></strong></span> <span class='ocrx_word' id='word_1_168' title='bbox 1769 2066 1894 2119; x_wconf 87' lang='lat' dir='ltr'><strong><em>dum</em></strong></span> <span class='ocrx_word' id='word_1_169' title='bbox 1946 2082 2048 2119; x_wconf 89' lang='lat' dir='ltr'><strong><em>non</em></strong></span> 
     </span>
    </p>
   </div>
   <div class='ocr_carea' id='block_1_20' title="bbox 461 2157 2052 2234">
    <p class='ocr_par' dir='ltr' id='par_1_20' title="bbox 461 2157 2052 2234">
     <span class='ocr_line' id='line_1_20' title="bbox 461 2157 2052 2234; baseline -0.003 -18"><span class='ocrx_word' id='word_1_170' title='bbox 461 2167 706 2234; x_wconf 77' lang='lat' dir='ltr'><strong><em>potestis,</em></strong></span> <span class='ocrx_word' id='word_1_171' title='bbox 736 2163 1091 2225; x_wconf 82' lang='lat' dir='ltr'><strong><em>conﬁtemini;</em></strong></span> <span class='ocrx_word' id='word_1_172' title='bbox 1127 2178 1243 2215; x_wconf 88' lang='lat' dir='ltr'><strong><em>eum</em></strong></span> <span class='ocrx_word' id='word_1_173' title='bbox 1271 2160 1530 2230; x_wconf 87' lang='lat' dir='ltr'><strong><em>poteritis,</em></strong></span> <span class='ocrx_word' id='word_1_174' title='bbox 1568 2159 1762 2228; x_wconf 75' lang='lat' dir='ltr'><strong><em>gratias</em></strong></span> <span class='ocrx_word' id='word_1_175' title='bbox 1791 2157 2052 2228; x_wconf 75' lang='lat' dir='ltr'><strong><em>agite:ja-</em></strong></span> 
     </span>
    </p>
   </div>
   <div class='ocr_carea' id='block_1_21' title="bbox 459 2249 2052 2321">
    <p class='ocr_par' dir='ltr' id='par_1_21' title="bbox 459 2249 2052 2321">
     <span class='ocr_line' id='line_1_21' title="bbox 459 2249 2052 2321; baseline -0.006 -10"><span class='ocrx_word' id='word_1_176' title='bbox 459 2267 675 2320; x_wconf 84' lang='lat' dir='ltr'><strong><em>centes,</em></strong></span> <span class='ocrx_word' id='word_1_177' title='bbox 716 2254 1190 2318; x_wconf 78' lang='lat' dir='ltr'><strong><em>clamatezerecti,</em></strong></span> <span class='ocrx_word' id='word_1_178' title='bbox 1242 2251 1519 2321; x_wconf 85' lang='lat' dir='ltr'><strong><em>superbire</em></strong></span> <span class='ocrx_word' id='word_1_179' title='bbox 1561 2251 1745 2304; x_wconf 77' lang='lat' dir='ltr'><strong><em>nolite.</em></strong></span> <span class='ocrx_word' id='word_1_180' title='bbox 1795 2249 1886 2304; x_wconf 93' lang='lat' dir='ltr'><strong><em>Ille</em></strong></span> <span class='ocrx_word' id='word_1_181' title='bbox 1926 2264 2052 2319; x_wconf 82' lang='lat' dir='ltr'><strong><em>ergo</em></strong></span> 
     </span>
    </p>
   </div>
   <div class='ocr_carea' id='block_1_22' title="bbox 459 2342 2050 2415">
    <p class='ocr_par' dir='ltr' id='par_1_22' title="bbox 459 2342 2050 2415">
     <span class='ocr_line' id='line_1_22' title="bbox 459 2342 2050 2415; baseline -0.005 -11"><span class='ocrx_word' id='word_1_182' title='bbox 459 2352 512 2404; x_wconf 89' lang='lat' dir='ltr'><strong><em>in</em></strong></span> <span class='ocrx_word' id='word_1_183' title='bbox 539 2351 661 2404; x_wconf 82' lang='lat' dir='ltr'><strong><em>ctelo</em></strong></span> <span class='ocrx_word' id='word_1_184' title='bbox 699 2358 746 2402; x_wconf 91' lang='lat' dir='ltr'><strong><em>et</em></strong></span> <span class='ocrx_word' id='word_1_185' title='bbox 790 2349 844 2401; x_wconf 88' lang='lat' dir='ltr'><strong><em>in</em></strong></span> <span class='ocrx_word' id='word_1_186' title='bbox 886 2357 1017 2401; x_wconf 89' lang='lat' dir='ltr'><strong><em>terra</em></strong></span> <span class='ocrx_word' id='word_1_187' title='bbox 1056 2347 1224 2400; x_wconf 87' lang='lat' dir='ltr'><strong><em>omnia</em></strong></span> <span class='ocrx_word' id='word_1_188' title='bbox 1269 2360 1592 2415; x_wconf 67' lang='lat' dir='ltr'><strong><em>quiscumque</em></strong></span> <span class='ocrx_word' id='word_1_189' title='bbox 1630 2343 1784 2396; x_wconf 80' lang='lat' dir='ltr'><strong><em>voluit</em></strong></span> <span class='ocrx_word' id='word_1_190' title='bbox 1829 2342 1966 2413; x_wconf 78' lang='lat' dir='ltr'><strong><em>fecit,</em></strong></span> <span class='ocrx_word' id='word_1_191' title='bbox 1996 2342 2050 2396; x_wconf 88' lang='lat' dir='ltr'><strong><em>in</em></strong></span> 
     </span>
    </p>
   </div>
   <div class='ocr_carea' id='block_1_23' title="bbox 460 2439 1226 2508">
    <p class='ocr_par' dir='ltr' id='par_1_23' title="bbox 460 2439 1226 2508">
     <span class='ocr_line' id='line_1_23' title="bbox 460 2439 1226 2508; baseline -0.007 -14"><span class='ocrx_word' id='word_1_192' title='bbox 460 2443 587 2495; x_wconf 86' lang='lat' dir='ltr'><strong><em>mari</em></strong></span> <span class='ocrx_word' id='word_1_193' title='bbox 613 2443 726 2494; x_wconf 83' lang='lat' dir='ltr'><strong><em>etin</em></strong></span> <span class='ocrx_word' id='word_1_194' title='bbox 748 2439 976 2493; x_wconf 87' lang='lat' dir='ltr'><strong><em>omnibus</em></strong></span> <span class='ocrx_word' id='word_1_195' title='bbox 1015 2439 1226 2508; x_wconf 81' lang='lat' dir='ltr'><strong><em>abyssis.</em></strong></span> 
     </span>
    </p>
   </div>
   <div class='ocr_carea' id='block_1_24' title="bbox 531 2525 2054 2604">
    <p class='ocr_par' dir='ltr' id='par_1_24' title="bbox 531 2525 2054 2604">
     <span class='ocr_line' id='line_1_24' title="bbox 531 2525 2054 2604; baseline -0.005 -18"><span class='ocrx_word' id='word_1_196' title='bbox 531 2533 616 2587; x_wconf 77' lang='grc'><strong><em>15.</em></strong></span> <span class='ocrx_word' id='word_1_197' title='bbox 647 2530 792 2604; x_wconf 69' lang='lat' dir='ltr'><strong><em>[vers</em></strong></span> <span class='ocrx_word' id='word_1_198' title='bbox 829 2528 906 2603; x_wconf 86' lang='lat'><strong><em>7.]</em></strong></span> <span class='ocrx_word' id='word_1_199' title='bbox 932 2529 1194 2584; x_wconf 76' lang='lat' dir='ltr'><strong><em>Susritans</em></strong></span> <span class='ocrx_word' id='word_1_200' title='bbox 1239 2528 1394 2582; x_wconf 88' lang='lat' dir='ltr'><strong><em>nubes</em></strong></span> <span class='ocrx_word' id='word_1_201' title='bbox 1426 2527 1487 2580; x_wconf 89' lang='lat' dir='ltr'><strong><em>ab</em></strong></span> <span class='ocrx_word' id='word_1_202' title='bbox 1517 2535 1742 2580; x_wconf 73' lang='lat' dir='ltr'><strong><em>extremo</em></strong></span> <span class='ocrx_word' id='word_1_203' title='bbox 1771 2534 1939 2580; x_wconf 63' lang='lat' dir='ltr'><strong><em>terra.</em></strong></span> <span class='ocrx_word' id='word_1_204' title='bbox 1973 2525 2054 2578; x_wconf 79' lang='lat' dir='ltr'><strong><em>\‘i-</em></strong></span> 
     </span>
    </p>
   </div>
   <div class='ocr_carea' id='block_1_25' title="bbox 459 2618 2053 2690">
    <p class='ocr_par' dir='ltr' id='par_1_25' title="bbox 459 2618 2053 2690">
     <span class='ocr_line' id='line_1_25' title="bbox 459 2618 2053 2690; baseline -0.002 -14"><span class='ocrx_word' id='word_1_205' title='bbox 459 2622 645 2676; x_wconf 88' lang='lat' dir='ltr'><strong><em>demus</em></strong></span> <span class='ocrx_word' id='word_1_206' title='bbox 677 2622 778 2676; x_wconf 86' lang='lat' dir='ltr'><strong><em>ista</em></strong></span> <span class='ocrx_word' id='word_1_207' title='bbox 807 2635 968 2690; x_wconf 88' lang='lat' dir='ltr'><strong><em>opera</em></strong></span> <span class='ocrx_word' id='word_1_208' title='bbox 1020 2619 1228 2674; x_wconf 92' lang='lat' dir='ltr'><strong><em>Domini</em></strong></span> <span class='ocrx_word' id='word_1_209' title='bbox 1277 2621 1329 2674; x_wconf 91' lang='lat' dir='ltr'><strong><em>in</em></strong></span> <span class='ocrx_word' id='word_1_210' title='bbox 1363 2619 1477 2688; x_wconf 85' lang='lat' dir='ltr'><strong><em>ejus</em></strong></span> <span class='ocrx_word' id='word_1_211' title='bbox 1527 2626 1806 2672; x_wconf 86' lang='lat' dir='ltr'><strong><em>creatura:</em></strong></span> <span class='ocrx_word' id='word_1_212' title='bbox 1835 2618 2053 2673; x_wconf 87' lang='lat' dir='ltr'><strong><em>veniunt</em></strong></span> 
     </span>
    </p>
   </div>
   <div class='ocr_carea' id='block_1_26' title="bbox 458 2707 2045 2777">
    <p class='ocr_par' dir='ltr' id='par_1_26' title="bbox 458 2707 2045 2777">
     <span class='ocr_line' id='line_1_26' title="bbox 458 2707 2045 2777; baseline -0.004 -9"><span class='ocrx_word' id='word_1_213' title='bbox 458 2715 599 2768; x_wconf 89' lang='lat' dir='ltr'><strong><em>enim</em></strong></span> <span class='ocrx_word' id='word_1_214' title='bbox 622 2714 793 2768; x_wconf 89' lang='lat' dir='ltr'><strong><em>nubes</em></strong></span> <span class='ocrx_word' id='word_1_215' title='bbox 816 2712 884 2767; x_wconf 88' lang='lat' dir='ltr'><strong><em>ab</em></strong></span> <span class='ocrx_word' id='word_1_216' title='bbox 911 2723 1152 2767; x_wconf 82' lang='lat' dir='ltr'><strong><em>extremo</em></strong></span> <span class='ocrx_word' id='word_1_217' title='bbox 1187 2720 1345 2766; x_wconf 86' lang='lat' dir='ltr'><strong><em>terrae</em></strong></span> <span class='ocrx_word' id='word_1_218' title='bbox 1371 2707 1437 2764; x_wconf 88' lang='lat' dir='ltr'><strong><em>ad</em></strong></span> <span class='ocrx_word' id='word_1_219' title='bbox 1465 2710 1720 2773; x_wconf 89' lang='lat' dir='ltr'><strong><em>medium,</em></strong></span> <span class='ocrx_word' id='word_1_220' title='bbox 1747 2717 1801 2762; x_wconf 90' lang='lat' dir='ltr'><strong><em>et</em></strong></span> <span class='ocrx_word' id='word_1_221' title='bbox 1832 2709 2045 2777; x_wconf 89' lang='lat' dir='ltr'><strong><em>pluunt;</em></strong></span> 
     </span>
    </p>
   </div>
   <div class='ocr_carea' id='block_1_27' title="bbox 461 2802 2107 2874">
    <p class='ocr_par' dir='ltr' id='par_1_27' title="bbox 461 2802 2107 2874">
     <span class='ocr_line' id='line_1_27' title="bbox 461 2802 2107 2874; baseline -0.003 -13"><span class='ocrx_word' id='word_1_222' title='bbox 461 2807 599 2861; x_wconf 89' lang='lat' dir='ltr'><strong><em>unde</em></strong></span> <span class='ocrx_word' id='word_1_223' title='bbox 625 2806 954 2860; x_wconf 80' lang='lat' dir='ltr'><strong><em>surrexerint</em></strong></span> <span class='ocrx_word' id='word_1_224' title='bbox 994 2805 1186 2860; x_wconf 90' lang='lat' dir='ltr'><strong><em>nescis.</em></strong></span> <span class='ocrx_word' id='word_1_225' title='bbox 1212 2804 1354 2874; x_wconf 82' lang='lat' dir='ltr'><strong><em>Ergo</em></strong></span> <span class='ocrx_word' id='word_1_226' title='bbox 1380 2803 1726 2858; x_wconf 86' lang='lat' dir='ltr'><strong><em>indicatillud</em></strong></span> <span class='ocrx_word' id='word_1_227' title='bbox 1745 2802 2044 2872; x_wconf 77' lang='lat' dir='ltr'><strong><em>Propheta:</em></strong></span> <span class='ocrx_word' id='word_1_228' title='bbox 2105 2841 2107 2844; x_wconf 62' lang='grc' dir='ltr'><strong><em>ι</em></strong></span> 
     </span>
    </p>
   </div>
   <div class='ocr_carea' id='block_1_28' title="bbox 463 2885 2052 2965">
    <p class='ocr_par' dir='ltr' id='par_1_28' title="bbox 463 2885 2052 2965">
     <span class='ocr_line' id='line_1_28' title="bbox 463 2885 2052 2965; baseline -0.003 -10"><span class='ocrx_word' id='word_1_229' title='bbox 463 2904 527 2956; x_wconf 85' lang='lat' dir='ltr'><strong><em>ab</em></strong></span> <span class='ocrx_word' id='word_1_230' title='bbox 557 2913 783 2956; x_wconf 67' lang='lat' dir='ltr'><strong><em>extremo</em></strong></span> <span class='ocrx_word' id='word_1_231' title='bbox 810 2909 984 2964; x_wconf 65' lang='lat' dir='ltr'><strong><em>terra,</em></strong></span> <span class='ocrx_word' id='word_1_232' title='bbox 1009 2900 1120 2953; x_wconf 87' lang='lat' dir='ltr'><strong><em>sive</em></strong></span> <span class='ocrx_word' id='word_1_233' title='bbox 1146 2898 1212 2952; x_wconf 88' lang='lat' dir='ltr'><strong><em>ab</em></strong></span> <span class='ocrx_word' id='word_1_234' title='bbox 1236 2898 1342 2952; x_wconf 91' lang='lat' dir='ltr'><strong><em>imo</em></strong></span> <span class='ocrx_word' id='word_1_235' title='bbox 1362 2939 1378 2965; x_wconf 88' lang='lat'><strong><em>,</em></strong></span> <span class='ocrx_word' id='word_1_236' title='bbox 1425 2897 1538 2951; x_wconf 88' lang='lat' dir='ltr'><strong><em>sive</em></strong></span> <span class='ocrx_word' id='word_1_237' title='bbox 1577 2911 1607 2951; x_wconf 87' lang='lat' dir='ltr'><strong><em>a</em></strong></span> <span class='ocrx_word' id='word_1_238' title='bbox 1631 2885 2052 2951; x_wconf 83' lang='lat' dir='ltr'><strong><em>circumdatione</em></strong></span> 
     </span>
    </p>
   </div>
   <div class='ocr_carea' id='block_1_29' title="bbox 461 2989 2046 3056">
    <p class='ocr_par' dir='ltr' id='par_1_29' title="bbox 461 2989 2046 3056">
     <span class='ocr_line' id='line_1_29' title="bbox 461 2989 2046 3056; baseline -0.005 -9"><span class='ocrx_word' id='word_1_239' title='bbox 461 2994 641 3047; x_wconf 88' lang='lat' dir='ltr'><strong><em>ﬁnium</em></strong></span> <span class='ocrx_word' id='word_1_240' title='bbox 671 3001 846 3056; x_wconf 62' lang='lat' dir='ltr'><strong><em>terras,</em></strong></span> <span class='ocrx_word' id='word_1_241' title='bbox 875 2990 1014 3044; x_wconf 86' lang='lat' dir='ltr'><strong><em>unde</em></strong></span> <span class='ocrx_word' id='word_1_242' title='bbox 1041 2990 1152 3042; x_wconf 87' lang='lat' dir='ltr'><strong><em>vult</em></strong></span> <span class='ocrx_word' id='word_1_243' title='bbox 1181 2989 1376 3043; x_wconf 84' lang='lat' dir='ltr'><strong><em>excitat</em></strong></span> <span class='ocrx_word' id='word_1_244' title='bbox 1407 2989 1592 3050; x_wconf 89' lang='lat' dir='ltr'><strong><em>nubes,</em></strong></span> <span class='ocrx_word' id='word_1_245' title='bbox 1627 2996 1800 3047; x_wconf 84' lang='lat' dir='ltr'><strong><em>tamen</em></strong></span> <span class='ocrx_word' id='word_1_246' title='bbox 1829 3003 1855 3039; x_wconf 89' lang='lat' dir='ltr'><strong><em>a</em></strong></span> <span class='ocrx_word' id='word_1_247' title='bbox 1886 2995 2046 3040; x_wconf 86' lang='lat' dir='ltr'><strong><em>terra.</em></strong></span> 
     </span>
    </p>
   </div>
   <div class='ocr_carea' id='block_1_30' title="bbox 465 3079 2048 3154">
    <p class='ocr_par' dir='ltr' id='par_1_30' title="bbox 465 3079 2048 3154">
     <span class='ocr_line' id='line_1_30' title="bbox 465 3079 2048 3154; baseline -0.004 -17"><span class='ocrx_word' id='word_1_248' title='bbox 465 3084 693 3154; x_wconf 80' lang='lat' dir='ltr'><strong><em>Fulgura</em></strong></span> <span class='ocrx_word' id='word_1_249' title='bbox 729 3083 782 3136; x_wconf 90' lang='lat' dir='ltr'><strong><em>in</em></strong></span> <span class='ocrx_word' id='word_1_250' title='bbox 825 3082 1045 3152; x_wconf 81' lang='lat' dir='ltr'><strong><em>pluviam</em></strong></span> <span class='ocrx_word' id='word_1_251' title='bbox 1091 3082 1223 3151; x_wconf 77' lang='lat' dir='ltr'><strong><em>fecit.</em></strong></span> <span class='ocrx_word' id='word_1_252' title='bbox 1262 3080 1394 3134; x_wconf 85' lang='lat' dir='ltr'><strong><em>Nam</em></strong></span> <span class='ocrx_word' id='word_1_253' title='bbox 1445 3079 1648 3149; x_wconf 79' lang='lat' dir='ltr'><strong><em>fulgura</em></strong></span> <span class='ocrx_word' id='word_1_254' title='bbox 1690 3079 1804 3133; x_wconf 83' lang='lat' dir='ltr'><strong><em>sine</em></strong></span> <span class='ocrx_word' id='word_1_255' title='bbox 1851 3079 2048 3148; x_wconf 80' lang='lat' dir='ltr'><strong><em>pluvia,</em></strong></span> 
     </span>
    </p>
   </div>
   <div class='ocr_carea' id='block_1_31' title="bbox 461 3171 2050 3243">
    <p class='ocr_par' dir='ltr' id='par_1_31' title="bbox 461 3171 2050 3243">
     <span class='ocr_line' id='line_1_31' title="bbox 461 3171 2050 3243; baseline -0.004 -13"><span class='ocrx_word' id='word_1_256' title='bbox 461 3187 716 3232; x_wconf 85' lang='lat' dir='ltr'><strong><em>terrerent</em></strong></span> <span class='ocrx_word' id='word_1_257' title='bbox 745 3186 816 3241; x_wconf 90' lang='lat' dir='ltr'><strong><em>te,</em></strong></span> <span class='ocrx_word' id='word_1_258' title='bbox 833 3182 885 3230; x_wconf 87' lang='lat' dir='ltr'><strong><em>et</em></strong></span> <span class='ocrx_word' id='word_1_259' title='bbox 913 3174 1043 3228; x_wconf 89' lang='lat' dir='ltr'><strong><em>nihil</em></strong></span> <span class='ocrx_word' id='word_1_260' title='bbox 1073 3173 1160 3227; x_wconf 90' lang='lat' dir='ltr'><strong><em>tibi</em></strong></span> <span class='ocrx_word' id='word_1_261' title='bbox 1190 3173 1378 3227; x_wconf 87' lang='lat' dir='ltr'><strong><em>darent</em></strong></span> <span class='ocrx_word' id='word_1_262' title='bbox 1405 3173 1443 3224; x_wconf 77' lang='grc'><strong><em>⁸.</em></strong></span> <span class='ocrx_word' id='word_1_263' title='bbox 1469 3171 1700 3242; x_wconf 86' lang='lat' dir='ltr'><strong><em>Fulgura</em></strong></span> <span class='ocrx_word' id='word_1_264' title='bbox 1739 3173 1792 3226; x_wconf 89' lang='lat' dir='ltr'><strong><em>in</em></strong></span> <span class='ocrx_word' id='word_1_265' title='bbox 1828 3173 2050 3243; x_wconf 87' lang='lat' dir='ltr'><strong><em>pluviam</em></strong></span> 
     </span>
    </p>
   </div>
   <div class='ocr_carea' id='block_1_32' title="bbox 460 3262 2048 3338">
    <p class='ocr_par' dir='ltr' id='par_1_32' title="bbox 460 3262 2048 3338">
     <span class='ocr_line' id='line_1_32' title="bbox 460 3262 2048 3338; baseline -0.004 -16"><span class='ocrx_word' id='word_1_266' title='bbox 460 3271 595 3338; x_wconf 78' lang='lat' dir='ltr'><strong><em>fecit.</em></strong></span> <span class='ocrx_word' id='word_1_267' title='bbox 624 3268 852 3336; x_wconf 76' lang='lat' dir='ltr'><strong><em>Fulgura</em></strong></span> <span class='ocrx_word' id='word_1_268' title='bbox 883 3273 1026 3332; x_wconf 87' lang='lat' dir='ltr'><strong><em>sunt,</em></strong></span> <span class='ocrx_word' id='word_1_269' title='bbox 1055 3263 1458 3328; x_wconf 86' lang='lat' dir='ltr'><strong><em>contremiscis;</em></strong></span> <span class='ocrx_word' id='word_1_270' title='bbox 1491 3264 1642 3332; x_wconf 89' lang='lat' dir='ltr'><strong><em>pluit,</em></strong></span> <span class='ocrx_word' id='word_1_271' title='bbox 1671 3263 1890 3333; x_wconf 82' lang='lat' dir='ltr'><strong><em>gaudes.</em></strong></span> <span class='ocrx_word' id='word_1_272' title='bbox 1918 3262 2048 3316; x_wconf 75' lang='lat' dir='ltr'><strong><em>Ful-</em></strong></span> 
     </span>
    </p>
   </div>
   <div class='ocr_carea' id='block_1_33' title="bbox 458 3355 2050 3431">
    <p class='ocr_par' dir='ltr' id='par_1_33' title="bbox 458 3355 2050 3431">
     <span class='ocr_line' id='line_1_33' title="bbox 458 3355 2050 3431; baseline -0.003 -17"><span class='ocrx_word' id='word_1_273' title='bbox 458 3379 585 3431; x_wconf 88' lang='lat' dir='ltr'><strong><em>gura</em></strong></span> <span class='ocrx_word' id='word_1_274' title='bbox 622 3361 675 3413; x_wconf 87' lang='lat' dir='ltr'><strong><em>in</em></strong></span> <span class='ocrx_word' id='word_1_275' title='bbox 718 3359 937 3428; x_wconf 75' lang='lat' dir='ltr'><strong><em>pluviam</em></strong></span> <span class='ocrx_word' id='word_1_276' title='bbox 964 3359 1121 3429; x_wconf 76' lang='lat' dir='ltr'><strong><em>fecit;</em></strong></span> <span class='ocrx_word' id='word_1_277' title='bbox 1160 3357 1245 3426; x_wconf 88' lang='lat' dir='ltr'><strong><em>qui</em></strong></span> <span class='ocrx_word' id='word_1_278' title='bbox 1279 3357 1494 3422; x_wconf 88' lang='lat' dir='ltr'><strong><em>terruit,</em></strong></span> <span class='ocrx_word' id='word_1_279' title='bbox 1531 3356 1756 3424; x_wconf 77' lang='lat' dir='ltr'><strong><em>ipse’ut</em></strong></span> <span class='ocrx_word' id='word_1_280' title='bbox 1792 3355 2050 3425; x_wconf 80' lang='lat' dir='ltr'><strong><em>gauderes</em></strong></span> 
     </span>
    </p>
   </div>
   <div class='ocr_carea' id='block_1_34' title="bbox 459 3447 2050 3519">
    <p class='ocr_par' dir='ltr' id='par_1_34' title="bbox 459 3447 2050 3519">
     <span class='ocr_line' id='line_1_34' title="bbox 459 3447 2050 3519; baseline -0.004 -12"><span class='ocrx_word' id='word_1_281' title='bbox 459 3452 599 3507; x_wconf 79' lang='lat' dir='ltr'><strong><em>fecit.</em></strong></span> <span class='ocrx_word' id='word_1_282' title='bbox 625 3453 723 3519; x_wconf 86' lang='lat' dir='ltr'><strong><em>Qui</em></strong></span> <span class='ocrx_word' id='word_1_283' title='bbox 750 3451 912 3504; x_wconf 83' lang='lat' dir='ltr'><strong><em>educit</em></strong></span> <span class='ocrx_word' id='word_1_284' title='bbox 945 3459 1114 3502; x_wconf 79' lang='lat' dir='ltr'><strong><em>ventos</em></strong></span> <span class='ocrx_word' id='word_1_285' title='bbox 1134 3449 1196 3500; x_wconf 84' lang='lat' dir='ltr'><strong><em>de</em></strong></span> <span class='ocrx_word' id='word_1_286' title='bbox 1226 3448 1472 3501; x_wconf 84' lang='lat' dir='ltr'><strong><em>thesauris</em></strong></span> <span class='ocrx_word' id='word_1_287' title='bbox 1501 3448 1647 3502; x_wconf 86' lang='lat' dir='ltr'><strong><em>suis:</em></strong></span> <span class='ocrx_word' id='word_1_288' title='bbox 1677 3447 1900 3502; x_wconf 85' lang='lat' dir='ltr'><strong><em>occultis</em></strong></span> <span class='ocrx_word' id='word_1_289' title='bbox 1929 3462 2050 3502; x_wconf 85' lang='lat' dir='ltr'><strong><em>catr</em></strong></span> 
     </span>
    </p>
   </div>
   <div class='ocr_carea' id='block_1_35' title="bbox 457 3540 2048 3612">
    <p class='ocr_par' dir='ltr' id='par_1_35' title="bbox 457 3540 2048 3612">
     <span class='ocr_line' id='line_1_35' title="bbox 457 3540 2048 3612; baseline -0.003 -13"><span class='ocrx_word' id='word_1_290' title='bbox 457 3547 530 3601; x_wconf 86' lang='lat' dir='ltr'><strong><em>sis</em></strong></span> <span class='ocrx_word' id='word_1_291' title='bbox 559 3588 571 3612; x_wconf 89' lang='lat'><strong><em>,</em></strong></span> <span class='ocrx_word' id='word_1_292' title='bbox 602 3545 742 3598; x_wconf 89' lang='lat' dir='ltr'><strong><em>unde</em></strong></span> <span class='ocrx_word' id='word_1_293' title='bbox 772 3543 962 3597; x_wconf 90' lang='lat' dir='ltr'><strong><em>nescis.</em></strong></span> <span class='ocrx_word' id='word_1_294' title='bbox 1005 3541 1135 3609; x_wconf 84' lang='lat' dir='ltr'><strong><em>Quia</em></strong></span> <span class='ocrx_word' id='word_1_295' title='bbox 1166 3541 1308 3595; x_wconf 90' lang='lat' dir='ltr'><strong><em>enim</em></strong></span> <span class='ocrx_word' id='word_1_296' title='bbox 1340 3540 1429 3593; x_wconf 82' lang='lat' dir='ltr'><strong><em>ﬁat</em></strong></span> <span class='ocrx_word' id='word_1_297' title='bbox 1455 3548 1646 3595; x_wconf 84' lang='lat' dir='ltr'><strong><em>ventus</em></strong></span> <span class='ocrx_word' id='word_1_298' title='bbox 1671 3580 1685 3603; x_wconf 94' lang='lat'><strong><em>,</em></strong></span> <span class='ocrx_word' id='word_1_299' title='bbox 1723 3540 1888 3594; x_wconf 87' lang='lat' dir='ltr'><strong><em>sentis</em></strong></span> <span class='ocrx_word' id='word_1_300' title='bbox 1908 3557 1922 3604; x_wconf 91' lang='lat'><strong><em>;</em></strong></span> <span class='ocrx_word' id='word_1_301' title='bbox 1946 3555 2048 3610; x_wconf 88' lang='lat' dir='ltr'><strong><em>qua</em></strong></span> 
     </span>
    </p>
   </div>
   <div class='ocr_carea' id='block_1_36' title="bbox 458 3635 2044 3703">
    <p class='ocr_par' dir='ltr' id='par_1_36' title="bbox 458 3635 2044 3703">
     <span class='ocr_line' id='line_1_36' title="bbox 458 3635 2044 3703; baseline -0.001 -11"><span class='ocrx_word' id='word_1_302' title='bbox 458 3653 618 3693; x_wconf 86' lang='lat' dir='ltr'><strong><em>causa</em></strong></span> <span class='ocrx_word' id='word_1_303' title='bbox 649 3637 742 3691; x_wconf 83' lang='lat' dir='ltr'><strong><em>ﬁat</em></strong></span> <span class='ocrx_word' id='word_1_304' title='bbox 765 3678 777 3701; x_wconf 92' lang='lat'><strong><em>,</em></strong></span> <span class='ocrx_word' id='word_1_305' title='bbox 814 3637 893 3691; x_wconf 88' lang='lat' dir='ltr'><strong><em>vel</em></strong></span> <span class='ocrx_word' id='word_1_306' title='bbox 921 3636 988 3691; x_wconf 93' lang='lat' dir='ltr'><strong><em>de</em></strong></span> <span class='ocrx_word' id='word_1_307' title='bbox 1017 3649 1122 3703; x_wconf 91' lang='lat' dir='ltr'><strong><em>quo</em></strong></span> <span class='ocrx_word' id='word_1_308' title='bbox 1156 3635 1408 3689; x_wconf 87' lang='lat' dir='ltr'><strong><em>thesauro</em></strong></span> <span class='ocrx_word' id='word_1_309' title='bbox 1436 3635 1655 3688; x_wconf 88' lang='lat' dir='ltr'><strong><em>rationis</em></strong></span> <span class='ocrx_word' id='word_1_310' title='bbox 1695 3635 1918 3690; x_wconf 87' lang='lat' dir='ltr'><strong><em>eductus</em></strong></span> <span class='ocrx_word' id='word_1_311' title='bbox 1943 3635 2044 3700; x_wconf 90' lang='lat' dir='ltr'><strong><em>sit,</em></strong></span> 
     </span>
    </p>
   </div>
   <div class='ocr_carea' id='block_1_37' title="bbox 457 3719 2046 3796">
    <p class='ocr_par' dir='ltr' id='par_1_37' title="bbox 457 3719 2046 3796">
     <span class='ocr_line' id='line_1_37' title="bbox 457 3719 2046 3796; baseline -0.002 -12"><span class='ocrx_word' id='word_1_312' title='bbox 457 3730 664 3786; x_wconf 86' lang='lat' dir='ltr'><strong><em>neseis:</em></strong></span> <span class='ocrx_word' id='word_1_313' title='bbox 694 3719 859 3783; x_wconf 86' lang='lat' dir='ltr'><strong><em>debes</em></strong></span> <span class='ocrx_word' id='word_1_314' title='bbox 886 3735 1060 3781; x_wconf 84' lang='lat' dir='ltr'><strong><em>tamen</em></strong></span> <span class='ocrx_word' id='word_1_315' title='bbox 1089 3726 1199 3779; x_wconf 86' lang='lat' dir='ltr'><strong><em>Deo</em></strong></span> <span class='ocrx_word' id='word_1_316' title='bbox 1225 3726 1474 3794; x_wconf 82' lang='lat' dir='ltr'><strong><em>pietatem</em></strong></span> <span class='ocrx_word' id='word_1_317' title='bbox 1497 3725 1765 3790; x_wconf 90' lang='lat' dir='ltr'><strong><em>credendi,</em></strong></span> <span class='ocrx_word' id='word_1_318' title='bbox 1795 3726 1914 3796; x_wconf 88' lang='lat' dir='ltr'><strong><em>quia</em></strong></span> <span class='ocrx_word' id='word_1_319' title='bbox 1941 3741 2046 3781; x_wconf 91' lang='lat' dir='ltr'><strong><em>non</em></strong></span> 
     </span>
    </p>
   </div>
   <div class='ocr_carea' id='block_1_38' title="bbox 464 3815 2046 3889">
    <p class='ocr_par' dir='ltr' id='par_1_38' title="bbox 464 3815 2046 3889">
     <span class='ocr_line' id='line_1_38' title="bbox 464 3815 2046 3889; baseline -0.001 -15"><span class='ocrx_word' id='word_1_320' title='bbox 464 3820 612 3875; x_wconf 79' lang='lat' dir='ltr'><strong><em>itaret</em></strong></span> <span class='ocrx_word' id='word_1_321' title='bbox 642 3820 740 3875; x_wconf 85' lang='lat' dir='ltr'><strong><em>nisi</em></strong></span> <span class='ocrx_word' id='word_1_322' title='bbox 767 3819 1014 3889; x_wconf 72' lang='lat' dir='ltr'><strong><em>iussisset</em></strong></span> <span class='ocrx_word' id='word_1_323' title='bbox 1043 3817 1129 3872; x_wconf 88' lang='lat' dir='ltr'><strong><em>ille</em></strong></span> <span class='ocrx_word' id='word_1_324' title='bbox 1150 3818 1239 3888; x_wconf 91' lang='lat' dir='ltr'><strong><em>qui</em></strong></span> <span class='ocrx_word' id='word_1_325' title='bbox 1267 3815 1392 3872; x_wconf 76' lang='lat' dir='ltr'><strong><em>fecit</em></strong></span> <span class='ocrx_word' id='word_1_326' title='bbox 1412 3859 1426 3884; x_wconf 91' lang='lat'><strong><em>,</em></strong></span> <span class='ocrx_word' id='word_1_327' title='bbox 1454 3816 1557 3872; x_wconf 85' lang='lat' dir='ltr'><strong><em>nisi</em></strong></span> <span class='ocrx_word' id='word_1_328' title='bbox 1590 3817 1930 3887; x_wconf 83' lang='lat' dir='ltr'><strong><em>produxisset</em></strong></span> <span class='ocrx_word' id='word_1_329' title='bbox 1958 3818 2046 3874; x_wconf 88' lang='lat' dir='ltr'><strong><em>ille</em></strong></span> 
     </span>
    </p>
   </div>
   <div class='ocr_carea' id='block_1_39' title="bbox 455 3910 794 3980">
    <p class='ocr_par' dir='ltr' id='par_1_39' title="bbox 455 3910 794 3980">
     <span class='ocr_line' id='line_1_39' title="bbox 455 3910 794 3980; baseline 0 -18"><span class='ocrx_word' id='word_1_330' title='bbox 455 3911 542 3980; x_wconf 86' lang='lat' dir='ltr'><strong><em>qui</em></strong></span> <span class='ocrx_word' id='word_1_331' title='bbox 572 3924 692 3964; x_wconf 81' lang='lat' dir='ltr'><strong><em>crea</em></strong></span> <span class='ocrx_word' id='word_1_332' title='bbox 702 3910 794 3963; x_wconf 85' lang='lat' dir='ltr'><strong><em>vit.</em></strong></span> 
     </span>
    </p>
   </div>
   <div class='ocr_carea' id='block_1_40' title="bbox 529 3996 2041 4073">
    <p class='ocr_par' dir='ltr' id='par_1_40' title="bbox 529 3996 2041 4073">
     <span class='ocr_line' id='line_1_40' title="bbox 529 3996 2041 4073; baseline -0.001 -18"><span class='ocrx_word' id='word_1_333' title='bbox 529 3996 614 4056; x_wconf 74' lang='grc' dir='ltr'><strong><em>η.</em></strong></span> <span class='ocrx_word' id='word_1_334' title='bbox 644 4001 793 4073; x_wconf 71' lang='grc' dir='ltr'><strong><em>[ειη.</em></strong></span> <span class='ocrx_word' id='word_1_335' title='bbox 824 3998 991 4073; x_wconf 67' lang='lat'><strong><em>8-19.]</em></strong></span> <span class='ocrx_word' id='word_1_336' title='bbox 1009 3999 1262 4054; x_wconf 79' lang='lat' dir='ltr'><strong><em>Videmus</em></strong></span> <span class='ocrx_word' id='word_1_337' title='bbox 1282 4013 1412 4069; x_wconf 87' lang='lat' dir='ltr'><strong><em>ergo</em></strong></span> <span class='ocrx_word' id='word_1_338' title='bbox 1433 3999 1548 4054; x_wconf 64' lang='lat' dir='ltr'><strong><em>hinc</em></strong></span> <span class='ocrx_word' id='word_1_339' title='bbox 1575 3999 1626 4053; x_wconf 91' lang='lat' dir='ltr'><strong><em>in</em></strong></span> <span class='ocrx_word' id='word_1_340' title='bbox 1656 4007 1899 4055; x_wconf 87' lang='lat' dir='ltr'><strong><em>creatura</em></strong></span> <span class='ocrx_word' id='word_1_341' title='bbox 1923 4000 2041 4066; x_wconf 85' lang='lat' dir='ltr'><strong><em>ista;</em></strong></span> 
     </span>
    </p>
   </div>
   <div class='ocr_carea' id='block_1_41' title="bbox 461 4092 2044 4159">
    <p class='ocr_par' dir='ltr' id='par_1_41' title="bbox 461 4092 2044 4159">
     <span class='ocr_line' id='line_1_41' title="bbox 461 4092 2044 4159; baseline 0 -11"><span class='ocrx_word' id='word_1_342' title='bbox 461 4095 738 4149; x_wconf 84' lang='lat' dir='ltr'><strong><em>laudamus</em></strong></span> <span class='ocrx_word' id='word_1_343' title='bbox 765 4136 778 4159; x_wconf 94' lang='lat'><strong><em>,</em></strong></span> <span class='ocrx_word' id='word_1_344' title='bbox 823 4095 1108 4157; x_wconf 89' lang='lat' dir='ltr'><strong><em>miramur,</em></strong></span> <span class='ocrx_word' id='word_1_345' title='bbox 1141 4092 1505 4147; x_wconf 89' lang='lat' dir='ltr'><strong><em>benedicimus</em></strong></span> <span class='ocrx_word' id='word_1_346' title='bbox 1540 4093 1739 4147; x_wconf 80' lang='lat' dir='ltr'><strong><em>Deum:</em></strong></span> <span class='ocrx_word' id='word_1_347' title='bbox 1772 4092 2044 4148; x_wconf 82' lang='lat' dir='ltr'><strong><em>videamus</em></strong></span> 
     </span>
    </p>
   </div>
   <div class='ocr_carea' id='block_1_42' title="bbox 456 4183 2046 4256">
    <p class='ocr_par' dir='ltr' id='par_1_42' title="bbox 456 4183 2046 4256">
     <span class='ocr_line' id='line_1_42' title="bbox 456 4183 2046 4256; baseline 0 -18"><span class='ocrx_word' id='word_1_348' title='bbox 456 4198 575 4256; x_wconf 74' lang='lat' dir='ltr'><strong><em>quin</em></strong></span> <span class='ocrx_word' id='word_1_349' title='bbox 619 4187 739 4241; x_wconf 78' lang='lat' dir='ltr'><strong><em>fecit</em></strong></span> <span class='ocrx_word' id='word_1_350' title='bbox 777 4185 828 4240; x_wconf 92' lang='lat' dir='ltr'><strong><em>in</em></strong></span> <span class='ocrx_word' id='word_1_351' title='bbox 880 4185 1180 4238; x_wconf 88' lang='lat' dir='ltr'><strong><em>hominibus</em></strong></span> <span class='ocrx_word' id='word_1_352' title='bbox 1214 4192 1428 4254; x_wconf 86' lang='lat' dir='ltr'><strong><em>propter</em></strong></span> <span class='ocrx_word' id='word_1_353' title='bbox 1458 4183 1708 4254; x_wconf 85' lang='lat' dir='ltr'><strong><em>populum</em></strong></span> <span class='ocrx_word' id='word_1_354' title='bbox 1738 4199 1912 4238; x_wconf 89' lang='lat' dir='ltr'><strong><em>suum.</em></strong></span> <span class='ocrx_word' id='word_1_355' title='bbox 1945 4184 2046 4252; x_wconf 90' lang='lat' dir='ltr'><strong><em>Qui</em></strong></span> 
     </span>
    </p>
   </div>
   <div class='ocr_carea' id='block_1_43' title="bbox 457 4274 2042 4348">
    <p class='ocr_par' dir='ltr' id='par_1_43' title="bbox 457 4274 2042 4348">
     <span class='ocr_line' id='line_1_43' title="bbox 457 4274 2042 4348; baseline 0 -17"><span class='ocrx_word' id='word_1_356' title='bbox 457 4279 698 4347; x_wconf 79' lang='lat' dir='ltr'><strong><em>percussit</em></strong></span> <span class='ocrx_word' id='word_1_357' title='bbox 723 4277 1053 4348; x_wconf 78' lang='lat' dir='ltr'><strong><em>primogenita</em></strong></span> <span class='ocrx_word' id='word_1_358' title='bbox 1073 4274 1310 4347; x_wconf 67' lang='lat' dir='ltr'><strong><em>Egypti.</em></strong></span> <span class='ocrx_word' id='word_1_359' title='bbox 1349 4276 1553 4330; x_wconf 82' lang='lat' dir='ltr'><strong><em>Etenim</em></strong></span> <span class='ocrx_word' id='word_1_360' title='bbox 1590 4276 1674 4329; x_wconf 88' lang='lat' dir='ltr'><strong><em>illa</em></strong></span> <span class='ocrx_word' id='word_1_361' title='bbox 1699 4275 1873 4331; x_wconf 88' lang='lat' dir='ltr'><strong><em>divina</em></strong></span> <span class='ocrx_word' id='word_1_362' title='bbox 1903 4276 2042 4332; x_wconf 88' lang='lat' dir='ltr'><strong><em>dicta</em></strong></span> 
     </span>
    </p>
   </div>
   <div class='ocr_carea' id='block_1_44' title="bbox 455 4367 2045 4440">
    <p class='ocr_par' dir='ltr' id='par_1_44' title="bbox 455 4367 2045 4440">
     <span class='ocr_line' id='line_1_44' title="bbox 455 4367 2045 4440; baseline -0.002 -16"><span class='ocrx_word' id='word_1_363' title='bbox 455 4380 578 4425; x_wconf 87' lang='lat' dir='ltr'><strong><em>sunt</em></strong></span> <span class='ocrx_word' id='word_1_364' title='bbox 625 4385 744 4440; x_wconf 77' lang='lat' dir='ltr'><strong><em>qua:</em></strong></span> <span class='ocrx_word' id='word_1_365' title='bbox 793 4383 1032 4434; x_wconf 84' lang='lat' dir='ltr'><strong><em>amares,</em></strong></span> <span class='ocrx_word' id='word_1_366' title='bbox 1083 4376 1133 4423; x_wconf 90' lang='lat' dir='ltr'><strong><em>et</em></strong></span> <span class='ocrx_word' id='word_1_367' title='bbox 1185 4382 1291 4422; x_wconf 91' lang='lat' dir='ltr'><strong><em>non</em></strong></span> <span class='ocrx_word' id='word_1_368' title='bbox 1353 4375 1504 4421; x_wconf 85' lang='lat' dir='ltr'><strong><em>erant</em></strong></span> <span class='ocrx_word' id='word_1_369' title='bbox 1545 4367 1684 4421; x_wconf 88' lang='lat' dir='ltr'><strong><em>dicta</em></strong></span> <span class='ocrx_word' id='word_1_370' title='bbox 1726 4382 1843 4435; x_wconf 83' lang='lat' dir='ltr'><strong><em>quae</em></strong></span> <span class='ocrx_word' id='word_1_371' title='bbox 1891 4368 2045 4422; x_wconf 90' lang='lat' dir='ltr'><strong><em>time-</em></strong></span> 
     </span>
    </p>
   </div>
   <div class='ocr_carea' id='block_1_45' title="bbox 454 4456 2035 4529">
    <p class='ocr_par' dir='ltr' id='par_1_45' title="bbox 454 4456 2035 4529">
     <span class='ocr_line' id='line_1_45' title="bbox 454 4456 2035 4529; baseline -0.003 -13"><span class='ocrx_word' id='word_1_372' title='bbox 454 4477 572 4516; x_wconf 81' lang='lat' dir='ltr'><strong><em>res:</em></strong></span> <span class='ocrx_word' id='word_1_373' title='bbox 598 4457 831 4522; x_wconf 88' lang='lat' dir='ltr'><strong><em>attende,</em></strong></span> <span class='ocrx_word' id='word_1_374' title='bbox 853 4459 971 4529; x_wconf 81' lang='lat' dir='ltr'><strong><em>quia</em></strong></span> <span class='ocrx_word' id='word_1_375' title='bbox 998 4467 1051 4513; x_wconf 87' lang='lat' dir='ltr'><strong><em>et</em></strong></span> <span class='ocrx_word' id='word_1_376' title='bbox 1077 4457 1288 4528; x_wconf 79' lang='lat' dir='ltr'><strong><em>quando</em></strong></span> <span class='ocrx_word' id='word_1_377' title='bbox 1309 4458 1576 4521; x_wconf 79' lang='lat' dir='ltr'><strong><em>irascitur,</em></strong></span> <span class='ocrx_word' id='word_1_378' title='bbox 1591 4456 1718 4512; x_wconf 79' lang='lat' dir='ltr'><strong><em>facit</em></strong></span> <span class='ocrx_word' id='word_1_379' title='bbox 1745 4457 1883 4526; x_wconf 88' lang='lat' dir='ltr'><strong><em>quod</em></strong></span> <span class='ocrx_word' id='word_1_380' title='bbox 1907 4459 2035 4514; x_wconf 89' lang='lat' dir='ltr'><strong><em>vult.</em></strong></span> 
     </span>
    </p>
   </div>
   <div class='ocr_carea' id='block_1_46' title="bbox 461 4549 2041 4624">
    <p class='ocr_par' dir='ltr' id='par_1_46' title="bbox 461 4549 2041 4624">
     <span class='ocr_line' id='line_1_46' title="bbox 461 4549 2041 4624; baseline -0.003 -16"><span class='ocrx_word' id='word_1_381' title='bbox 461 4554 711 4608; x_wconf 75' lang='lat' dir='ltr'><strong><em>Percussit</em></strong></span> <span class='ocrx_word' id='word_1_382' title='bbox 738 4553 1069 4624; x_wconf 82' lang='lat' dir='ltr'><strong><em>primogenita</em></strong></span> <span class='ocrx_word' id='word_1_383' title='bbox 1090 4549 1163 4606; x_wconf 66' lang='lat' dir='ltr'><strong><em>1E</em></strong></span> <span class='ocrx_word' id='word_1_384' title='bbox 1168 4552 1330 4622; x_wconf 78' lang='lat' dir='ltr'><strong><em>gypti,</em></strong></span> <span class='ocrx_word' id='word_1_385' title='bbox 1360 4551 1423 4604; x_wconf 89' lang='lat' dir='ltr'><strong><em>ab</em></strong></span> <span class='ocrx_word' id='word_1_386' title='bbox 1447 4549 1651 4604; x_wconf 78' lang='lat' dir='ltr'><strong><em>homine</em></strong></span> <span class='ocrx_word' id='word_1_387' title='bbox 1678 4566 1834 4618; x_wconf 80' lang='lat' dir='ltr'><strong><em>usque</em></strong></span> <span class='ocrx_word' id='word_1_388' title='bbox 1858 4550 1925 4602; x_wconf 87' lang='lat' dir='ltr'><strong><em>ad</em></strong></span> <span class='ocrx_word' id='word_1_389' title='bbox 1950 4567 2041 4620; x_wconf 89' lang='lat' dir='ltr'><strong><em>pe-</em></strong></span> 
     </span>
    </p>
   </div>
   <div class='ocr_carea' id='block_1_47' title="bbox 454 4638 2037 4713">
    <p class='ocr_par' dir='ltr' id='par_1_47' title="bbox 454 4638 2037 4713">
     <span class='ocr_line' id='line_1_47' title="bbox 454 4638 2037 4713; baseline -0.003 -15"><span class='ocrx_word' id='word_1_390' title='bbox 454 4663 563 4699; x_wconf 83' lang='lat' dir='ltr'><strong><em>rus.</em></strong></span> <span class='ocrx_word' id='word_1_391' title='bbox 609 4644 828 4698; x_wconf 83' lang='lat' dir='ltr'><strong><em>Immisit</em></strong></span> <span class='ocrx_word' id='word_1_392' title='bbox 872 4645 1015 4713; x_wconf 87' lang='lat' dir='ltr'><strong><em>signa</em></strong></span> <span class='ocrx_word' id='word_1_393' title='bbox 1045 4652 1089 4696; x_wconf 91' lang='lat' dir='ltr'><strong><em>et</em></strong></span> <span class='ocrx_word' id='word_1_394' title='bbox 1119 4643 1350 4712; x_wconf 83' lang='lat' dir='ltr'><strong><em>prodigia</em></strong></span> <span class='ocrx_word' id='word_1_395' title='bbox 1387 4641 1438 4694; x_wconf 85' lang='lat' dir='ltr'><strong><em>in</em></strong></span> <span class='ocrx_word' id='word_1_396' title='bbox 1475 4641 1640 4696; x_wconf 84' lang='lat' dir='ltr'><strong><em>medio</em></strong></span> <span class='ocrx_word' id='word_1_397' title='bbox 1660 4641 1766 4705; x_wconf 81' lang='lat' dir='ltr'><strong><em>tui,</em></strong></span> <span class='ocrx_word' id='word_1_398' title='bbox 1792 4638 2037 4711; x_wconf 55' lang='lat' dir='ltr'><strong><em>ﬂgypte.</em></strong></span> 
     </span>
    </p>
   </div>
   <div class='ocr_carea' id='block_1_48' title="bbox 453 4729 2041 4807">
    <p class='ocr_par' dir='ltr' id='par_1_48' title="bbox 453 4729 2041 4807">
     <span class='ocr_line' id='line_1_48' title="bbox 453 4729 2041 4807; baseline -0.003 -16"><span class='ocrx_word' id='word_1_399' title='bbox 453 4737 631 4791; x_wconf 88' lang='lat' dir='ltr'><strong><em>Nostis</em></strong></span> <span class='ocrx_word' id='word_1_400' title='bbox 656 4778 671 4803; x_wconf 94' lang='lat'><strong><em>,</em></strong></span> <span class='ocrx_word' id='word_1_401' title='bbox 704 4737 906 4807; x_wconf 85' lang='lat' dir='ltr'><strong><em>legistis</em></strong></span> <span class='ocrx_word' id='word_1_402' title='bbox 933 4741 1129 4805; x_wconf 80' lang='lat' dir='ltr'><strong><em>quanta</em></strong></span> <span class='ocrx_word' id='word_1_403' title='bbox 1154 4747 1248 4803; x_wconf 88' lang='lat' dir='ltr'><strong><em>per</em></strong></span> <span class='ocrx_word' id='word_1_404' title='bbox 1277 4731 1494 4803; x_wconf 82' lang='lat' dir='ltr'><strong><em>Moysen</em></strong></span> <span class='ocrx_word' id='word_1_405' title='bbox 1524 4731 1706 4786; x_wconf 78' lang='lat' dir='ltr'><strong><em>iecerit</em></strong></span> <span class='ocrx_word' id='word_1_406' title='bbox 1733 4746 1918 4784; x_wconf 83' lang='lat' dir='ltr'><strong><em>manus</em></strong></span> <span class='ocrx_word' id='word_1_407' title='bbox 1945 4729 2041 4787; x_wconf 89' lang='lat' dir='ltr'><strong><em>Do-</em></strong></span> 
     </span>
    </p>
   </div>
   <div class='ocr_carea' id='block_1_49' title="bbox 455 4821 2036 4898">
    <p class='ocr_par' dir='ltr' id='par_1_49' title="bbox 455 4821 2036 4898">
     <span class='ocr_line' id='line_1_49' title="bbox 455 4821 2036 4898; baseline -0.002 -19"><span class='ocrx_word' id='word_1_408' title='bbox 455 4828 581 4880; x_wconf 88' lang='lat' dir='ltr'><strong><em>mini</em></strong></span> <span class='ocrx_word' id='word_1_409' title='bbox 611 4827 660 4882; x_wconf 91' lang='lat' dir='ltr'><strong><em>in</em></strong></span> <span class='ocrx_word' id='word_1_410' title='bbox 693 4826 926 4898; x_wconf 72' lang='lat' dir='ltr'><strong><em>A&#39;L‘gypIo</em></strong></span> <span class='ocrx_word' id='word_1_411' title='bbox 964 4824 1030 4879; x_wconf 84' lang='lat' dir='ltr'><strong><em>ad</em></strong></span> <span class='ocrx_word' id='word_1_412' title='bbox 1068 4823 1378 4887; x_wconf 85' lang='lat' dir='ltr'><strong><em>terrendos,</em></strong></span> <span class='ocrx_word' id='word_1_413' title='bbox 1423 4821 1489 4876; x_wconf 82' lang='lat' dir='ltr'><strong><em>ad</em></strong></span> <span class='ocrx_word' id='word_1_414' title='bbox 1515 4821 1940 4886; x_wconf 88' lang='lat' dir='ltr'><strong><em>contundendos,</em></strong></span> <span class='ocrx_word' id='word_1_415' title='bbox 1972 4823 2036 4876; x_wconf 82' lang='lat' dir='ltr'><strong><em>ad</em></strong></span> 
     </span>
    </p>
   </div>
   <div class='ocr_carea' id='block_1_50' title="bbox 455 4910 2037 4986">
    <p class='ocr_par' dir='ltr' id='par_1_50' title="bbox 455 4910 2037 4986">
     <span class='ocr_line' id='line_1_50' title="bbox 455 4910 2037 4986; baseline -0.003 -16"><span class='ocrx_word' id='word_1_416' title='bbox 455 4915 784 4986; x_wconf 79' lang='lat' dir='ltr'><strong><em>dejiciendos</em></strong></span> <span class='ocrx_word' id='word_1_417' title='bbox 826 4915 1084 4985; x_wconf 85' lang='lat' dir='ltr'><strong><em>superbos</em></strong></span> <span class='ocrx_word' id='word_1_418' title='bbox 1127 4913 1425 4984; x_wconf 71' lang='lat' dir='ltr'><strong><em>Egyptlos.</em></strong></span> <span class='ocrx_word' id='word_1_419' title='bbox 1485 4910 1550 4966; x_wconf 91' lang='lat' dir='ltr'><strong><em>In</em></strong></span> <span class='ocrx_word' id='word_1_420' title='bbox 1588 4910 1861 4965; x_wconf 79' lang='lat' dir='ltr'><strong><em>Pharaone</em></strong></span> <span class='ocrx_word' id='word_1_421' title='bbox 1899 4922 1945 4966; x_wconf 86' lang='lat' dir='ltr'><strong><em>et</em></strong></span> <span class='ocrx_word' id='word_1_422' title='bbox 1986 4913 2037 4966; x_wconf 91' lang='lat' dir='ltr'><strong><em>in</em></strong></span> 
     </span>
    </p>
   </div>
   <div class='ocr_carea' id='block_1_51' title="bbox 450 4999 2038 5077">
    <p class='ocr_par' dir='ltr' id='par_1_51' title="bbox 450 4999 2038 5077">
     <span class='ocr_line' id='line_1_51' title="bbox 450 4999 2038 5077; baseline -0.002 -15"><span class='ocrx_word' id='word_1_423' title='bbox 450 5010 679 5064; x_wconf 81' lang='lat' dir='ltr'><strong><em>omnibus</em></strong></span> <span class='ocrx_word' id='word_1_424' title='bbox 710 5008 863 5062; x_wconf 84' lang='lat' dir='ltr'><strong><em>servis</em></strong></span> <span class='ocrx_word' id='word_1_425' title='bbox 889 5008 1016 5077; x_wconf 80' lang='lat' dir='ltr'><strong><em>ejus.</em></strong></span> <span class='ocrx_word' id='word_1_426' title='bbox 1050 5005 1240 5060; x_wconf 83' lang='lat' dir='ltr'><strong><em>Parum</em></strong></span> <span class='ocrx_word' id='word_1_427' title='bbox 1269 5013 1349 5058; x_wconf 84' lang='lat' dir='ltr'><strong><em>est</em></strong></span> <span class='ocrx_word' id='word_1_428' title='bbox 1375 5004 1431 5058; x_wconf 89' lang='lat' dir='ltr'><strong><em>in</em></strong></span> <span class='ocrx_word' id='word_1_429' title='bbox 1455 4999 1716 5075; x_wconf 66' lang='lat' dir='ltr'><strong><em>Egypto;</em></strong></span> <span class='ocrx_word' id='word_1_430' title='bbox 1749 5004 1874 5074; x_wconf 89' lang='lat' dir='ltr'><strong><em>quid</em></strong></span> <span class='ocrx_word' id='word_1_431' title='bbox 1902 5013 2038 5074; x_wconf 87' lang='lat' dir='ltr'><strong><em>post-</em></strong></span> 
     </span>
    </p>
   </div>
   <div class='ocr_carea' id='block_1_52' title="bbox 449 5093 2038 5170">
    <p class='ocr_par' dir='ltr' id='par_1_52' title="bbox 449 5093 2038 5170">
     <span class='ocr_line' id='line_1_52' title="bbox 449 5093 2038 5170; baseline -0.003 -15"><span class='ocrx_word' id='word_1_432' title='bbox 449 5115 672 5170; x_wconf 86' lang='lat' dir='ltr'><strong><em>eaquam</em></strong></span> <span class='ocrx_word' id='word_1_433' title='bbox 703 5099 926 5154; x_wconf 82' lang='lat' dir='ltr'><strong><em>eductus</em></strong></span> <span class='ocrx_word' id='word_1_434' title='bbox 971 5104 1055 5152; x_wconf 85' lang='lat' dir='ltr'><strong><em>est</em></strong></span> <span class='ocrx_word' id='word_1_435' title='bbox 1085 5096 1207 5150; x_wconf 86' lang='lat' dir='ltr'><strong><em>inde</em></strong></span> <span class='ocrx_word' id='word_1_436' title='bbox 1239 5095 1501 5164; x_wconf 85' lang='lat' dir='ltr'><strong><em>populus?</em></strong></span> <span class='ocrx_word' id='word_1_437' title='bbox 1532 5093 1632 5160; x_wconf 87' lang='lat' dir='ltr'><strong><em>Qui</em></strong></span> <span class='ocrx_word' id='word_1_438' title='bbox 1659 5097 1900 5165; x_wconf 80' lang='lat' dir='ltr'><strong><em>percussit</em></strong></span> <span class='ocrx_word' id='word_1_439' title='bbox 1925 5112 2038 5167; x_wconf 83' lang='lat' dir='ltr'><strong><em>gen-</em></strong></span> 
     </span>
    </p>
   </div>
   <div class='ocr_carea' id='block_1_53' title="bbox 451 5187 2037 5261">
    <p class='ocr_par' dir='ltr' id='par_1_53' title="bbox 451 5187 2037 5261">
     <span class='ocr_line' id='line_1_53' title="bbox 451 5187 2037 5261; baseline -0.003 -15"><span class='ocrx_word' id='word_1_440' title='bbox 451 5203 522 5246; x_wconf 85' lang='lat' dir='ltr'><strong><em>tes</em></strong></span> <span class='ocrx_word' id='word_1_441' title='bbox 579 5191 945 5261; x_wconf 66' lang='lat' dir='ltr'><strong><em>&quot;actitauqua:</em></strong></span> <span class='ocrx_word' id='word_1_442' title='bbox 995 5188 1334 5258; x_wconf 81' lang='lat' dir='ltr'><strong><em>possidebant</em></strong></span> <span class='ocrx_word' id='word_1_443' title='bbox 1380 5196 1572 5242; x_wconf 87' lang='lat' dir='ltr'><strong><em>terram</em></strong></span> <span class='ocrx_word' id='word_1_444' title='bbox 1622 5203 1779 5256; x_wconf 83' lang='lat' dir='ltr'><strong><em>quam</em></strong></span> <span class='ocrx_word' id='word_1_445' title='bbox 1826 5187 2037 5244; x_wconf 82' lang='lat' dir='ltr'><strong><em>volebat</em></strong></span> 
     </span>
    </p>
   </div>
   <div class='ocr_carea' id='block_1_54' title="bbox 451 5279 2034 5354">
    <p class='ocr_par' dir='ltr' id='par_1_54' title="bbox 451 5279 2034 5354">
     <span class='ocr_line' id='line_1_54' title="bbox 451 5279 2034 5354; baseline -0.004 -14"><span class='ocrx_word' id='word_1_446' title='bbox 451 5287 590 5340; x_wconf 84' lang='lat' dir='ltr'><strong><em>Deus</em></strong></span> <span class='ocrx_word' id='word_1_447' title='bbox 623 5285 751 5340; x_wconf 84' lang='lat' dir='ltr'><strong><em>dare</em></strong></span> <span class='ocrx_word' id='word_1_448' title='bbox 792 5283 989 5354; x_wconf 87' lang='lat' dir='ltr'><strong><em>populo</em></strong></span> <span class='ocrx_word' id='word_1_449' title='bbox 1027 5297 1143 5337; x_wconf 85' lang='lat' dir='ltr'><strong><em>suo.</em></strong></span> <span class='ocrx_word' id='word_1_450' title='bbox 1189 5279 1255 5336; x_wconf 83' lang='lat' dir='ltr'><strong><em>Et</em></strong></span> <span class='ocrx_word' id='word_1_451' title='bbox 1284 5279 1463 5335; x_wconf 82' lang='lat' dir='ltr'><strong><em>occidit</em></strong></span> <span class='ocrx_word' id='word_1_452' title='bbox 1504 5295 1644 5350; x_wconf 83' lang='lat' dir='ltr'><strong><em>reges</em></strong></span> <span class='ocrx_word' id='word_1_453' title='bbox 1673 5283 1867 5349; x_wconf 73' lang='lat' dir='ltr'><strong><em>fortes;</em></strong></span> <span class='ocrx_word' id='word_1_454' title='bbox 1897 5279 2034 5334; x_wconf 84' lang='lat' dir='ltr'><strong><em>Seon</em></strong></span> 
     </span>
    </p>
   </div>
   <div class='ocr_carea' id='block_1_55' title="bbox 448 5371 2033 5450">
    <p class='ocr_par' dir='ltr' id='par_1_55' title="bbox 448 5371 2033 5450">
     <span class='ocr_line' id='line_1_55' title="bbox 448 5371 2033 5450; baseline -0.004 -18"><span class='ocrx_word' id='word_1_455' title='bbox 448 5396 612 5450; x_wconf 77' lang='lat' dir='ltr'><strong><em>regem</em></strong></span> <span class='ocrx_word' id='word_1_456' title='bbox 641 5377 1051 5433; x_wconf 65' lang='lat' dir='ltr'><strong><em>Amori-hacrum</em></strong></span> <span class='ocrx_word' id='word_1_457' title='bbox 1073 5416 1090 5443; x_wconf 91' lang='lat'><strong><em>,</em></strong></span> <span class='ocrx_word' id='word_1_458' title='bbox 1129 5383 1175 5429; x_wconf 90' lang='lat' dir='ltr'><strong><em>et</em></strong></span> <span class='ocrx_word' id='word_1_459' title='bbox 1217 5372 1296 5446; x_wconf 76' lang='lat'><strong><em>09</em></strong></span> <span class='ocrx_word' id='word_1_460' title='bbox 1332 5390 1496 5445; x_wconf 85' lang='lat' dir='ltr'><strong><em>regem</em></strong></span> <span class='ocrx_word' id='word_1_461' title='bbox 1523 5371 1694 5428; x_wconf 82' lang='lat' dir='ltr'><strong><em>Busan</em></strong></span> <span class='ocrx_word' id='word_1_462' title='bbox 1713 5414 1727 5436; x_wconf 94' lang='lat'><strong><em>,</em></strong></span> <span class='ocrx_word' id='word_1_463' title='bbox 1779 5382 1824 5426; x_wconf 87' lang='lat' dir='ltr'><strong><em>et</em></strong></span> <span class='ocrx_word' id='word_1_464' title='bbox 1864 5374 2033 5426; x_wconf 81' lang='lat' dir='ltr'><strong><em>omnia</em></strong></span> 
     </span>
    </p>
   </div>
   <div class='ocr_carea' id='block_1_56' title="bbox 444 5465 2033 5544">
    <p class='ocr_par' dir='ltr' id='par_1_56' title="bbox 444 5465 2033 5544">
     <span class='ocr_line' id='line_1_56' title="bbox 444 5465 2033 5544; baseline -0.005 -18"><span class='ocrx_word' id='word_1_465' title='bbox 444 5490 601 5544; x_wconf 79' lang='lat' dir='ltr'><strong><em>regna</em></strong></span> <span class='ocrx_word' id='word_1_466' title='bbox 644 5472 909 5526; x_wconf 82' lang='lat' dir='ltr'><strong><em>Chanaan.</em></strong></span> <span class='ocrx_word' id='word_1_467' title='bbox 953 5468 1141 5524; x_wconf 81' lang='lat' dir='ltr'><strong><em>Omnia</em></strong></span> <span class='ocrx_word' id='word_1_468' title='bbox 1197 5469 1295 5520; x_wconf 83' lang='lat' dir='ltr'><strong><em>ista</em></strong></span> <span class='ocrx_word' id='word_1_469' title='bbox 1341 5465 1607 5536; x_wconf 86' lang='lat' dir='ltr'><strong><em>quomodo</em></strong></span> <span class='ocrx_word' id='word_1_470' title='bbox 1651 5473 2033 5520; x_wconf 73' lang='lat' dir='ltr'><strong><em>commemorat</em></strong></span> 
     </span>
    </p>
   </div>
   <div class='ocr_carea' id='block_1_57' title="bbox 447 5555 2030 5629">
    <p class='ocr_par' dir='ltr' id='par_1_57' title="bbox 447 5555 2030 5629">
     <span class='ocr_line' id='line_1_57' title="bbox 447 5555 2030 5629; baseline -0.006 -10"><span class='ocrx_word' id='word_1_471' title='bbox 447 5565 682 5620; x_wconf 86' lang='lat' dir='ltr'><strong><em>breviter</em></strong></span> <span class='ocrx_word' id='word_1_472' title='bbox 707 5564 949 5618; x_wconf 85' lang='lat' dir='ltr'><strong><em>Psalmus</em></strong></span> <span class='ocrx_word' id='word_1_473' title='bbox 970 5605 984 5627; x_wconf 94' lang='lat'><strong><em>,</em></strong></span> <span class='ocrx_word' id='word_1_474' title='bbox 1006 5561 1083 5618; x_wconf 86' lang='lat' dir='ltr'><strong><em>sic</em></strong></span> <span class='ocrx_word' id='word_1_475' title='bbox 1107 5575 1169 5615; x_wconf 89' lang='lat' dir='ltr'><strong><em>ea</em></strong></span> <span class='ocrx_word' id='word_1_476' title='bbox 1200 5560 1420 5629; x_wconf 83' lang='lat' dir='ltr'><strong><em>legimus</em></strong></span> <span class='ocrx_word' id='word_1_477' title='bbox 1451 5559 1502 5614; x_wconf 90' lang='lat' dir='ltr'><strong><em>in</em></strong></span> <span class='ocrx_word' id='word_1_478' title='bbox 1529 5557 1642 5612; x_wconf 85' lang='lat' dir='ltr'><strong><em>aliis</em></strong></span> <span class='ocrx_word' id='word_1_479' title='bbox 1669 5556 1841 5612; x_wconf 91' lang='lat' dir='ltr'><strong><em>Libris</em></strong></span> <span class='ocrx_word' id='word_1_480' title='bbox 1867 5555 2030 5612; x_wconf 91' lang='lat' dir='ltr'><strong><em>domi-</em></strong></span> 
     </span>
    </p>
   </div>
   <div class='ocr_carea' id='block_1_58' title="bbox 446 5648 2028 5726">
    <p class='ocr_par' dir='ltr' id='par_1_58' title="bbox 446 5648 2028 5726">
     <span class='ocr_line' id='line_1_58' title="bbox 446 5648 2028 5726; baseline -0.008 -12"><span class='ocrx_word' id='word_1_481' title='bbox 446 5661 600 5721; x_wconf 73' lang='lat' dir='ltr'><strong><em>nicis,</em></strong></span> <span class='ocrx_word' id='word_1_482' title='bbox 643 5667 698 5713; x_wconf 86' lang='lat' dir='ltr'><strong><em>et</em></strong></span> <span class='ocrx_word' id='word_1_483' title='bbox 717 5671 905 5726; x_wconf 85' lang='lat' dir='ltr'><strong><em>magna</em></strong></span> <span class='ocrx_word' id='word_1_484' title='bbox 935 5655 1003 5710; x_wconf 89' lang='lat' dir='ltr'><strong><em>ibi</em></strong></span> <span class='ocrx_word' id='word_1_485' title='bbox 1056 5666 1246 5708; x_wconf 89' lang='lat' dir='ltr'><strong><em>manus</em></strong></span> <span class='ocrx_word' id='word_1_486' title='bbox 1275 5651 1503 5705; x_wconf 69' lang='lat' dir='ltr'><strong><em>Domini.</em></strong></span> <span class='ocrx_word' id='word_1_487' title='bbox 1535 5649 1758 5717; x_wconf 85' lang='lat' dir='ltr'><strong><em>Quando</em></strong></span> <span class='ocrx_word' id='word_1_488' title='bbox 1802 5659 1856 5705; x_wconf 88' lang='lat' dir='ltr'><strong><em>tu</em></strong></span> <span class='ocrx_word' id='word_1_489' title='bbox 1881 5648 2028 5703; x_wconf 78' lang='lat' dir='ltr'><strong><em>vides</em></strong></span> 
     </span>
    </p>
   </div>
   <div class='ocr_carea' id='block_1_59' title="bbox 514 5807 1409 5879">
    <p class='ocr_par' dir='ltr' id='par_1_59' title="bbox 514 5807 1409 5879">
     <span class='ocr_line' id='line_1_59' title="bbox 514 5807 1409 5879; baseline 0.007 -17"><span class='ocrx_word' id='word_1_490' title='bbox 514 5820 526 5879; x_wconf 52' lang='grc' dir='ltr'><em>ε</em></span> <span class='ocrx_word' id='word_1_491' title='bbox 555 5813 776 5879; x_wconf 72' lang='lat' dir='ltr'><strong><em>Plerique</em></strong></span> <span class='ocrx_word' id='word_1_492' title='bbox 800 5820 929 5879; x_wconf 59' lang='lat' dir='ltr'><strong><em>Mss,</em></strong></span> <span class='ocrx_word' id='word_1_493' title='bbox 951 5807 1070 5862; x_wconf 71' lang='lat' dir='ltr'><strong><em>mhi!</em></strong></span> <span class='ocrx_word' id='word_1_494' title='bbox 1221 5809 1409 5860; x_wconf 71' lang='grc' dir='ltr'><strong><em>άατεηι·</em></strong></span> 
     </span>
    </p>
   </div>
   <div class='ocr_carea' id='block_1_60' title="bbox 511 5871 1195 5934">
    <p class='ocr_par' dir='ltr' id='par_1_60' title="bbox 511 5871 1195 5934">
     <span class='ocr_line' id='line_1_60' title="bbox 511 5871 1195 5934; baseline -0.001 -8"><span class='ocrx_word' id='word_1_495' title='bbox 511 5878 530 5909; x_wconf 77' lang='grc'>⁸</span> <span class='ocrx_word' id='word_1_496' title='bbox 556 5871 722 5927; x_wconf 69' lang='lat' dir='ltr'><strong><em>Plures</em></strong></span> <span class='ocrx_word' id='word_1_497' title='bbox 744 5883 870 5934; x_wconf 61' lang='lat' dir='ltr'><strong><em>Mss,</em></strong></span> <span class='ocrx_word' id='word_1_498' title='bbox 905 5873 1006 5934; x_wconf 82' lang='lat' dir='ltr'><strong><em>ipse</em></strong></span> <span class='ocrx_word' id='word_1_499' title='bbox 1031 5871 1195 5933; x_wconf 76' lang='lat' dir='ltr'><strong><em>refecit</em></strong></span> 
     </span>
    </p>
   </div>
   <div class='ocr_carea' id='block_1_61' title="bbox 1680 371 2475 434">
    <p class='ocr_par' dir='ltr' id='par_1_61' title="bbox 1680 371 2475 434">
     <span class='ocr_line' id='line_1_61' title="bbox 1680 371 2475 434; baseline -0.003 0"><span class='ocrx_word' id='word_1_500' title='bbox 1680 377 1738 434; x_wconf 91' lang='lat' dir='ltr'><strong><em>S.</em></strong></span> <span class='ocrx_word' id='word_1_501' title='bbox 1779 371 2146 434; x_wconf 76' lang='lat' dir='ltr'><strong><em>AUGUSTINI</em></strong></span> <span class='ocrx_word' id='word_1_502' title='bbox 2179 375 2475 433; x_wconf 84' lang='lat' dir='ltr'><strong><em>EPISCOPI</em></strong></span> 
     </span>
    </p>
   </div>
   <div class='ocr_carea' id='block_1_62' title="bbox 2715 331 2748 350">
    <p class='ocr_par' dir='ltr' id='par_1_62' title="bbox 2715 331 2748 350">
     <span class='ocr_line' id='line_1_62' title="bbox 2715 331 2748 350; baseline 0 -3"><span class='ocrx_word' id='word_1_503' title='bbox 2715 331 2748 350; x_wconf 60' lang='grc' dir='ltr'><strong><em>ο</em></strong></span> 
     </span>
    </p>
   </div>
   <div class='ocr_carea' id='block_1_63' title="bbox 3599 382 3736 441">
    <p class='ocr_par' dir='ltr' id='par_1_63' title="bbox 3599 382 3736 441">
     <span class='ocr_line' id='line_1_63' title="bbox 3599 382 3736 441; baseline -0.015 -1"><span class='ocrx_word' id='word_1_504' title='bbox 3599 382 3736 441; x_wconf 68' lang='grc'><strong>1748</strong></span> 
     </span>
    </p>
   </div>
   <div class='ocr_carea' id='block_1_64' title="bbox 2149 490 3740 562">
    <p class='ocr_par' dir='ltr' id='par_1_64' title="bbox 2149 490 3740 562">
     <span class='ocr_line' id='line_1_64' title="bbox 2149 490 3740 562; baseline 0.011 -19"><span class='ocrx_word' id='word_1_505' title='bbox 2149 508 2265 560; x_wconf 71' lang='lat' dir='ltr'><strong><em>qua:</em></strong></span> <span class='ocrx_word' id='word_1_506' title='bbox 2297 491 2427 546; x_wconf 85' lang='lat' dir='ltr'><strong><em>facta</em></strong></span> <span class='ocrx_word' id='word_1_507' title='bbox 2453 502 2576 546; x_wconf 86' lang='lat' dir='ltr'><strong><em>sunt</em></strong></span> <span class='ocrx_word' id='word_1_508' title='bbox 2600 490 2651 546; x_wconf 92' lang='lat' dir='ltr'><strong><em>in</em></strong></span> <span class='ocrx_word' id='word_1_509' title='bbox 2684 491 2904 562; x_wconf 88' lang='lat' dir='ltr'><strong><em>impios,</em></strong></span> <span class='ocrx_word' id='word_1_510' title='bbox 2949 508 3079 550; x_wconf 84' lang='lat' dir='ltr'><strong><em>cave</em></strong></span> <span class='ocrx_word' id='word_1_511' title='bbox 3105 510 3174 551; x_wconf 81' lang='lat' dir='ltr'><strong><em>ne</em></strong></span> <span class='ocrx_word' id='word_1_512' title='bbox 3192 495 3321 553; x_wconf 78' lang='lat' dir='ltr'><strong><em>ﬁant</em></strong></span> <span class='ocrx_word' id='word_1_513' title='bbox 3350 499 3405 554; x_wconf 93' lang='lat' dir='ltr'><strong><em>in</em></strong></span> <span class='ocrx_word' id='word_1_514' title='bbox 3433 509 3516 556; x_wconf 90' lang='lat' dir='ltr'><strong><em>te:</em></strong></span> <span class='ocrx_word' id='word_1_515' title='bbox 3543 504 3610 558; x_wconf 87' lang='lat' dir='ltr'><strong><em>ad</em></strong></span> <span class='ocrx_word' id='word_1_516' title='bbox 3640 505 3740 562; x_wconf 87' lang='lat' dir='ltr'><strong><em>hoc</em></strong></span> 
     </span>
    </p>
   </div>
   <div class='ocr_carea' id='block_1_65' title="bbox 2148 583 3736 659">
    <p class='ocr_par' dir='ltr' id='par_1_65' title="bbox 2148 583 3736 659">
     <span class='ocr_line' id='line_1_65' title="bbox 2148 583 3736 659; baseline 0.011 -22"><span class='ocrx_word' id='word_1_517' title='bbox 2148 583 2288 637; x_wconf 89' lang='lat' dir='ltr'><strong><em>enim</em></strong></span> <span class='ocrx_word' id='word_1_518' title='bbox 2321 584 2373 637; x_wconf 95' lang='lat' dir='ltr'><strong><em>in</em></strong></span> <span class='ocrx_word' id='word_1_519' title='bbox 2414 584 2531 638; x_wconf 91' lang='lat' dir='ltr'><strong><em>illos</em></strong></span> <span class='ocrx_word' id='word_1_520' title='bbox 2565 585 2694 638; x_wconf 82' lang='lat' dir='ltr'><strong><em>facta</em></strong></span> <span class='ocrx_word' id='word_1_521' title='bbox 2723 594 2845 640; x_wconf 90' lang='lat' dir='ltr'><strong><em>sunt</em></strong></span> <span class='ocrx_word' id='word_1_522' title='bbox 2869 627 2885 654; x_wconf 89' lang='lat'><strong><em>,</em></strong></span> <span class='ocrx_word' id='word_1_523' title='bbox 2918 596 2976 642; x_wconf 90' lang='lat' dir='ltr'><strong><em>ut</em></strong></span> <span class='ocrx_word' id='word_1_524' title='bbox 3004 596 3057 642; x_wconf 89' lang='lat' dir='ltr'><strong><em>tu</em></strong></span> <span class='ocrx_word' id='word_1_525' title='bbox 3097 591 3350 648; x_wconf 89' lang='lat' dir='ltr'><strong><em>transires</em></strong></span> <span class='ocrx_word' id='word_1_526' title='bbox 3371 636 3386 659; x_wconf 94' lang='lat'><strong><em>,</em></strong></span> <span class='ocrx_word' id='word_1_527' title='bbox 3421 605 3475 649; x_wconf 91' lang='lat' dir='ltr'><strong><em>et</em></strong></span> <span class='ocrx_word' id='word_1_528' title='bbox 3508 612 3602 652; x_wconf 89' lang='lat' dir='ltr'><strong><em>eos</em></strong></span> <span class='ocrx_word' id='word_1_529' title='bbox 3631 616 3736 654; x_wconf 90' lang='lat' dir='ltr'><strong><em>nou</em></strong></span> 
     </span>
    </p>
   </div>
   <div class='ocr_carea' id='block_1_66' title="bbox 2150 674 3738 764">
    <p class='ocr_par' dir='ltr' id='par_1_66' title="bbox 2150 674 3738 764">
     <span class='ocr_line' id='line_1_66' title="bbox 2150 674 3738 764; baseline 0.014 -36"><span class='ocrx_word' id='word_1_530' title='bbox 2150 674 2463 742; x_wconf 88' lang='lat' dir='ltr'><strong><em>imitareris,</em></strong></span> <span class='ocrx_word' id='word_1_531' title='bbox 2505 684 2560 730; x_wconf 86' lang='lat' dir='ltr'><strong><em>et</em></strong></span> <span class='ocrx_word' id='word_1_532' title='bbox 2595 675 2716 730; x_wconf 87' lang='lat' dir='ltr'><strong><em>talia</em></strong></span> <span class='ocrx_word' id='word_1_533' title='bbox 2754 692 2858 732; x_wconf 91' lang='lat' dir='ltr'><strong><em>non</em></strong></span> <span class='ocrx_word' id='word_1_534' title='bbox 2900 682 3176 749; x_wconf 84' lang='lat' dir='ltr'><strong><em>patereris.</em></strong></span> <span class='ocrx_word' id='word_1_535' title='bbox 3225 683 3426 742; x_wconf 84' lang='lat' dir='ltr'><strong><em>Tamen</em></strong></span> <span class='ocrx_word' id='word_1_536' title='bbox 3466 689 3585 745; x_wconf 90' lang='lat' dir='ltr'><strong><em>vide</em></strong></span> <span class='ocrx_word' id='word_1_537' title='bbox 3613 695 3738 764; x_wconf 85' lang='lat' dir='ltr'><strong><em>quia</em></strong></span> 
     </span>
    </p>
   </div>
   <div class='ocr_carea' id='block_1_67' title="bbox 2149 765 3738 855">
    <p class='ocr_par' dir='ltr' id='par_1_67' title="bbox 2149 765 3738 855">
     <span class='ocr_line' id='line_1_67' title="bbox 2149 765 3738 855; baseline 0.015 -34"><span class='ocrx_word' id='word_1_538' title='bbox 2149 765 2411 835; x_wconf 85' lang='lat' dir='ltr'><strong><em>ﬂagellum</em></strong></span> <span class='ocrx_word' id='word_1_539' title='bbox 2446 767 2651 823; x_wconf 91' lang='lat' dir='ltr'><strong><em>Domini</em></strong></span> <span class='ocrx_word' id='word_1_540' title='bbox 2679 777 2762 823; x_wconf 89' lang='lat' dir='ltr'><strong><em>est</em></strong></span> <span class='ocrx_word' id='word_1_541' title='bbox 2789 785 2949 840; x_wconf 85' lang='lat' dir='ltr'><strong><em>super</em></strong></span> <span class='ocrx_word' id='word_1_542' title='bbox 2976 783 3186 829; x_wconf 87' lang='lat' dir='ltr'><strong><em>omnem</em></strong></span> <span class='ocrx_word' id='word_1_543' title='bbox 3219 793 3452 835; x_wconf 86' lang='lat' dir='ltr'><strong><em>carnem.</em></strong></span> <span class='ocrx_word' id='word_1_544' title='bbox 3483 783 3558 838; x_wconf 84' lang='lat' dir='ltr'><strong><em>Ne</em></strong></span> <span class='ocrx_word' id='word_1_545' title='bbox 3587 798 3738 855; x_wconf 87' lang='lat' dir='ltr'><strong><em>putes</em></strong></span> 
     </span>
    </p>
   </div>
   <div class='ocr_carea' id='block_1_68' title="bbox 2155 859 3733 946">
    <p class='ocr_par' dir='ltr' id='par_1_68' title="bbox 2155 859 3733 946">
     <span class='ocr_line' id='line_1_68' title="bbox 2155 859 3733 946; baseline 0.013 -34"><span class='ocrx_word' id='word_1_546' title='bbox 2155 869 2204 913; x_wconf 89' lang='lat' dir='ltr'><strong><em>te</em></strong></span> <span class='ocrx_word' id='word_1_547' title='bbox 2234 873 2335 912; x_wconf 90' lang='lat' dir='ltr'><strong><em>non</em></strong></span> <span class='ocrx_word' id='word_1_548' title='bbox 2365 859 2530 915; x_wconf 89' lang='lat' dir='ltr'><strong><em>videri</em></strong></span> <span class='ocrx_word' id='word_1_549' title='bbox 2555 862 2768 932; x_wconf 88' lang='lat' dir='ltr'><strong><em>quando</em></strong></span> <span class='ocrx_word' id='word_1_550' title='bbox 2794 879 2981 932; x_wconf 87' lang='lat' dir='ltr'><strong><em>peccas</em></strong></span> <span class='ocrx_word' id='word_1_551' title='bbox 3011 907 3025 931; x_wconf 93' lang='lat'><strong><em>,</em></strong></span> <span class='ocrx_word' id='word_1_552' title='bbox 3069 883 3135 922; x_wconf 90' lang='lat' dir='ltr'><strong><em>ne</em></strong></span> <span class='ocrx_word' id='word_1_553' title='bbox 3162 878 3313 936; x_wconf 88' lang='lat' dir='ltr'><strong><em>putes</em></strong></span> <span class='ocrx_word' id='word_1_554' title='bbox 3343 881 3394 926; x_wconf 90' lang='lat' dir='ltr'><strong><em>te</em></strong></span> <span class='ocrx_word' id='word_1_555' title='bbox 3444 881 3733 946; x_wconf 89' lang='lat' dir='ltr'><strong><em>contemni,</em></strong></span> 
     </span>
    </p>
   </div>
   <div class='ocr_carea' id='block_1_69' title="bbox 2153 952 3737 1037">
    <p class='ocr_par' dir='ltr' id='par_1_69' title="bbox 2153 952 3737 1037">
     <span class='ocr_line' id='line_1_69' title="bbox 2153 952 3737 1037; baseline 0.015 -34"><span class='ocrx_word' id='word_1_556' title='bbox 2153 968 2219 1005; x_wconf 90' lang='lat' dir='ltr'><strong><em>ne</em></strong></span> <span class='ocrx_word' id='word_1_557' title='bbox 2253 961 2406 1021; x_wconf 87' lang='lat' dir='ltr'><strong><em>putes</em></strong></span> <span class='ocrx_word' id='word_1_558' title='bbox 2452 952 2731 1008; x_wconf 87' lang='lat' dir='ltr'><strong><em>Dominum</em></strong></span> <span class='ocrx_word' id='word_1_559' title='bbox 2758 955 3029 1013; x_wconf 87' lang='lat' dir='ltr'><strong><em>dormire:</em></strong></span> <span class='ocrx_word' id='word_1_560' title='bbox 3069 962 3283 1018; x_wconf 85' lang='lat' dir='ltr'><strong><em>attende</em></strong></span> <span class='ocrx_word' id='word_1_561' title='bbox 3313 969 3552 1037; x_wconf 79' lang='lat' dir='ltr'><strong><em>exempla</em></strong></span> <span class='ocrx_word' id='word_1_562' title='bbox 3577 970 3737 1026; x_wconf 81' lang='lat' dir='ltr'><strong><em>bene-</em></strong></span> 
     </span>
    </p>
   </div>
   <div class='ocr_carea' id='block_1_70' title="bbox 2153 1043 3738 1120">
    <p class='ocr_par' dir='ltr' id='par_1_70' title="bbox 2153 1043 3738 1120">
     <span class='ocr_line' id='line_1_70' title="bbox 2153 1043 3738 1120; baseline 0.013 -22"><span class='ocrx_word' id='word_1_563' title='bbox 2153 1043 2390 1100; x_wconf 88' lang='lat' dir='ltr'><strong><em>ﬁciormn</em></strong></span> <span class='ocrx_word' id='word_1_564' title='bbox 2420 1046 2548 1113; x_wconf 89' lang='lat' dir='ltr'><strong><em>Dei,</em></strong></span> <span class='ocrx_word' id='word_1_565' title='bbox 2590 1062 2709 1103; x_wconf 89' lang='lat' dir='ltr'><strong><em>cum</em></strong></span> <span class='ocrx_word' id='word_1_566' title='bbox 2757 1065 2816 1104; x_wconf 86' lang='lat' dir='ltr'><strong><em>ea</em></strong></span> <span class='ocrx_word' id='word_1_567' title='bbox 2850 1052 3068 1119; x_wconf 88' lang='lat' dir='ltr'><strong><em>recolis;</em></strong></span> <span class='ocrx_word' id='word_1_568' title='bbox 3103 1065 3302 1111; x_wconf 90' lang='lat' dir='ltr'><strong><em>etcum</em></strong></span> <span class='ocrx_word' id='word_1_569' title='bbox 3331 1061 3614 1117; x_wconf 86' lang='lat' dir='ltr'><strong><em>vindictam</em></strong></span> <span class='ocrx_word' id='word_1_570' title='bbox 3647 1065 3738 1120; x_wconf 82' lang='lat' dir='ltr'><strong><em>Dei</em></strong></span> 
     </span>
    </p>
   </div>
   <div class='ocr_carea' id='block_1_71' title="bbox 2154 1136 3742 1224">
    <p class='ocr_par' dir='ltr' id='par_1_71' title="bbox 2154 1136 3742 1224">
     <span class='ocr_line' id='line_1_71' title="bbox 2154 1136 3742 1224; baseline 0.016 -34"><span class='ocrx_word' id='word_1_571' title='bbox 2154 1136 2344 1191; x_wconf 89' lang='lat' dir='ltr'><strong><em>recolis</em></strong></span> <span class='ocrx_word' id='word_1_572' title='bbox 2367 1180 2380 1202; x_wconf 96' lang='lat'><strong><em>,</em></strong></span> <span class='ocrx_word' id='word_1_573' title='bbox 2414 1137 2558 1193; x_wconf 84' lang='lat' dir='ltr'><strong><em>time.</em></strong></span> <span class='ocrx_word' id='word_1_574' title='bbox 2581 1139 2928 1212; x_wconf 85' lang='lat' dir='ltr'><strong><em>Omnipotens</em></strong></span> <span class='ocrx_word' id='word_1_575' title='bbox 2949 1154 3049 1210; x_wconf 89' lang='lat' dir='ltr'><strong><em>est,</em></strong></span> <span class='ocrx_word' id='word_1_576' title='bbox 3079 1155 3131 1201; x_wconf 90' lang='lat' dir='ltr'><strong><em>et</em></strong></span> <span class='ocrx_word' id='word_1_577' title='bbox 3160 1148 3226 1203; x_wconf 91' lang='lat' dir='ltr'><strong><em>ad</em></strong></span> <span class='ocrx_word' id='word_1_578' title='bbox 3253 1153 3657 1224; x_wconf 87' lang='lat' dir='ltr'><strong><em>consolandum,</em></strong></span> <span class='ocrx_word' id='word_1_579' title='bbox 3687 1168 3742 1214; x_wconf 90' lang='lat' dir='ltr'><strong><em>et</em></strong></span> 
     </span>
    </p>
   </div>
   <div class='ocr_carea' id='block_1_72' title="bbox 2153 1227 3738 1319">
    <p class='ocr_par' dir='ltr' id='par_1_72' title="bbox 2153 1227 3738 1319">
     <span class='ocr_line' id='line_1_72' title="bbox 2153 1227 3738 1319; baseline 0.016 -40"><span class='ocrx_word' id='word_1_580' title='bbox 2153 1227 2216 1280; x_wconf 87' lang='lat' dir='ltr'><strong><em>ad</em></strong></span> <span class='ocrx_word' id='word_1_581' title='bbox 2245 1229 2628 1298; x_wconf 76' lang='lat' dir='ltr'><strong><em>castigandum.</em></strong></span> <span class='ocrx_word' id='word_1_582' title='bbox 2671 1232 2791 1288; x_wconf 69' lang='lat' dir='ltr'><strong><em>laico</em></strong></span> <span class='ocrx_word' id='word_1_583' title='bbox 2829 1245 2954 1290; x_wconf 90' lang='lat' dir='ltr'><strong><em>sunt</em></strong></span> <span class='ocrx_word' id='word_1_584' title='bbox 2986 1237 3085 1293; x_wconf 90' lang='lat' dir='ltr'><strong><em>ista</em></strong></span> <span class='ocrx_word' id='word_1_585' title='bbox 3118 1240 3262 1296; x_wconf 86' lang='lat' dir='ltr'><strong><em>utilia</em></strong></span> <span class='ocrx_word' id='word_1_586' title='bbox 3310 1257 3430 1298; x_wconf 91' lang='lat' dir='ltr'><strong><em>cum</em></strong></span> <span class='ocrx_word' id='word_1_587' title='bbox 3471 1246 3738 1319; x_wconf 88' lang='lat' dir='ltr'><strong><em>leguntur.</em></strong></span> 
     </span>
    </p>
   </div>
   <div class='ocr_carea' id='block_1_73' title="bbox 2153 1321 3742 1413">
    <p class='ocr_par' dir='ltr' id='par_1_73' title="bbox 2153 1321 3742 1413">
     <span class='ocr_line' id='line_1_73' title="bbox 2153 1321 3742 1413; baseline 0.018 -42"><span class='ocrx_word' id='word_1_588' title='bbox 2153 1321 2376 1388; x_wconf 84' lang='lat' dir='ltr'><strong><em>Quando</em></strong></span> <span class='ocrx_word' id='word_1_589' title='bbox 2406 1333 2584 1380; x_wconf 87' lang='lat' dir='ltr'><strong><em>autem</em></strong></span> <span class='ocrx_word' id='word_1_590' title='bbox 2614 1326 2729 1396; x_wconf 90' lang='lat' dir='ltr'><strong><em>pius</em></strong></span> <span class='ocrx_word' id='word_1_591' title='bbox 2747 1328 2889 1384; x_wconf 89' lang='lat' dir='ltr'><strong><em>videt</em></strong></span> <span class='ocrx_word' id='word_1_592' title='bbox 2913 1332 3052 1402; x_wconf 90' lang='lat' dir='ltr'><strong><em>quod</em></strong></span> <span class='ocrx_word' id='word_1_593' title='bbox 3072 1348 3258 1404; x_wconf 90' lang='lat' dir='ltr'><strong><em>passus</em></strong></span> <span class='ocrx_word' id='word_1_594' title='bbox 3282 1346 3366 1393; x_wconf 90' lang='lat' dir='ltr'><strong><em>est</em></strong></span> <span class='ocrx_word' id='word_1_595' title='bbox 3385 1339 3596 1409; x_wconf 89' lang='lat' dir='ltr'><strong><em>impius,</em></strong></span> <span class='ocrx_word' id='word_1_596' title='bbox 3619 1361 3742 1413; x_wconf 89' lang='lat' dir='ltr'><strong><em>pur-</em></strong></span> 
     </span>
    </p>
   </div>
   <div class='ocr_carea' id='block_1_74' title="bbox 2154 1417 3740 1502">
    <p class='ocr_par' dir='ltr' id='par_1_74' title="bbox 2154 1417 3740 1502">
     <span class='ocr_line' id='line_1_74' title="bbox 2154 1417 3740 1502; baseline 0.016 -36"><span class='ocrx_word' id='word_1_597' title='bbox 2154 1425 2242 1484; x_wconf 77' lang='lat' dir='ltr'><strong><em>gat</em></strong></span> <span class='ocrx_word' id='word_1_598' title='bbox 2271 1432 2330 1471; x_wconf 88' lang='lat' dir='ltr'><strong><em>se</em></strong></span> <span class='ocrx_word' id='word_1_599' title='bbox 2359 1417 2426 1471; x_wconf 90' lang='lat' dir='ltr'><strong><em>ab</em></strong></span> <span class='ocrx_word' id='word_1_600' title='bbox 2453 1420 2596 1474; x_wconf 92' lang='lat' dir='ltr'><strong><em>omni</em></strong></span> <span class='ocrx_word' id='word_1_601' title='bbox 2628 1421 2900 1491; x_wconf 83' lang='lat' dir='ltr'><strong><em>impietate</em></strong></span> <span class='ocrx_word' id='word_1_602' title='bbox 2922 1467 2935 1488; x_wconf 94' lang='lat'><strong><em>,</em></strong></span> <span class='ocrx_word' id='word_1_603' title='bbox 2964 1441 3032 1480; x_wconf 84' lang='lat' dir='ltr'><strong><em>ne</em></strong></span> <span class='ocrx_word' id='word_1_604' title='bbox 3062 1428 3239 1483; x_wconf 88' lang='lat' dir='ltr'><strong><em>veniat</em></strong></span> <span class='ocrx_word' id='word_1_605' title='bbox 3265 1441 3320 1486; x_wconf 90' lang='lat' dir='ltr'><strong><em>et</em></strong></span> <span class='ocrx_word' id='word_1_606' title='bbox 3351 1432 3464 1502; x_wconf 89' lang='lat' dir='ltr'><strong><em>ipse</em></strong></span> <span class='ocrx_word' id='word_1_607' title='bbox 3495 1435 3545 1489; x_wconf 93' lang='lat' dir='ltr'><strong><em>in</em></strong></span> <span class='ocrx_word' id='word_1_608' title='bbox 3585 1438 3740 1492; x_wconf 88' lang='lat' dir='ltr'><strong><em>talem</em></strong></span> 
     </span>
    </p>
   </div>
   <div class='ocr_carea' id='block_1_75' title="bbox 2158 1512 3740 1599">
    <p class='ocr_par' dir='ltr' id='par_1_75' title="bbox 2158 1512 3740 1599">
     <span class='ocr_line' id='line_1_75' title="bbox 2158 1512 3740 1599; baseline 0.015 -38"><span class='ocrx_word' id='word_1_609' title='bbox 2158 1524 2365 1578; x_wconf 79' lang='lat' dir='ltr'><strong><em>pmnam</em></strong></span> <span class='ocrx_word' id='word_1_610' title='bbox 2411 1512 2676 1582; x_wconf 88' lang='lat' dir='ltr'><strong><em>talemque</em></strong></span> <span class='ocrx_word' id='word_1_611' title='bbox 2704 1515 3010 1571; x_wconf 82' lang='lat' dir='ltr'><strong><em>vindictam.</em></strong></span> <span class='ocrx_word' id='word_1_612' title='bbox 3051 1519 3193 1575; x_wconf 86' lang='lat' dir='ltr'><strong><em>Bene</em></strong></span> <span class='ocrx_word' id='word_1_613' title='bbox 3240 1538 3368 1593; x_wconf 84' lang='lat' dir='ltr'><strong><em>ergo</em></strong></span> <span class='ocrx_word' id='word_1_614' title='bbox 3394 1523 3508 1581; x_wconf 81' lang='lat' dir='ltr'><strong><em>haec</em></strong></span> <span class='ocrx_word' id='word_1_615' title='bbox 3537 1531 3740 1599; x_wconf 84' lang='lat' dir='ltr'><strong><em>accepi-</em></strong></span> 
     </span>
    </p>
   </div>
   <div class='ocr_carea' id='block_1_76' title="bbox 2156 1602 3742 1684">
    <p class='ocr_par' dir='ltr' id='par_1_76' title="bbox 2156 1602 3742 1684">
     <span class='ocr_line' id='line_1_76' title="bbox 2156 1602 3742 1684; baseline 0.013 -30"><span class='ocrx_word' id='word_1_616' title='bbox 2156 1602 2270 1655; x_wconf 88' lang='lat' dir='ltr'><strong><em>stis.</em></strong></span> <span class='ocrx_word' id='word_1_617' title='bbox 2295 1602 2431 1668; x_wconf 87' lang='lat' dir='ltr'><strong><em>Quid</em></strong></span> <span class='ocrx_word' id='word_1_618' title='bbox 2448 1602 2641 1660; x_wconf 88' lang='lat' dir='ltr'><strong><em>deinde</em></strong></span> <span class='ocrx_word' id='word_1_619' title='bbox 2667 1604 2791 1660; x_wconf 80' lang='lat' dir='ltr'><strong><em>fecit</em></strong></span> <span class='ocrx_word' id='word_1_620' title='bbox 2811 1608 2987 1664; x_wconf 84' lang='lat' dir='ltr'><strong><em>Deus?</em></strong></span> <span class='ocrx_word' id='word_1_621' title='bbox 3014 1610 3224 1681; x_wconf 79' lang='lat' dir='ltr'><strong><em>Expulit</em></strong></span> <span class='ocrx_word' id='word_1_622' title='bbox 3256 1615 3447 1684; x_wconf 85' lang='lat' dir='ltr'><strong><em>impios</em></strong></span> <span class='ocrx_word' id='word_1_623' title='bbox 3475 1636 3486 1670; x_wconf 88' lang='lat'><strong><em>:</em></strong></span> <span class='ocrx_word' id='word_1_624' title='bbox 3519 1618 3584 1672; x_wconf 87' lang='lat' dir='ltr'><strong><em>Et</em></strong></span> <span class='ocrx_word' id='word_1_625' title='bbox 3605 1623 3742 1676; x_wconf 75' lang='lat' dir='ltr'><strong><em>dedit</em></strong></span> 
     </span>
    </p>
   </div>
   <div class='ocr_carea' id='block_1_77' title="bbox 2156 1696 3737 1768">
    <p class='ocr_par' dir='ltr' id='par_1_77' title="bbox 2156 1696 3737 1768">
     <span class='ocr_line' id='line_1_77' title="bbox 2156 1696 3737 1768; baseline 0.015 -23"><span class='ocrx_word' id='word_1_626' title='bbox 2156 1705 2338 1747; x_wconf 88' lang='lat' dir='ltr'><strong><em>terram</em></strong></span> <span class='ocrx_word' id='word_1_627' title='bbox 2355 1710 2526 1749; x_wconf 82' lang='lat' dir='ltr'><strong><em>eorum</em></strong></span> <span class='ocrx_word' id='word_1_628' title='bbox 2551 1696 2910 1766; x_wconf 58' lang='lat' dir='ltr'><strong><em>hereditatem,</em></strong></span> <span class='ocrx_word' id='word_1_629' title='bbox 2940 1701 3279 1758; x_wconf 65' lang='lat' dir='ltr'><strong><em>haereditatem</em></strong></span> <span class='ocrx_word' id='word_1_630' title='bbox 3300 1705 3614 1766; x_wconf 83' lang='lat' dir='ltr'><strong><em>Israelservo</em></strong></span> <span class='ocrx_word' id='word_1_631' title='bbox 3626 1729 3737 1768; x_wconf 85' lang='lat' dir='ltr'><strong><em>suo.</em></strong></span> 
     </span>
    </p>
   </div>
   <div class='ocr_carea' id='block_1_78' title="bbox 2230 1783 3742 1870">
    <p class='ocr_par' dir='ltr' id='par_1_78' title="bbox 2230 1783 3742 1870">
     <span class='ocr_line' id='line_1_78' title="bbox 2230 1783 3742 1870; baseline 0.013 -31"><span class='ocrx_word' id='word_1_632' title='bbox 2230 1785 2314 1839; x_wconf 75' lang='grc'><strong><em>15.</em></strong></span> <span class='ocrx_word' id='word_1_633' title='bbox 2350 1783 2498 1862; x_wconf 87' lang='lat' dir='ltr'><strong><em>[vers.</em></strong></span> <span class='ocrx_word' id='word_1_634' title='bbox 2530 1785 2644 1860; x_wconf 63' lang='lat'><strong><em>45.]</em></strong></span> <span class='ocrx_word' id='word_1_635' title='bbox 2671 1787 2872 1844; x_wconf 89' lang='lat' dir='ltr'><strong><em>Deinde</em></strong></span> <span class='ocrx_word' id='word_1_636' title='bbox 2890 1791 3174 1849; x_wconf 83' lang='lat' dir='ltr'><strong><em>exsultatio</em></strong></span> <span class='ocrx_word' id='word_1_637' title='bbox 3197 1796 3367 1853; x_wconf 86' lang='lat' dir='ltr'><strong><em>laudis</em></strong></span> <span class='ocrx_word' id='word_1_638' title='bbox 3386 1800 3531 1870; x_wconf 85' lang='lat' dir='ltr'><strong><em>ejus:</em></strong></span> <span class='ocrx_word' id='word_1_639' title='bbox 3562 1802 3742 1858; x_wconf 85' lang='lat' dir='ltr'><strong><em>Domi-</em></strong></span> 
     </span>
    </p>
   </div>
   <div class='ocr_carea' id='block_1_79' title="bbox 2157 1881 3741 1969">
    <p class='ocr_par' dir='ltr' id='par_1_79' title="bbox 2157 1881 3741 1969">
     <span class='ocr_line' id='line_1_79' title="bbox 2157 1881 3741 1969; baseline 0.017 -41"><span class='ocrx_word' id='word_1_640' title='bbox 2157 1893 2254 1937; x_wconf 87' lang='lat' dir='ltr'><strong><em>ne,</em></strong></span> <span class='ocrx_word' id='word_1_641' title='bbox 2287 1894 2467 1932; x_wconf 87' lang='lat' dir='ltr'><strong><em>nomen</em></strong></span> <span class='ocrx_word' id='word_1_642' title='bbox 2514 1887 2655 1933; x_wconf 87' lang='lat' dir='ltr'><strong><em>tuum</em></strong></span> <span class='ocrx_word' id='word_1_643' title='bbox 2700 1881 2752 1936; x_wconf 87' lang='lat' dir='ltr'><strong><em>in</em></strong></span> <span class='ocrx_word' id='word_1_644' title='bbox 2797 1885 3037 1940; x_wconf 81' lang='lat' dir='ltr'><strong><em>steculum</em></strong></span> <span class='ocrx_word' id='word_1_645' title='bbox 3059 1903 3081 1952; x_wconf 87' lang='lat'><strong><em>;</em></strong></span> <span class='ocrx_word' id='word_1_646' title='bbox 3121 1901 3238 1959; x_wconf 91' lang='lat' dir='ltr'><strong><em>post</em></strong></span> <span class='ocrx_word' id='word_1_647' title='bbox 3274 1893 3370 1947; x_wconf 90' lang='lat' dir='ltr'><strong><em>ista</em></strong></span> <span class='ocrx_word' id='word_1_648' title='bbox 3401 1898 3575 1950; x_wconf 86' lang='lat' dir='ltr'><strong><em>omnia</em></strong></span> <span class='ocrx_word' id='word_1_649' title='bbox 3619 1918 3741 1969; x_wconf 71' lang='lat' dir='ltr'><strong><em>qua:</em></strong></span> 
     </span>
    </p>
   </div>
   <div class='ocr_carea' id='block_1_80' title="bbox 2158 1971 3740 2057">
    <p class='ocr_par' dir='ltr' id='par_1_80' title="bbox 2158 1971 3740 2057">
     <span class='ocr_line' id='line_1_80' title="bbox 2158 1971 3740 2057; baseline 0.016 -33"><span class='ocrx_word' id='word_1_650' title='bbox 2158 1971 2347 2027; x_wconf 82' lang='lat' dir='ltr'><strong><em>fecisti.</em></strong></span> <span class='ocrx_word' id='word_1_651' title='bbox 2360 1972 2493 2038; x_wconf 87' lang='lat' dir='ltr'><strong><em>Quid</em></strong></span> <span class='ocrx_word' id='word_1_652' title='bbox 2505 1973 2645 2028; x_wconf 91' lang='lat' dir='ltr'><strong><em>enim</em></strong></span> <span class='ocrx_word' id='word_1_653' title='bbox 2659 1975 2814 2030; x_wconf 87' lang='lat' dir='ltr'><strong><em>video</em></strong></span> <span class='ocrx_word' id='word_1_654' title='bbox 2837 1994 2953 2048; x_wconf 80' lang='lat' dir='ltr'><strong><em>quae</em></strong></span> <span class='ocrx_word' id='word_1_655' title='bbox 2979 1979 3178 2037; x_wconf 78' lang='lat' dir='ltr'><strong><em>fecisti?</em></strong></span> <span class='ocrx_word' id='word_1_656' title='bbox 3198 1985 3424 2057; x_wconf 75' lang='lat' dir='ltr'><strong><em>InSpicio</em></strong></span> <span class='ocrx_word' id='word_1_657' title='bbox 3443 2003 3740 2050; x_wconf 87' lang='lat' dir='ltr'><strong><em>creaturam</em></strong></span> 
     </span>
    </p>
   </div>
   <div class='ocr_carea' id='block_1_81' title="bbox 2158 2063 3743 2154">
    <p class='ocr_par' dir='ltr' id='par_1_81' title="bbox 2158 2063 3743 2154">
     <span class='ocr_line' id='line_1_81' title="bbox 2158 2063 3743 2154; baseline 0.016 -38"><span class='ocrx_word' id='word_1_658' title='bbox 2158 2071 2299 2116; x_wconf 89' lang='lat' dir='ltr'><strong><em>tuam</em></strong></span> <span class='ocrx_word' id='word_1_659' title='bbox 2319 2079 2474 2133; x_wconf 88' lang='lat' dir='ltr'><strong><em>quam</em></strong></span> <span class='ocrx_word' id='word_1_660' title='bbox 2499 2063 2667 2120; x_wconf 80' lang='lat' dir='ltr'><strong><em>iecisti</em></strong></span> <span class='ocrx_word' id='word_1_661' title='bbox 2697 2066 2748 2121; x_wconf 92' lang='lat' dir='ltr'><strong><em>in</em></strong></span> <span class='ocrx_word' id='word_1_662' title='bbox 2775 2067 2934 2136; x_wconf 61' lang='lat' dir='ltr'><strong><em>caelo,</em></strong></span> <span class='ocrx_word' id='word_1_663' title='bbox 2964 2072 3185 2144; x_wconf 77' lang='lat' dir='ltr'><strong><em>inSpicio</em></strong></span> <span class='ocrx_word' id='word_1_664' title='bbox 3207 2076 3342 2136; x_wconf 85' lang='lat' dir='ltr'><strong><em>hanc</em></strong></span> <span class='ocrx_word' id='word_1_665' title='bbox 3358 2082 3514 2137; x_wconf 88' lang='lat' dir='ltr'><strong><em>imam</em></strong></span> <span class='ocrx_word' id='word_1_666' title='bbox 3539 2095 3743 2154; x_wconf 84' lang='lat' dir='ltr'><strong><em>partem</em></strong></span> 
     </span>
    </p>
   </div>
   <div class='ocr_carea' id='block_1_82' title="bbox 2160 2153 3742 2245">
    <p class='ocr_par' dir='ltr' id='par_1_82' title="bbox 2160 2153 3742 2245">
     <span class='ocr_line' id='line_1_82' title="bbox 2160 2153 3742 2245; baseline 0.018 -39"><span class='ocrx_word' id='word_1_667' title='bbox 2160 2153 2243 2207; x_wconf 90' lang='lat' dir='ltr'><strong><em>ubi</em></strong></span> <span class='ocrx_word' id='word_1_668' title='bbox 2271 2154 2681 2224; x_wconf 87' lang='lat' dir='ltr'><strong><em>habitamus;et</em></strong></span> <span class='ocrx_word' id='word_1_669' title='bbox 2701 2157 2824 2214; x_wconf 89' lang='lat' dir='ltr'><strong><em>hinc</em></strong></span> <span class='ocrx_word' id='word_1_670' title='bbox 2851 2161 3008 2218; x_wconf 90' lang='lat' dir='ltr'><strong><em>video</em></strong></span> <span class='ocrx_word' id='word_1_671' title='bbox 3051 2163 3306 2225; x_wconf 74' lang='lat' dir='ltr'><strong><em>beneﬁcia</em></strong></span> <span class='ocrx_word' id='word_1_672' title='bbox 3353 2183 3458 2240; x_wconf 83' lang='lat' dir='ltr'><strong><em>tua,</em></strong></span> <span class='ocrx_word' id='word_1_673' title='bbox 3495 2153 3742 2245; x_wconf 87' lang='lat' dir='ltr'><strong><em>nubium,</em></strong></span> 
     </span>
    </p>
   </div>
   <div class='ocr_carea' id='block_1_83' title="bbox 2158 2252 3743 2328">
    <p class='ocr_par' dir='ltr' id='par_1_83' title="bbox 2158 2252 3743 2328">
     <span class='ocr_line' id='line_1_83' title="bbox 2158 2252 3743 2328; baseline 0.018 -31"><span class='ocrx_word' id='word_1_674' title='bbox 2158 2256 2455 2315; x_wconf 88' lang='lat' dir='ltr'><strong><em>ventorum,</em></strong></span> <span class='ocrx_word' id='word_1_675' title='bbox 2476 2252 2790 2320; x_wconf 87' lang='lat' dir='ltr'><strong><em>pluviarum.</em></strong></span> <span class='ocrx_word' id='word_1_676' title='bbox 2810 2257 3068 2328; x_wconf 85' lang='lat' dir='ltr'><strong><em>Populum</em></strong></span> <span class='ocrx_word' id='word_1_677' title='bbox 3092 2270 3234 2315; x_wconf 93' lang='lat' dir='ltr'><strong><em>tuum</em></strong></span> <span class='ocrx_word' id='word_1_678' title='bbox 3249 2266 3466 2320; x_wconf 87' lang='lat' dir='ltr'><strong><em>attendo</em></strong></span> <span class='ocrx_word' id='word_1_679' title='bbox 3484 2287 3498 2323; x_wconf 93' lang='lat'><strong><em>:</em></strong></span> <span class='ocrx_word' id='word_1_680' title='bbox 3515 2269 3743 2327; x_wconf 87' lang='lat' dir='ltr'><strong><em>eduxisti</em></strong></span> 
     </span>
    </p>
   </div>
   <div class='ocr_carea' id='block_1_84' title="bbox 2157 2341 3743 2432">
    <p class='ocr_par' dir='ltr' id='par_1_84' title="bbox 2157 2341 3743 2432">
     <span class='ocr_line' id='line_1_84' title="bbox 2157 2341 3743 2432; baseline 0.017 -40"><span class='ocrx_word' id='word_1_681' title='bbox 2157 2355 2251 2432; x_wconf 81' lang='lat' dir='ltr'><strong><em>eos</em></strong></span> <span class='ocrx_word' id='word_1_682' title='bbox 2279 2341 2346 2396; x_wconf 91' lang='lat' dir='ltr'><strong><em>de</em></strong></span> <span class='ocrx_word' id='word_1_683' title='bbox 2387 2343 2547 2399; x_wconf 91' lang='lat' dir='ltr'><strong><em>domo</em></strong></span> <span class='ocrx_word' id='word_1_684' title='bbox 2569 2349 2839 2405; x_wconf 83' lang='lat' dir='ltr'><strong><em>servitutis</em></strong></span> <span class='ocrx_word' id='word_1_685' title='bbox 2868 2394 2883 2419; x_wconf 95' lang='lat'><strong><em>,</em></strong></span> <span class='ocrx_word' id='word_1_686' title='bbox 2937 2362 2990 2407; x_wconf 89' lang='lat' dir='ltr'><strong><em>et</em></strong></span> <span class='ocrx_word' id='word_1_687' title='bbox 3014 2355 3161 2426; x_wconf 86' lang='lat' dir='ltr'><strong><em>signa</em></strong></span> <span class='ocrx_word' id='word_1_688' title='bbox 3205 2365 3258 2411; x_wconf 91' lang='lat' dir='ltr'><strong><em>et</em></strong></span> <span class='ocrx_word' id='word_1_689' title='bbox 3303 2359 3542 2432; x_wconf 84' lang='lat' dir='ltr'><strong><em>prodigia</em></strong></span> <span class='ocrx_word' id='word_1_690' title='bbox 3575 2363 3743 2419; x_wconf 80' lang='lat' dir='ltr'><strong><em>fecisti</em></strong></span> 
     </span>
    </p>
   </div>
   <div class='ocr_carea' id='block_1_85' title="bbox 2156 2431 3741 2525">
    <p class='ocr_par' dir='ltr' id='par_1_85' title="bbox 2156 2431 3741 2525">
     <span class='ocr_line' id='line_1_85' title="bbox 2156 2431 3741 2525; baseline 0.016 -39"><span class='ocrx_word' id='word_1_691' title='bbox 2156 2431 2295 2486; x_wconf 88' lang='lat' dir='ltr'><strong><em>inter</em></strong></span> <span class='ocrx_word' id='word_1_692' title='bbox 2319 2433 2560 2491; x_wconf 91' lang='lat' dir='ltr'><strong><em>inimicos</em></strong></span> <span class='ocrx_word' id='word_1_693' title='bbox 2586 2453 2792 2510; x_wconf 88' lang='lat' dir='ltr'><strong><em>eorum,</em></strong></span> <span class='ocrx_word' id='word_1_694' title='bbox 2809 2446 3003 2514; x_wconf 89' lang='lat' dir='ltr'><strong><em>punisti</em></strong></span> <span class='ocrx_word' id='word_1_695' title='bbox 3025 2434 3120 2502; x_wconf 84' lang='lat' dir='ltr'><strong><em>eos</em></strong></span> <span class='ocrx_word' id='word_1_696' title='bbox 3139 2464 3273 2518; x_wconf 93' lang='lat' dir='ltr'><strong><em>quos</em></strong></span> <span class='ocrx_word' id='word_1_697' title='bbox 3294 2431 3546 2508; x_wconf 83' lang='lat' dir='ltr'><strong><em>molestos</em></strong></span> <span class='ocrx_word' id='word_1_698' title='bbox 3573 2457 3741 2525; x_wconf 85' lang='lat' dir='ltr'><strong><em>patie-</em></strong></span> 
     </span>
    </p>
   </div>
   <div class='ocr_carea' id='block_1_86' title="bbox 2159 2526 3742 2615">
    <p class='ocr_par' dir='ltr' id='par_1_86' title="bbox 2159 2526 3742 2615">
     <span class='ocr_line' id='line_1_86' title="bbox 2159 2526 3742 2615; baseline 0.017 -35"><span class='ocrx_word' id='word_1_699' title='bbox 2159 2526 2368 2594; x_wconf 88' lang='lat' dir='ltr'><strong><em>bantur,</em></strong></span> <span class='ocrx_word' id='word_1_700' title='bbox 2398 2530 2587 2599; x_wconf 88' lang='lat' dir='ltr'><strong><em>impios</em></strong></span> <span class='ocrx_word' id='word_1_701' title='bbox 2606 2533 2672 2588; x_wconf 90' lang='lat' dir='ltr'><strong><em>de</em></strong></span> <span class='ocrx_word' id='word_1_702' title='bbox 2695 2543 2830 2590; x_wconf 88' lang='lat' dir='ltr'><strong><em>terra</em></strong></span> <span class='ocrx_word' id='word_1_703' title='bbox 2846 2553 2938 2593; x_wconf 89' lang='lat' dir='ltr'><strong><em>sua</em></strong></span> <span class='ocrx_word' id='word_1_704' title='bbox 2965 2539 3188 2610; x_wconf 76' lang='lat' dir='ltr'><strong><em>eiecisti,</em></strong></span> <span class='ocrx_word' id='word_1_705' title='bbox 3212 2559 3364 2615; x_wconf 82' lang='lat' dir='ltr'><strong><em>reges</em></strong></span> <span class='ocrx_word' id='word_1_706' title='bbox 3388 2563 3573 2603; x_wconf 87' lang='lat' dir='ltr'><strong><em>eorum</em></strong></span> <span class='ocrx_word' id='word_1_707' title='bbox 3597 2552 3742 2607; x_wconf 79' lang='lat' dir='ltr'><strong><em>occi-</em></strong></span> 
     </span>
    </p>
   </div>
   <div class='ocr_carea' id='block_1_87' title="bbox 2158 2617 3744 2706">
    <p class='ocr_par' dir='ltr' id='par_1_87' title="bbox 2158 2617 3744 2706">
     <span class='ocr_line' id='line_1_87' title="bbox 2158 2617 3744 2706; baseline 0.018 -35"><span class='ocrx_word' id='word_1_708' title='bbox 2158 2617 2300 2686; x_wconf 88' lang='lat' dir='ltr'><strong><em>disti,</em></strong></span> <span class='ocrx_word' id='word_1_709' title='bbox 2326 2625 2520 2678; x_wconf 84' lang='lat' dir='ltr'><strong><em>terram</em></strong></span> <span class='ocrx_word' id='word_1_710' title='bbox 2548 2640 2731 2681; x_wconf 88' lang='lat' dir='ltr'><strong><em>eorum</em></strong></span> <span class='ocrx_word' id='word_1_711' title='bbox 2755 2631 2948 2700; x_wconf 91' lang='lat' dir='ltr'><strong><em>populo</em></strong></span> <span class='ocrx_word' id='word_1_712' title='bbox 2971 2643 3060 2688; x_wconf 91' lang='lat' dir='ltr'><strong><em>tuo</em></strong></span> <span class='ocrx_word' id='word_1_713' title='bbox 3081 2633 3301 2703; x_wconf 89' lang='lat' dir='ltr'><strong><em>dedisti;</em></strong></span> <span class='ocrx_word' id='word_1_714' title='bbox 3334 2639 3437 2694; x_wconf 90' lang='lat' dir='ltr'><strong><em>vidi</em></strong></span> <span class='ocrx_word' id='word_1_715' title='bbox 3469 2647 3664 2706; x_wconf 83' lang='lat' dir='ltr'><strong><em>omnia,</em></strong></span> <span class='ocrx_word' id='word_1_716' title='bbox 3692 2655 3744 2700; x_wconf 88' lang='lat' dir='ltr'><strong><em>et</em></strong></span> 
     </span>
    </p>
   </div>
   <div class='ocr_carea' id='block_1_88' title="bbox 2157 2711 3739 2802">
    <p class='ocr_par' dir='ltr' id='par_1_88' title="bbox 2157 2711 3739 2802">
     <span class='ocr_line' id='line_1_88' title="bbox 2157 2711 3739 2802; baseline 0.015 -36"><span class='ocrx_word' id='word_1_717' title='bbox 2157 2711 2403 2782; x_wconf 89' lang='lat' dir='ltr'><strong><em>impletus</em></strong></span> <span class='ocrx_word' id='word_1_718' title='bbox 2431 2717 2585 2774; x_wconf 84' lang='lat' dir='ltr'><strong><em>laude</em></strong></span> <span class='ocrx_word' id='word_1_719' title='bbox 2612 2720 2724 2775; x_wconf 82' lang='lat' dir='ltr'><strong><em>dixi</em></strong></span> <span class='ocrx_word' id='word_1_720' title='bbox 2748 2740 2760 2776; x_wconf 90' lang='lat'><strong><em>:</em></strong></span> <span class='ocrx_word' id='word_1_721' title='bbox 2786 2721 3023 2788; x_wconf 85' lang='lat' dir='ltr'><strong><em>Domine.</em></strong></span> <span class='ocrx_word' id='word_1_722' title='bbox 3046 2744 3223 2783; x_wconf 89' lang='lat' dir='ltr'><strong><em>nomen</em></strong></span> <span class='ocrx_word' id='word_1_723' title='bbox 3246 2739 3389 2784; x_wconf 90' lang='lat' dir='ltr'><strong><em>tuum</em></strong></span> <span class='ocrx_word' id='word_1_724' title='bbox 3409 2735 3461 2802; x_wconf 86' lang='lat' dir='ltr'><strong><em>in</em></strong></span> <span class='ocrx_word' id='word_1_725' title='bbox 3478 2735 3739 2791; x_wconf 79' lang='lat' dir='ltr'><strong><em>steculum.</em></strong></span> 
     </span>
    </p>
   </div>
   <div class='ocr_carea' id='block_1_89' title="bbox 2400 2809 3511 2896">
    <p class='ocr_par' dir='ltr' id='par_1_89' title="bbox 2400 2809 3511 2896">
     <span class='ocr_line' id='line_1_89' title="bbox 2400 2809 3511 2896; baseline 0.014 -32"><span class='ocrx_word' id='word_1_726' title='bbox 2400 2809 2731 2881; x_wconf 87' lang='lat' dir='ltr'><strong><em>Superiorum</em></strong></span> <span class='ocrx_word' id='word_1_727' title='bbox 2760 2833 2988 2873; x_wconf 86' lang='lat' dir='ltr'><strong><em>versuum</em></strong></span> <span class='ocrx_word' id='word_1_728' title='bbox 3016 2823 3257 2892; x_wconf 70' lang='lat' dir='ltr'><strong><em>expositio</em></strong></span> <span class='ocrx_word' id='word_1_729' title='bbox 3283 2827 3511 2896; x_wconf 84' lang='lat' dir='ltr'><strong><em>mystica.</em></strong></span> 
     </span>
    </p>
   </div>
   <div class='ocr_carea' id='block_1_90' title="bbox 2233 2899 3743 2989">
    <p class='ocr_par' dir='ltr' id='par_1_90' title="bbox 2233 2899 3743 2989">
     <span class='ocr_line' id='line_1_90' title="bbox 2233 2899 3743 2989; baseline 0.015 -35"><span class='ocrx_word' id='word_1_730' title='bbox 2233 2899 2317 2955; x_wconf 84' lang='lat' dir='ltr'><strong><em>l6.</em></strong></span> <span class='ocrx_word' id='word_1_731' title='bbox 2350 2899 2499 2973; x_wconf 86' lang='lat' dir='ltr'><strong><em>[vers.</em></strong></span> <span class='ocrx_word' id='word_1_732' title='bbox 2528 2903 2608 2979; x_wconf 89' lang='lat'><strong><em>6.]</em></strong></span> <span class='ocrx_word' id='word_1_733' title='bbox 2662 2907 2787 2962; x_wconf 69' lang='lat' dir='ltr'><strong><em>Hice</em></strong></span> <span class='ocrx_word' id='word_1_734' title='bbox 2834 2910 3047 2979; x_wconf 84' lang='lat' dir='ltr'><strong><em>quidem</em></strong></span> <span class='ocrx_word' id='word_1_735' title='bbox 3096 2911 3162 2967; x_wconf 86' lang='lat' dir='ltr'><strong><em>ad</em></strong></span> <span class='ocrx_word' id='word_1_736' title='bbox 3206 2914 3437 2971; x_wconf 86' lang='lat' dir='ltr'><strong><em>litteram</em></strong></span> <span class='ocrx_word' id='word_1_737' title='bbox 3477 2921 3743 2989; x_wconf 91' lang='lat' dir='ltr'><strong><em>quomodo</em></strong></span> 
     </span>
    </p>
   </div>
   <div class='ocr_carea' id='block_1_91' title="bbox 2157 2991 3739 3068">
    <p class='ocr_par' dir='ltr' id='par_1_91' title="bbox 2157 2991 3739 3068">
     <span class='ocr_line' id='line_1_91' title="bbox 2157 2991 3739 3068; baseline 0.014 -22"><span class='ocrx_word' id='word_1_738' title='bbox 2157 2993 2348 3066; x_wconf 80' lang='lat' dir='ltr'><strong><em>scripta</em></strong></span> <span class='ocrx_word' id='word_1_739' title='bbox 2379 3005 2502 3048; x_wconf 89' lang='lat' dir='ltr'><strong><em>sunt</em></strong></span> <span class='ocrx_word' id='word_1_740' title='bbox 2531 2995 2772 3052; x_wconf 88' lang='lat' dir='ltr'><strong><em>videmus</em></strong></span> <span class='ocrx_word' id='word_1_741' title='bbox 2794 3040 2809 3065; x_wconf 92' lang='lat'><strong><em>,</em></strong></span> <span class='ocrx_word' id='word_1_742' title='bbox 2844 2991 3087 3057; x_wconf 89' lang='lat' dir='ltr'><strong><em>novimus</em></strong></span> <span class='ocrx_word' id='word_1_743' title='bbox 3111 3045 3124 3068; x_wconf 92' lang='lat'><strong><em>,</em></strong></span> <span class='ocrx_word' id='word_1_744' title='bbox 3150 3005 3446 3063; x_wconf 89' lang='lat' dir='ltr'><strong><em>laudamus.</em></strong></span> <span class='ocrx_word' id='word_1_745' title='bbox 3489 3007 3542 3066; x_wconf 91' lang='lat' dir='ltr'><strong><em>Si</em></strong></span> <span class='ocrx_word' id='word_1_746' title='bbox 3565 3023 3739 3067; x_wconf 85' lang='lat' dir='ltr'><strong><em>autem</em></strong></span> 
     </span>
    </p>
   </div>
   <div class='ocr_carea' id='block_1_92' title="bbox 2157 3082 3743 3171">
    <p class='ocr_par' dir='ltr' id='par_1_92' title="bbox 2157 3082 3743 3171">
     <span class='ocr_line' id='line_1_92' title="bbox 2157 3082 3743 3171; baseline 0.015 -35"><span class='ocrx_word' id='word_1_747' title='bbox 2157 3082 2353 3152; x_wconf 84' lang='lat' dir='ltr'><strong><em>aliquid</em></strong></span> <span class='ocrx_word' id='word_1_748' title='bbox 2383 3087 2700 3155; x_wconf 81' lang='lat' dir='ltr'><strong><em>signiﬁcant,</em></strong></span> <span class='ocrx_word' id='word_1_749' title='bbox 2731 3105 2833 3144; x_wconf 87' lang='lat' dir='ltr'><strong><em>non</em></strong></span> <span class='ocrx_word' id='word_1_750' title='bbox 2864 3093 2961 3146; x_wconf 92' lang='lat' dir='ltr'><strong><em>sim</em></strong></span> <span class='ocrx_word' id='word_1_751' title='bbox 2990 3109 3267 3160; x_wconf 84' lang='lat' dir='ltr'><strong><em>onerosus,</em></strong></span> <span class='ocrx_word' id='word_1_752' title='bbox 3297 3099 3423 3154; x_wconf 90' lang='lat' dir='ltr'><strong><em>dum</em></strong></span> <span class='ocrx_word' id='word_1_753' title='bbox 3449 3103 3657 3171; x_wconf 86' lang='lat' dir='ltr'><strong><em>explico</em></strong></span> <span class='ocrx_word' id='word_1_754' title='bbox 3688 3114 3743 3160; x_wconf 88' lang='lat' dir='ltr'><strong><em>ut</em></strong></span> 
     </span>
    </p>
   </div>
   <div class='ocr_carea' id='block_1_93' title="bbox 2159 3176 3742 3266">
    <p class='ocr_par' dir='ltr' id='par_1_93' title="bbox 2159 3176 3742 3266">
     <span class='ocr_line' id='line_1_93' title="bbox 2159 3176 3742 3266; baseline 0.018 -38"><span class='ocrx_word' id='word_1_755' title='bbox 2159 3185 2361 3244; x_wconf 89' lang='lat' dir='ltr'><strong><em>potero.</em></strong></span> <span class='ocrx_word' id='word_1_756' title='bbox 2413 3178 2550 3235; x_wconf 84' lang='lat' dir='ltr'><strong><em>Ecce</em></strong></span> <span class='ocrx_word' id='word_1_757' title='bbox 2597 3182 2648 3235; x_wconf 94' lang='lat' dir='ltr'><strong><em>in</em></strong></span> <span class='ocrx_word' id='word_1_758' title='bbox 2683 3183 2811 3252; x_wconf 92' lang='lat' dir='ltr'><strong><em>ipsis</em></strong></span> <span class='ocrx_word' id='word_1_759' title='bbox 2858 3176 3160 3243; x_wconf 86' lang='lat' dir='ltr'><strong><em>hominibus</em></strong></span> <span class='ocrx_word' id='word_1_760' title='bbox 3210 3207 3424 3260; x_wconf 91' lang='lat' dir='ltr'><strong><em>possum</em></strong></span> <span class='ocrx_word' id='word_1_761' title='bbox 3453 3211 3742 3266; x_wconf 80' lang='lat' dir='ltr'><strong><em>agnoscere</em></strong></span> 
     </span>
    </p>
   </div>
   <div class='ocr_carea' id='block_1_94' title="bbox 2157 3268 3740 3362">
    <p class='ocr_par' dir='ltr' id='par_1_94' title="bbox 2157 3268 3740 3362">
     <span class='ocr_line' id='line_1_94' title="bbox 2157 3268 3740 3362; baseline 0.016 -41"><span class='ocrx_word' id='word_1_762' title='bbox 2157 3268 2276 3362; x_wconf 86' lang='lat' dir='ltr'><strong><em>quia</em></strong></span> <span class='ocrx_word' id='word_1_763' title='bbox 2302 3272 2353 3323; x_wconf 86' lang='lat' dir='ltr'><strong><em>in</em></strong></span> <span class='ocrx_word' id='word_1_764' title='bbox 2380 3273 2504 3326; x_wconf 76' lang='lat' dir='ltr'><strong><em>cmlo</em></strong></span> <span class='ocrx_word' id='word_1_765' title='bbox 2533 3282 2580 3328; x_wconf 88' lang='lat' dir='ltr'><strong><em>et</em></strong></span> <span class='ocrx_word' id='word_1_766' title='bbox 2604 3275 2656 3328; x_wconf 90' lang='lat' dir='ltr'><strong><em>iu</em></strong></span> <span class='ocrx_word' id='word_1_767' title='bbox 2684 3287 2819 3331; x_wconf 87' lang='lat' dir='ltr'><strong><em>terra</em></strong></span> <span class='ocrx_word' id='word_1_768' title='bbox 2857 3281 3026 3332; x_wconf 86' lang='lat' dir='ltr'><strong><em>omnia</em></strong></span> <span class='ocrx_word' id='word_1_769' title='bbox 3054 3297 3378 3355; x_wconf 66' lang='lat' dir='ltr'><strong><em>quaecumque</em></strong></span> <span class='ocrx_word' id='word_1_770' title='bbox 3398 3289 3572 3354; x_wconf 85' lang='lat' dir='ltr'><strong><em>voluit,</em></strong></span> <span class='ocrx_word' id='word_1_771' title='bbox 3604 3293 3740 3362; x_wconf 77' lang='lat' dir='ltr'><strong><em>fecit.</em></strong></span> 
     </span>
    </p>
   </div>
   <div class='ocr_carea' id='block_1_95' title="bbox 2160 3359 3738 3450">
    <p class='ocr_par' dir='ltr' id='par_1_95' title="bbox 2160 3359 3738 3450">
     <span class='ocr_line' id='line_1_95' title="bbox 2160 3359 3738 3450; baseline 0.015 -34"><span class='ocrx_word' id='word_1_772' title='bbox 2160 3359 2368 3419; x_wconf 73' lang='lat' dir='ltr'><strong><em>Caelum</em></strong></span> <span class='ocrx_word' id='word_1_773' title='bbox 2402 3367 2542 3420; x_wconf 91' lang='lat' dir='ltr'><strong><em>enim</em></strong></span> <span class='ocrx_word' id='word_1_774' title='bbox 2587 3370 2898 3439; x_wconf 71' lang='lat' dir='ltr'><strong><em>mthereum,</em></strong></span> <span class='ocrx_word' id='word_1_775' title='bbox 2927 3375 3226 3445; x_wconf 84' lang='lat' dir='ltr'><strong><em>spirituales</em></strong></span> <span class='ocrx_word' id='word_1_776' title='bbox 3254 3379 3490 3448; x_wconf 84' lang='lat' dir='ltr'><strong><em>accipio;</em></strong></span> <span class='ocrx_word' id='word_1_777' title='bbox 3523 3359 3738 3450; x_wconf 85' lang='lat' dir='ltr'><strong><em>terram,</em></strong></span> 
     </span>
    </p>
   </div>
   <div class='ocr_carea' id='block_1_96' title="bbox 2154 3457 3740 3536">
    <p class='ocr_par' dir='ltr' id='par_1_96' title="bbox 2154 3457 3740 3536">
     <span class='ocr_line' id='line_1_96' title="bbox 2154 3457 3740 3536; baseline 0.013 -26"><span class='ocrx_word' id='word_1_778' title='bbox 2154 3459 2394 3513; x_wconf 85' lang='lat' dir='ltr'><strong><em>carnales</em></strong></span> <span class='ocrx_word' id='word_1_779' title='bbox 2430 3477 2444 3512; x_wconf 92' lang='lat'><strong><em>:</em></strong></span> <span class='ocrx_word' id='word_1_780' title='bbox 2473 3475 2538 3514; x_wconf 86' lang='lat' dir='ltr'><strong><em>ex</em></strong></span> <span class='ocrx_word' id='word_1_781' title='bbox 2568 3461 2649 3515; x_wconf 91' lang='lat' dir='ltr'><strong><em>his</em></strong></span> <span class='ocrx_word' id='word_1_782' title='bbox 2686 3461 2889 3518; x_wconf 88' lang='lat' dir='ltr'><strong><em>duobus</em></strong></span> <span class='ocrx_word' id='word_1_783' title='bbox 2915 3457 3162 3536; x_wconf 66' lang='lat' dir='ltr'><strong><em>tantulam</em></strong></span> <span class='ocrx_word' id='word_1_784' title='bbox 3202 3469 3341 3525; x_wconf 79' lang='lat' dir='ltr'><strong><em>cmlo</em></strong></span> <span class='ocrx_word' id='word_1_785' title='bbox 3370 3481 3420 3526; x_wconf 92' lang='lat' dir='ltr'><strong><em>et</em></strong></span> <span class='ocrx_word' id='word_1_786' title='bbox 3445 3458 3583 3528; x_wconf 87' lang='lat' dir='ltr'><strong><em>terra</em></strong></span> <span class='ocrx_word' id='word_1_787' title='bbox 3616 3492 3740 3530; x_wconf 85' lang='lat' dir='ltr'><strong><em>eon-</em></strong></span> 
     </span>
    </p>
   </div>
   <div class='ocr_carea' id='block_1_97' title="bbox 2155 3547 3738 3635">
    <p class='ocr_par' dir='ltr' id='par_1_97' title="bbox 2155 3547 3738 3635">
     <span class='ocr_line' id='line_1_97' title="bbox 2155 3547 3738 3635; baseline 0.013 -32"><span class='ocrx_word' id='word_1_788' title='bbox 2155 3559 2258 3604; x_wconf 89' lang='lat' dir='ltr'><strong><em>stat</em></strong></span> <span class='ocrx_word' id='word_1_789' title='bbox 2286 3551 2517 3606; x_wconf 85' lang='lat' dir='ltr'><strong><em>Ecclesia</em></strong></span> <span class='ocrx_word' id='word_1_790' title='bbox 2540 3553 2650 3620; x_wconf 86' lang='lat' dir='ltr'><strong><em>Dei;</em></strong></span> <span class='ocrx_word' id='word_1_791' title='bbox 2671 3563 2724 3610; x_wconf 88' lang='lat' dir='ltr'><strong><em>et</em></strong></span> <span class='ocrx_word' id='word_1_792' title='bbox 2747 3555 2810 3610; x_wconf 87' lang='lat' dir='ltr'><strong><em>ad</em></strong></span> <span class='ocrx_word' id='word_1_793' title='bbox 2838 3547 3134 3627; x_wconf 82' lang='lat' dir='ltr'><strong><em>spirituales</em></strong></span> <span class='ocrx_word' id='word_1_794' title='bbox 3159 3551 3385 3630; x_wconf 88' lang='lat' dir='ltr'><strong><em>pertinet</em></strong></span> <span class='ocrx_word' id='word_1_795' title='bbox 3411 3553 3738 3635; x_wconf 62' lang='lat' dir='ltr'><strong><em>praedicatio,</em></strong></span> 
     </span>
    </p>
   </div>
   <div class='ocr_carea' id='block_1_98' title="bbox 2154 3643 3740 3715">
    <p class='ocr_par' dir='ltr' id='par_1_98' title="bbox 2154 3643 3740 3715">
     <span class='ocr_line' id='line_1_98' title="bbox 2154 3643 3740 3715; baseline 0.011 -20"><span class='ocrx_word' id='word_1_796' title='bbox 2154 3643 2218 3696; x_wconf 92' lang='lat' dir='ltr'><strong><em>ad</em></strong></span> <span class='ocrx_word' id='word_1_797' title='bbox 2242 3645 2482 3699; x_wconf 87' lang='lat' dir='ltr'><strong><em>carnales</em></strong></span> <span class='ocrx_word' id='word_1_798' title='bbox 2506 3647 2732 3715; x_wconf 89' lang='lat' dir='ltr'><strong><em>pertinet</em></strong></span> <span class='ocrx_word' id='word_1_799' title='bbox 2748 3648 3148 3705; x_wconf 86' lang='lat' dir='ltr'><strong><em>obsecundatio.</em></strong></span> <span class='ocrx_word' id='word_1_800' title='bbox 3167 3652 3295 3707; x_wconf 85' lang='lat' dir='ltr'><strong><em>Nam</em></strong></span> <span class='ocrx_word' id='word_1_801' title='bbox 3313 3663 3365 3709; x_wconf 91' lang='lat' dir='ltr'><strong><em>et</em></strong></span> <span class='ocrx_word' id='word_1_802' title='bbox 3382 3658 3740 3714; x_wconf 75' lang='lat' dir='ltr'><strong><em>caelienarrant</em></strong></span> 
     </span>
    </p>
   </div>
   <div class='ocr_carea' id='block_1_99' title="bbox 2153 3737 3738 3821">
    <p class='ocr_par' dir='ltr' id='par_1_99' title="bbox 2153 3737 3738 3821">
     <span class='ocr_line' id='line_1_99' title="bbox 2153 3737 3738 3821; baseline 0.011 -33"><span class='ocrx_word' id='word_1_803' title='bbox 2153 3737 2368 3805; x_wconf 89' lang='lat' dir='ltr'><strong><em>gloriam</em></strong></span> <span class='ocrx_word' id='word_1_804' title='bbox 2402 3738 2515 3804; x_wconf 89' lang='lat' dir='ltr'><strong><em>Dei,</em></strong></span> <span class='ocrx_word' id='word_1_805' title='bbox 2548 3750 2594 3794; x_wconf 87' lang='lat' dir='ltr'><strong><em>et</em></strong></span> <span class='ocrx_word' id='word_1_806' title='bbox 2620 3741 2756 3810; x_wconf 79' lang='lat' dir='ltr'><strong><em>facta</em></strong></span> <span class='ocrx_word' id='word_1_807' title='bbox 2798 3759 3036 3797; x_wconf 87' lang='lat' dir='ltr'><strong><em>manuum</em></strong></span> <span class='ocrx_word' id='word_1_808' title='bbox 3080 3747 3188 3816; x_wconf 87' lang='lat' dir='ltr'><strong><em>ejus</em></strong></span> <span class='ocrx_word' id='word_1_809' title='bbox 3243 3751 3511 3803; x_wconf 87' lang='lat' dir='ltr'><strong><em>annuntiat</em></strong></span> <span class='ocrx_word' id='word_1_810' title='bbox 3556 3753 3738 3821; x_wconf 80' lang='lat' dir='ltr'><strong><em>ﬁrma-</em></strong></span> 
     </span>
    </p>
   </div>
   <div class='ocr_carea' id='block_1_100' title="bbox 2152 3828 3739 3907">
    <p class='ocr_par' dir='ltr' id='par_1_100' title="bbox 2152 3828 3739 3907">
     <span class='ocr_line' id='line_1_100' title="bbox 2152 3828 3739 3907; baseline 0.012 -23"><span class='ocrx_word' id='word_1_811' title='bbox 2152 3845 2371 3886; x_wconf 80' lang='lat' dir='ltr'><strong><em>mentum</em></strong></span> <span class='ocrx_word' id='word_1_812' title='bbox 2400 3834 2574 3904; x_wconf 85' lang='lat' dir='ltr'><strong><em>(Psal.</em></strong></span> <span class='ocrx_word' id='word_1_813' title='bbox 2607 3851 2746 3901; x_wconf 83' lang='lat' dir='ltr'><strong><em>xvul,</em></strong></span> <span class='ocrx_word' id='word_1_814' title='bbox 2770 3837 2850 3907; x_wconf 75' lang='lat'><strong><em>2).</em></strong></span> <span class='ocrx_word' id='word_1_815' title='bbox 2883 3837 2940 3892; x_wconf 90' lang='lat' dir='ltr'><strong><em>Si</em></strong></span> <span class='ocrx_word' id='word_1_816' title='bbox 2967 3828 3142 3893; x_wconf 80' lang='lat' dir='ltr'><strong><em>autem</em></strong></span> <span class='ocrx_word' id='word_1_817' title='bbox 3171 3851 3308 3896; x_wconf 87' lang='lat' dir='ltr'><strong><em>terra</em></strong></span> <span class='ocrx_word' id='word_1_818' title='bbox 3339 3842 3432 3897; x_wconf 90' lang='lat' dir='ltr'><strong><em>Dei</em></strong></span> <span class='ocrx_word' id='word_1_819' title='bbox 3464 3860 3568 3899; x_wconf 89' lang='lat' dir='ltr'><strong><em>non</em></strong></span> <span class='ocrx_word' id='word_1_820' title='bbox 3594 3859 3739 3903; x_wconf 78' lang='lat' dir='ltr'><strong><em>esset</em></strong></span> 
     </span>
    </p>
   </div>
   <div class='ocr_carea' id='block_1_101' title="bbox 2153 3923 3740 4004">
    <p class='ocr_par' dir='ltr' id='par_1_101' title="bbox 2153 3923 3740 4004">
     <span class='ocr_line' id='line_1_101' title="bbox 2153 3923 3740 4004; baseline 0.013 -31"><span class='ocrx_word' id='word_1_821' title='bbox 2153 3923 2301 3993; x_wconf 88' lang='lat' dir='ltr'><strong><em>plebs</em></strong></span> <span class='ocrx_word' id='word_1_822' title='bbox 2335 3925 2446 3990; x_wconf 88' lang='lat' dir='ltr'><strong><em>Dei,</em></strong></span> <span class='ocrx_word' id='word_1_823' title='bbox 2480 3942 2585 3980; x_wconf 89' lang='lat' dir='ltr'><strong><em>non</em></strong></span> <span class='ocrx_word' id='word_1_824' title='bbox 2616 3927 2818 3982; x_wconf 87' lang='lat' dir='ltr'><strong><em>diceret</em></strong></span> <span class='ocrx_word' id='word_1_825' title='bbox 2846 3931 3131 3998; x_wconf 82' lang='lat' dir='ltr'><strong><em>Apostolus</em></strong></span> <span class='ocrx_word' id='word_1_826' title='bbox 3157 3975 3170 3996; x_wconf 96' lang='lat'><strong><em>,</em></strong></span> <span class='ocrx_word' id='word_1_827' title='bbox 3205 3932 3301 3987; x_wconf 90' lang='lat' dir='ltr'><strong><em>Dei</em></strong></span> <span class='ocrx_word' id='word_1_828' title='bbox 3325 3934 3615 4004; x_wconf 65' lang='lat' dir='ltr'><strong><em>ludiﬁcatio,</em></strong></span> <span class='ocrx_word' id='word_1_829' title='bbox 3641 3937 3740 3993; x_wconf 90' lang='lat' dir='ltr'><strong><em>Dei</em></strong></span> 
     </span>
    </p>
   </div>
   <div class='ocr_carea' id='block_1_102' title="bbox 2152 4013 3739 4096">
    <p class='ocr_par' dir='ltr' id='par_1_102' title="bbox 2152 4013 3739 4096">
     <span class='ocr_line' id='line_1_102' title="bbox 2152 4013 3739 4096; baseline 0.009 -30"><span class='ocrx_word' id='word_1_830' title='bbox 2152 4016 2464 4086; x_wconf 84' lang='lat' dir='ltr'><strong><em>agricultura</em></strong></span> <span class='ocrx_word' id='word_1_831' title='bbox 2491 4019 2610 4072; x_wconf 86' lang='lat' dir='ltr'><strong><em>estis</em></strong></span> <span class='ocrx_word' id='word_1_832' title='bbox 2634 4033 2654 4072; x_wconf 90' lang='lat'><strong><em>:</em></strong></span> <span class='ocrx_word' id='word_1_833' title='bbox 2699 4019 2831 4073; x_wconf 86' lang='lat' dir='ltr'><strong><em>sicut</em></strong></span> <span class='ocrx_word' id='word_1_834' title='bbox 2856 4021 3057 4089; x_wconf 81' lang='lat' dir='ltr'><strong><em>sapiens</em></strong></span> <span class='ocrx_word' id='word_1_835' title='bbox 3095 4013 3398 4077; x_wconf 80' lang='lat' dir='ltr'><strong><em>architectus</em></strong></span> <span class='ocrx_word' id='word_1_836' title='bbox 3431 4013 3739 4096; x_wconf 74' lang='lat' dir='ltr'><strong><em>fundamen-</em></strong></span> 
     </span>
    </p>
   </div>
   <div class='ocr_carea' id='block_1_103' title="bbox 2151 4109 3736 4186">
    <p class='ocr_par' dir='ltr' id='par_1_103' title="bbox 2151 4109 3736 4186">
     <span class='ocr_line' id='line_1_103' title="bbox 2151 4109 3736 4186; baseline 0.01 -28"><span class='ocrx_word' id='word_1_837' title='bbox 2151 4115 2256 4160; x_wconf 91' lang='lat' dir='ltr'><strong><em>tum</em></strong></span> <span class='ocrx_word' id='word_1_838' title='bbox 2298 4109 2482 4177; x_wconf 89' lang='lat' dir='ltr'><strong><em>posui;</em></strong></span> <span class='ocrx_word' id='word_1_839' title='bbox 2535 4110 2665 4164; x_wconf 86' lang='lat' dir='ltr'><strong><em>alius</em></strong></span> <span class='ocrx_word' id='word_1_840' title='bbox 2708 4111 3101 4180; x_wconf 77' lang='lat' dir='ltr'><strong><em>supertediﬁcat.</em></strong></span> <span class='ocrx_word' id='word_1_841' title='bbox 3170 4111 3310 4186; x_wconf 80' lang='lat' dir='ltr'><strong><em>Ergo</em></strong></span> <span class='ocrx_word' id='word_1_842' title='bbox 3335 4116 3614 4172; x_wconf 83' lang='lat' dir='ltr'><strong><em>:ediﬁcium</em></strong></span> <span class='ocrx_word' id='word_1_843' title='bbox 3647 4121 3736 4175; x_wconf 87' lang='lat' dir='ltr'><strong><em>Dei</em></strong></span> 
     </span>
    </p>
   </div>
   <div class='ocr_carea' id='block_1_104' title="bbox 2151 4201 3740 4280">
    <p class='ocr_par' dir='ltr' id='par_1_104' title="bbox 2151 4201 3740 4280">
     <span class='ocr_line' id='line_1_104' title="bbox 2151 4201 3740 4280; baseline 0.007 -29"><span class='ocrx_word' id='word_1_844' title='bbox 2151 4213 2354 4259; x_wconf 85' lang='lat' dir='ltr'><strong><em>sumus,</em></strong></span> <span class='ocrx_word' id='word_1_845' title='bbox 2387 4210 2437 4253; x_wconf 91' lang='lat' dir='ltr'><strong><em>et</em></strong></span> <span class='ocrx_word' id='word_1_846' title='bbox 2465 4216 2591 4270; x_wconf 82' lang='lat' dir='ltr'><strong><em>ager</em></strong></span> <span class='ocrx_word' id='word_1_847' title='bbox 2622 4201 2714 4255; x_wconf 89' lang='lat' dir='ltr'><strong><em>Dei</em></strong></span> <span class='ocrx_word' id='word_1_848' title='bbox 2748 4217 2949 4256; x_wconf 88' lang='lat' dir='ltr'><strong><em>sumus.</em></strong></span> <span class='ocrx_word' id='word_1_849' title='bbox 2989 4203 3147 4280; x_wconf 75' lang='lat' dir='ltr'><strong><em>Quis,</em></strong></span> <span class='ocrx_word' id='word_1_850' title='bbox 3201 4206 3368 4276; x_wconf 86' lang='lat' dir='ltr'><strong><em>inquit</em></strong></span> <span class='ocrx_word' id='word_1_851' title='bbox 3401 4249 3414 4272; x_wconf 96' lang='lat'><strong><em>,</em></strong></span> <span class='ocrx_word' id='word_1_852' title='bbox 3447 4208 3645 4276; x_wconf 90' lang='lat' dir='ltr'><strong><em>plantat</em></strong></span> <span class='ocrx_word' id='word_1_853' title='bbox 3667 4212 3740 4262; x_wconf 79' lang='lat' dir='ltr'><strong><em>ri-</em></strong></span> 
     </span>
    </p>
   </div>
   <div class='ocr_carea' id='block_1_105' title="bbox 2149 4292 3737 4372">
    <p class='ocr_par' dir='ltr' id='par_1_105' title="bbox 2149 4292 3737 4372">
     <span class='ocr_line' id='line_1_105' title="bbox 2149 4292 3737 4372; baseline 0.008 -29"><span class='ocrx_word' id='word_1_854' title='bbox 2149 4306 2315 4354; x_wconf 86' lang='lat' dir='ltr'><strong><em>neam,</em></strong></span> <span class='ocrx_word' id='word_1_855' title='bbox 2345 4301 2391 4344; x_wconf 88' lang='lat' dir='ltr'><strong><em>et</em></strong></span> <span class='ocrx_word' id='word_1_856' title='bbox 2412 4292 2474 4345; x_wconf 87' lang='lat' dir='ltr'><strong><em>de</em></strong></span> <span class='ocrx_word' id='word_1_857' title='bbox 2501 4295 2666 4363; x_wconf 80' lang='lat' dir='ltr'><strong><em>fructu</em></strong></span> <span class='ocrx_word' id='word_1_858' title='bbox 2696 4295 2803 4363; x_wconf 84' lang='lat' dir='ltr'><strong><em>ejus</em></strong></span> <span class='ocrx_word' id='word_1_859' title='bbox 2829 4310 2927 4348; x_wconf 88' lang='lat' dir='ltr'><strong><em>non</em></strong></span> <span class='ocrx_word' id='word_1_860' title='bbox 2955 4292 3164 4366; x_wconf 80' lang='lat' dir='ltr'><strong><em>percipit</em></strong></span> <span class='ocrx_word' id='word_1_861' title='bbox 3181 4297 3223 4367; x_wconf 89' lang='grc' dir='ltr'><strong><em>(Ι</em></strong></span> <span class='ocrx_word' id='word_1_862' title='bbox 3253 4297 3370 4353; x_wconf 83' lang='lat' dir='ltr'><strong><em>Cor.</em></strong></span> <span class='ocrx_word' id='word_1_863' title='bbox 3407 4315 3478 4366; x_wconf 80' lang='lat' dir='ltr'><strong><em>lx,</em></strong></span> <span class='ocrx_word' id='word_1_864' title='bbox 3503 4300 3602 4372; x_wconf 83' lang='lat'><strong><em>7)?</em></strong></span> <span class='ocrx_word' id='word_1_865' title='bbox 3629 4301 3737 4370; x_wconf 85' lang='lat' dir='ltr'><strong><em>Ego</em></strong></span> 
     </span>
    </p>
   </div>
   <div class='ocr_carea' id='block_1_106' title="bbox 2153 4383 3738 4454">
    <p class='ocr_par' dir='ltr' id='par_1_106' title="bbox 2153 4383 3738 4454">
     <span class='ocr_line' id='line_1_106' title="bbox 2153 4383 3738 4454; baseline 0.009 -20"><span class='ocrx_word' id='word_1_866' title='bbox 2153 4383 2377 4452; x_wconf 85' lang='lat' dir='ltr'><strong><em>plantavi</em></strong></span> <span class='ocrx_word' id='word_1_867' title='bbox 2399 4425 2412 4446; x_wconf 87' lang='lat'><strong><em>,</em></strong></span> <span class='ocrx_word' id='word_1_868' title='bbox 2455 4383 2636 4450; x_wconf 84' lang='lat' dir='ltr'><strong><em>Apollo</em></strong></span> <span class='ocrx_word' id='word_1_869' title='bbox 2665 4387 2881 4454; x_wconf 86' lang='lat' dir='ltr'><strong><em>rigavit,</em></strong></span> <span class='ocrx_word' id='word_1_870' title='bbox 2926 4387 3015 4440; x_wconf 83' lang='lat' dir='ltr'><strong><em>sed</em></strong></span> <span class='ocrx_word' id='word_1_871' title='bbox 3059 4386 3194 4442; x_wconf 81' lang='lat' dir='ltr'><strong><em>Deus</em></strong></span> <span class='ocrx_word' id='word_1_872' title='bbox 3223 4390 3582 4447; x_wconf 88' lang='lat' dir='ltr'><strong><em>incrementum</em></strong></span> <span class='ocrx_word' id='word_1_873' title='bbox 3602 4395 3738 4449; x_wconf 82' lang='lat' dir='ltr'><strong><em>dedit</em></strong></span> 
     </span>
    </p>
   </div>
   <div class='ocr_carea' id='block_1_107' title="bbox 2149 4469 3739 4555">
    <p class='ocr_par' dir='ltr' id='par_1_107' title="bbox 2149 4469 3739 4555">
     <span class='ocr_line' id='line_1_107' title="bbox 2149 4469 3739 4555; baseline 0.009 -30"><span class='ocrx_word' id='word_1_874' title='bbox 2149 4469 2258 4544; x_wconf 83' lang='lat' dir='ltr'><strong><em>(Id.</em></strong></span> <span class='ocrx_word' id='word_1_875' title='bbox 2291 4489 2363 4530; x_wconf 86' lang='lat' dir='ltr'><strong><em>Ill.</em></strong></span> <span class='ocrx_word' id='word_1_876' title='bbox 2394 4472 2447 4539; x_wconf 92' lang='lat'><strong><em>9,</em></strong></span> <span class='ocrx_word' id='word_1_877' title='bbox 2479 4473 2564 4537; x_wconf 77' lang='lat'><strong><em>10,</em></strong></span> <span class='ocrx_word' id='word_1_878' title='bbox 2594 4471 2672 4543; x_wconf 91' lang='lat'><strong><em>6).</em></strong></span> <span class='ocrx_word' id='word_1_879' title='bbox 2701 4475 2840 4545; x_wconf 84' lang='lat' dir='ltr'><strong><em>Ergo</em></strong></span> <span class='ocrx_word' id='word_1_880' title='bbox 2887 4486 2939 4530; x_wconf 87' lang='lat' dir='ltr'><strong><em>et</em></strong></span> <span class='ocrx_word' id='word_1_881' title='bbox 2965 4477 3016 4531; x_wconf 92' lang='lat' dir='ltr'><strong><em>in</em></strong></span> <span class='ocrx_word' id='word_1_882' title='bbox 3044 4477 3278 4535; x_wconf 87' lang='lat' dir='ltr'><strong><em>Ecclesia</em></strong></span> <span class='ocrx_word' id='word_1_883' title='bbox 3299 4497 3413 4549; x_wconf 87' lang='lat' dir='ltr'><strong><em>sua,</em></strong></span> <span class='ocrx_word' id='word_1_884' title='bbox 3445 4493 3498 4538; x_wconf 90' lang='lat' dir='ltr'><strong><em>et</em></strong></span> <span class='ocrx_word' id='word_1_885' title='bbox 3526 4485 3578 4539; x_wconf 91' lang='lat' dir='ltr'><strong><em>in</em></strong></span> <span class='ocrx_word' id='word_1_886' title='bbox 3603 4501 3739 4555; x_wconf 73' lang='lat' dir='ltr'><strong><em>pra:-</em></strong></span> 
     </span>
    </p>
   </div>
   <div class='ocr_carea' id='block_1_108' title="bbox 2148 4563 3736 4644">
    <p class='ocr_par' dir='ltr' id='par_1_108' title="bbox 2148 4563 3736 4644">
     <span class='ocr_line' id='line_1_108' title="bbox 2148 4563 3736 4644; baseline 0.009 -27"><span class='ocrx_word' id='word_1_887' title='bbox 2148 4563 2473 4618; x_wconf 88' lang='lat' dir='ltr'><strong><em>dicatoribus</em></strong></span> <span class='ocrx_word' id='word_1_888' title='bbox 2495 4566 2624 4630; x_wconf 88' lang='lat' dir='ltr'><strong><em>suis,</em></strong></span> <span class='ocrx_word' id='word_1_889' title='bbox 2655 4575 2707 4618; x_wconf 87' lang='lat' dir='ltr'><strong><em>et</em></strong></span> <span class='ocrx_word' id='word_1_890' title='bbox 2734 4567 2787 4620; x_wconf 90' lang='lat' dir='ltr'><strong><em>in</em></strong></span> <span class='ocrx_word' id='word_1_891' title='bbox 2819 4568 3056 4636; x_wconf 87' lang='lat' dir='ltr'><strong><em>plebibus</em></strong></span> <span class='ocrx_word' id='word_1_892' title='bbox 3086 4572 3217 4637; x_wconf 93' lang='lat' dir='ltr'><strong><em>suis,</em></strong></span> <span class='ocrx_word' id='word_1_893' title='bbox 3252 4574 3502 4644; x_wconf 86' lang='lat' dir='ltr'><strong><em>tanquam</em></strong></span> <span class='ocrx_word' id='word_1_894' title='bbox 3527 4576 3736 4632; x_wconf 71' lang='lat' dir='ltr'><strong><em>iucmlo</em></strong></span> 
     </span>
    </p>
   </div>
   <div class='ocr_carea' id='block_1_109' title="bbox 2147 4657 3737 4738">
    <p class='ocr_par' dir='ltr' id='par_1_109' title="bbox 2147 4657 3737 4738">
     <span class='ocr_line' id='line_1_109' title="bbox 2147 4657 3737 4738; baseline 0.007 -27"><span class='ocrx_word' id='word_1_895' title='bbox 2147 4666 2197 4711; x_wconf 91' lang='lat' dir='ltr'><strong><em>et</em></strong></span> <span class='ocrx_word' id='word_1_896' title='bbox 2220 4657 2269 4709; x_wconf 90' lang='lat' dir='ltr'><strong><em>in</em></strong></span> <span class='ocrx_word' id='word_1_897' title='bbox 2295 4665 2452 4718; x_wconf 90' lang='lat' dir='ltr'><strong><em>terra,</em></strong></span> <span class='ocrx_word' id='word_1_898' title='bbox 2482 4657 2658 4711; x_wconf 91' lang='lat' dir='ltr'><strong><em>omnia</em></strong></span> <span class='ocrx_word' id='word_1_899' title='bbox 2685 4674 3032 4738; x_wconf 77' lang='lat' dir='ltr'><strong><em>qumcumqne</em></strong></span> <span class='ocrx_word' id='word_1_900' title='bbox 3054 4663 3237 4726; x_wconf 89' lang='lat' dir='ltr'><strong><em>voluit,</em></strong></span> <span class='ocrx_word' id='word_1_901' title='bbox 3265 4665 3404 4720; x_wconf 80' lang='lat' dir='ltr'><strong><em>fecit.</em></strong></span> <span class='ocrx_word' id='word_1_902' title='bbox 3431 4659 3627 4722; x_wconf 84' lang='lat' dir='ltr'><strong><em>Parum</em></strong></span> <span class='ocrx_word' id='word_1_903' title='bbox 3653 4679 3737 4725; x_wconf 89' lang='lat' dir='ltr'><strong><em>est</em></strong></span> 
     </span>
    </p>
   </div>
   <div class='ocr_carea' id='block_1_110' title="bbox 2146 4746 3734 4831">
    <p class='ocr_par' dir='ltr' id='par_1_110' title="bbox 2146 4746 3734 4831">
     <span class='ocr_line' id='line_1_110' title="bbox 2146 4746 3734 4831; baseline 0.008 -29"><span class='ocrx_word' id='word_1_904' title='bbox 2146 4749 2198 4803; x_wconf 88' lang='lat' dir='ltr'><strong><em>in</em></strong></span> <span class='ocrx_word' id='word_1_905' title='bbox 2230 4748 2306 4803; x_wconf 89' lang='lat' dir='ltr'><strong><em>eis</em></strong></span> <span class='ocrx_word' id='word_1_906' title='bbox 2329 4766 2342 4804; x_wconf 89' lang='lat'><strong>:</strong></span> <span class='ocrx_word' id='word_1_907' title='bbox 2401 4746 2464 4802; x_wconf 88' lang='lat' dir='ltr'><strong><em>In</em></strong></span> <span class='ocrx_word' id='word_1_908' title='bbox 2509 4750 2639 4803; x_wconf 88' lang='lat' dir='ltr'><strong><em>mari</em></strong></span> <span class='ocrx_word' id='word_1_909' title='bbox 2667 4748 2715 4804; x_wconf 84' lang='lat' dir='ltr'><strong><em>et</em></strong></span> <span class='ocrx_word' id='word_1_910' title='bbox 2737 4752 2788 4804; x_wconf 90' lang='lat' dir='ltr'><strong><em>in</em></strong></span> <span class='ocrx_word' id='word_1_911' title='bbox 2813 4753 3040 4807; x_wconf 87' lang='lat' dir='ltr'><strong><em>omnibus</em></strong></span> <span class='ocrx_word' id='word_1_912' title='bbox 3067 4755 3260 4826; x_wconf 81' lang='lat' dir='ltr'><strong><em>abyssis</em></strong></span> <span class='ocrx_word' id='word_1_913' title='bbox 3288 4759 3456 4812; x_wconf 88' lang='lat' dir='ltr'><strong><em>omnia</em></strong></span> <span class='ocrx_word' id='word_1_914' title='bbox 3482 4775 3734 4831; x_wconf 55' lang='lat' dir='ltr'><strong><em>quacum-</em></strong></span> 
     </span>
    </p>
   </div>
   <div class='ocr_carea' id='block_1_111' title="bbox 2143 4841 3808 4914">
    <p class='ocr_par' dir='ltr' id='par_1_111' title="bbox 2143 4841 3808 4914">
     <span class='ocr_line' id='line_1_111' title="bbox 2143 4841 3808 4914; baseline 0.01 -19"><span class='ocrx_word' id='word_1_915' title='bbox 2143 4858 2239 4911; x_wconf 83' lang='lat' dir='ltr'><strong><em>que</em></strong></span> <span class='ocrx_word' id='word_1_916' title='bbox 2264 4842 2452 4908; x_wconf 80' lang='lat' dir='ltr'><strong><em>voluit,</em></strong></span> <span class='ocrx_word' id='word_1_917' title='bbox 2479 4843 2616 4914; x_wconf 76' lang='lat' dir='ltr'><strong><em>fecit.</em></strong></span> <span class='ocrx_word' id='word_1_918' title='bbox 2647 4841 2790 4900; x_wconf 81' lang='lat' dir='ltr'><strong><em>Mare</em></strong></span> <span class='ocrx_word' id='word_1_919' title='bbox 2832 4856 2955 4900; x_wconf 91' lang='lat' dir='ltr'><strong><em>sunt</em></strong></span> <span class='ocrx_word' id='word_1_920' title='bbox 2991 4862 3178 4903; x_wconf 89' lang='lat' dir='ltr'><strong><em>omnes</em></strong></span> <span class='ocrx_word' id='word_1_921' title='bbox 3223 4850 3462 4906; x_wconf 88' lang='lat' dir='ltr'><strong><em>inﬁdeles</em></strong></span> <span class='ocrx_word' id='word_1_922' title='bbox 3489 4893 3504 4914; x_wconf 91' lang='lat'><strong><em>,</em></strong></span> <span class='ocrx_word' id='word_1_923' title='bbox 3545 4868 3732 4909; x_wconf 89' lang='lat' dir='ltr'><strong><em>omnes</em></strong></span> <span class='ocrx_word' id='word_1_924' title='bbox 3779 4893 3808 4912; x_wconf 77' lang='lat'><strong><em>..</em></strong></span> 
     </span>
    </p>
   </div>
   <div class='ocr_carea' id='block_1_112' title="bbox 2144 4935 3728 5014">
    <p class='ocr_par' dir='ltr' id='par_1_112' title="bbox 2144 4935 3728 5014">
     <span class='ocr_line' id='line_1_112' title="bbox 2144 4935 3728 5014; baseline 0.005 -25"><span class='ocrx_word' id='word_1_925' title='bbox 2144 4935 2376 4990; x_wconf 88' lang='lat' dir='ltr'><strong><em>nondum</em></strong></span> <span class='ocrx_word' id='word_1_926' title='bbox 2399 4935 2680 4991; x_wconf 83' lang='lat' dir='ltr'><strong><em>credentes</em></strong></span> <span class='ocrx_word' id='word_1_927' title='bbox 2699 4979 2714 5001; x_wconf 87' lang='lat'><strong><em>,</em></strong></span> <span class='ocrx_word' id='word_1_928' title='bbox 2743 4948 2797 4993; x_wconf 85' lang='lat' dir='ltr'><strong><em>et</em></strong></span> <span class='ocrx_word' id='word_1_929' title='bbox 2825 4937 2875 4991; x_wconf 93' lang='lat' dir='ltr'><strong><em>in</em></strong></span> <span class='ocrx_word' id='word_1_930' title='bbox 2907 4939 2984 4993; x_wconf 89' lang='lat' dir='ltr'><strong><em>eis</em></strong></span> <span class='ocrx_word' id='word_1_931' title='bbox 3009 4941 3179 4994; x_wconf 89' lang='lat' dir='ltr'><strong><em>omnia</em></strong></span> <span class='ocrx_word' id='word_1_932' title='bbox 3199 4958 3525 5014; x_wconf 81' lang='lat' dir='ltr'><strong><em>qutecumque</em></strong></span> <span class='ocrx_word' id='word_1_933' title='bbox 3552 4947 3728 5013; x_wconf 85' lang='lat' dir='ltr'><strong><em>voluit,</em></strong></span> 
     </span>
    </p>
   </div>
   <div class='ocr_carea' id='block_1_113' title="bbox 2143 5027 3726 5102">
    <p class='ocr_par' dir='ltr' id='par_1_113' title="bbox 2143 5027 3726 5102">
     <span class='ocr_line' id='line_1_113' title="bbox 2143 5027 3726 5102; baseline 0.007 -23"><span class='ocrx_word' id='word_1_934' title='bbox 2143 5028 2278 5099; x_wconf 82' lang='lat' dir='ltr'><strong><em>fecit.</em></strong></span> <span class='ocrx_word' id='word_1_935' title='bbox 2318 5027 2427 5081; x_wconf 78' lang='lat' dir='ltr'><strong><em>Non</em></strong></span> <span class='ocrx_word' id='word_1_936' title='bbox 2457 5029 2600 5083; x_wconf 88' lang='lat' dir='ltr'><strong><em>enim</em></strong></span> <span class='ocrx_word' id='word_1_937' title='bbox 2631 5029 2853 5083; x_wconf 66' lang='lat' dir='ltr'><strong><em>saeviunt</em></strong></span> <span class='ocrx_word' id='word_1_938' title='bbox 2881 5027 3118 5085; x_wconf 85' lang='lat' dir='ltr'><strong><em>inﬁdeles</em></strong></span> <span class='ocrx_word' id='word_1_939' title='bbox 3142 5072 3158 5097; x_wconf 87' lang='lat'><strong><em>,</em></strong></span> <span class='ocrx_word' id='word_1_940' title='bbox 3187 5032 3288 5087; x_wconf 92' lang='lat' dir='ltr'><strong><em>nisi</em></strong></span> <span class='ocrx_word' id='word_1_941' title='bbox 3315 5035 3726 5102; x_wconf 88' lang='lat' dir='ltr'><strong><em>permittautnr;</em></strong></span> 
     </span>
    </p>
   </div>
   <div class='ocr_carea' id='block_1_114' title="bbox 2143 5118 3730 5204">
    <p class='ocr_par' dir='ltr' id='par_1_114' title="bbox 2143 5118 3730 5204">
     <span class='ocr_line' id='line_1_114' title="bbox 2143 5118 3730 5204; baseline 0.006 -32"><span class='ocrx_word' id='word_1_942' title='bbox 2143 5126 2232 5172; x_wconf 88' lang='lat' dir='ltr'><strong><em>aut</em></strong></span> <span class='ocrx_word' id='word_1_943' title='bbox 2251 5118 2550 5180; x_wconf 87' lang='lat' dir='ltr'><strong><em>vindicatur</em></strong></span> <span class='ocrx_word' id='word_1_944' title='bbox 2578 5120 2627 5174; x_wconf 93' lang='lat' dir='ltr'><strong><em>in</em></strong></span> <span class='ocrx_word' id='word_1_945' title='bbox 2651 5135 2766 5186; x_wconf 85' lang='lat' dir='ltr'><strong><em>eos,</em></strong></span> <span class='ocrx_word' id='word_1_946' title='bbox 2798 5121 3010 5204; x_wconf 85' lang='lat' dir='ltr'><strong><em>quando</em></strong></span> <span class='ocrx_word' id='word_1_947' title='bbox 3037 5125 3273 5192; x_wconf 82' lang='lat' dir='ltr'><strong><em>perversi</em></strong></span> <span class='ocrx_word' id='word_1_948' title='bbox 3301 5134 3461 5192; x_wconf 87' lang='lat' dir='ltr'><strong><em>sunt,</em></strong></span> <span class='ocrx_word' id='word_1_949' title='bbox 3491 5128 3592 5181; x_wconf 88' lang='lat' dir='ltr'><strong><em>nisi</em></strong></span> <span class='ocrx_word' id='word_1_950' title='bbox 3619 5128 3730 5198; x_wconf 82' lang='lat' dir='ltr'><strong><em>jus-</em></strong></span> 
     </span>
    </p>
   </div>
   <div class='ocr_carea' id='block_1_115' title="bbox 2140 5210 3725 5286">
    <p class='ocr_par' dir='ltr' id='par_1_115' title="bbox 2140 5210 3725 5286">
     <span class='ocr_line' id='line_1_115' title="bbox 2140 5210 3725 5286; baseline 0.008 -24"><span class='ocrx_word' id='word_1_951' title='bbox 2140 5211 2270 5264; x_wconf 85' lang='lat' dir='ltr'><strong><em>serit</em></strong></span> <span class='ocrx_word' id='word_1_952' title='bbox 2295 5210 2381 5265; x_wconf 88' lang='lat' dir='ltr'><strong><em>ille</em></strong></span> <span class='ocrx_word' id='word_1_953' title='bbox 2406 5212 2494 5280; x_wconf 91' lang='lat' dir='ltr'><strong><em>qui</em></strong></span> <span class='ocrx_word' id='word_1_954' title='bbox 2525 5212 2644 5265; x_wconf 85' lang='lat' dir='ltr'><strong><em>iecit</em></strong></span> <span class='ocrx_word' id='word_1_955' title='bbox 2674 5227 2862 5266; x_wconf 83' lang='lat' dir='ltr'><strong><em>omnes</em></strong></span> <span class='ocrx_word' id='word_1_956' title='bbox 2885 5223 3090 5282; x_wconf 85' lang='lat' dir='ltr'><strong><em>gentes.</em></strong></span> <span class='ocrx_word' id='word_1_957' title='bbox 3123 5214 3255 5270; x_wconf 85' lang='lat' dir='ltr'><strong><em>Puta</em></strong></span> <span class='ocrx_word' id='word_1_958' title='bbox 3283 5219 3404 5286; x_wconf 86' lang='lat' dir='ltr'><strong><em>quia</em></strong></span> <span class='ocrx_word' id='word_1_959' title='bbox 3433 5234 3580 5274; x_wconf 88' lang='lat' dir='ltr'><strong><em>mare</em></strong></span> <span class='ocrx_word' id='word_1_960' title='bbox 3607 5229 3687 5274; x_wconf 90' lang='lat' dir='ltr'><strong><em>est</em></strong></span> <span class='ocrx_word' id='word_1_961' title='bbox 3710 5262 3725 5286; x_wconf 93' lang='lat'><strong><em>,</em></strong></span> 
     </span>
    </p>
   </div>
   <div class='ocr_carea' id='block_1_116' title="bbox 2139 5303 3727 5382">
    <p class='ocr_par' dir='ltr' id='par_1_116' title="bbox 2139 5303 3727 5382">
     <span class='ocr_line' id='line_1_116' title="bbox 2139 5303 3727 5382; baseline 0.006 -28"><span class='ocrx_word' id='word_1_962' title='bbox 2139 5308 2193 5354; x_wconf 87' lang='lat' dir='ltr'><strong><em>et</em></strong></span> <span class='ocrx_word' id='word_1_963' title='bbox 2223 5316 2328 5354; x_wconf 90' lang='lat' dir='ltr'><strong><em>non</em></strong></span> <span class='ocrx_word' id='word_1_964' title='bbox 2347 5309 2520 5368; x_wconf 79' lang='lat' dir='ltr'><strong><em>terra;</em></strong></span> <span class='ocrx_word' id='word_1_965' title='bbox 2554 5303 2806 5373; x_wconf 89' lang='lat' dir='ltr'><strong><em>numquid</em></strong></span> <span class='ocrx_word' id='word_1_966' title='bbox 2839 5303 2958 5358; x_wconf 86' lang='lat' dir='ltr'><strong><em>ideo</em></strong></span> <span class='ocrx_word' id='word_1_967' title='bbox 2988 5319 3016 5359; x_wconf 88' lang='lat' dir='ltr'><strong><em>a</em></strong></span> <span class='ocrx_word' id='word_1_968' title='bbox 3047 5315 3311 5376; x_wconf 88' lang='lat' dir='ltr'><strong><em>potestate</em></strong></span> <span class='ocrx_word' id='word_1_969' title='bbox 3341 5308 3431 5364; x_wconf 89' lang='lat' dir='ltr'><strong><em>Dei</em></strong></span> <span class='ocrx_word' id='word_1_970' title='bbox 3482 5311 3727 5382; x_wconf 87' lang='lat' dir='ltr'><strong><em>omnipo-</em></strong></span> 
     </span>
    </p>
   </div>
   <div class='ocr_carea' id='block_1_117' title="bbox 2138 5391 3726 5472">
    <p class='ocr_par' dir='ltr' id='par_1_117' title="bbox 2138 5391 3726 5472">
     <span class='ocr_line' id='line_1_117' title="bbox 2138 5391 3726 5472; baseline 0.006 -26"><span class='ocrx_word' id='word_1_971' title='bbox 2138 5394 2300 5447; x_wconf 74' lang='lat' dir='ltr'><strong><em>tentis</em></strong></span> <span class='ocrx_word' id='word_1_972' title='bbox 2328 5393 2557 5447; x_wconf 86' lang='lat' dir='ltr'><strong><em>alienum</em></strong></span> <span class='ocrx_word' id='word_1_973' title='bbox 2589 5394 2714 5448; x_wconf 86' lang='lat' dir='ltr'><strong><em>est?</em></strong></span> <span class='ocrx_word' id='word_1_974' title='bbox 2740 5391 2808 5448; x_wconf 79' lang='lat' dir='ltr'><strong><em>Et</em></strong></span> <span class='ocrx_word' id='word_1_975' title='bbox 2831 5395 2884 5448; x_wconf 87' lang='lat' dir='ltr'><strong><em>in</em></strong></span> <span class='ocrx_word' id='word_1_976' title='bbox 2920 5397 3052 5449; x_wconf 86' lang='lat' dir='ltr'><strong><em>mari</em></strong></span> <span class='ocrx_word' id='word_1_977' title='bbox 3079 5405 3126 5450; x_wconf 81' lang='lat' dir='ltr'><strong><em>et</em></strong></span> <span class='ocrx_word' id='word_1_978' title='bbox 3158 5399 3211 5451; x_wconf 92' lang='lat' dir='ltr'><strong><em>in</em></strong></span> <span class='ocrx_word' id='word_1_979' title='bbox 3254 5398 3482 5454; x_wconf 84' lang='lat' dir='ltr'><strong><em>omnibus</em></strong></span> <span class='ocrx_word' id='word_1_980' title='bbox 3533 5402 3726 5472; x_wconf 72' lang='lat' dir='ltr'><strong><em>abyssi:</em></strong></span> 
     </span>
    </p>
   </div>
   <div class='ocr_carea' id='block_1_118' title="bbox 2136 5484 3723 5556">
    <p class='ocr_par' dir='ltr' id='par_1_118' title="bbox 2136 5484 3723 5556">
     <span class='ocr_line' id='line_1_118' title="bbox 2136 5484 3723 5556; baseline 0.008 -22"><span class='ocrx_word' id='word_1_981' title='bbox 2136 5499 2250 5553; x_wconf 68' lang='lat' dir='ltr'><strong><em>qua</em></strong></span> <span class='ocrx_word' id='word_1_982' title='bbox 2276 5485 2430 5537; x_wconf 79' lang='lat' dir='ltr'><strong><em>voluit</em></strong></span> <span class='ocrx_word' id='word_1_983' title='bbox 2453 5525 2466 5550; x_wconf 92' lang='lat'><strong><em>,</em></strong></span> <span class='ocrx_word' id='word_1_984' title='bbox 2499 5485 2634 5552; x_wconf 79' lang='lat' dir='ltr'><strong><em>fecit.</em></strong></span> <span class='ocrx_word' id='word_1_985' title='bbox 2682 5484 2782 5552; x_wconf 86' lang='lat' dir='ltr'><strong><em>Qui</em></strong></span> <span class='ocrx_word' id='word_1_986' title='bbox 2830 5495 2956 5540; x_wconf 88' lang='lat' dir='ltr'><strong><em>sunt</em></strong></span> <span class='ocrx_word' id='word_1_987' title='bbox 2993 5487 3262 5556; x_wconf 78' lang='lat' dir='ltr'><strong><em>abyssus?</em></strong></span> <span class='ocrx_word' id='word_1_988' title='bbox 3293 5489 3532 5545; x_wconf 83' lang='lat' dir='ltr'><strong><em>Latentia</em></strong></span> <span class='ocrx_word' id='word_1_989' title='bbox 3563 5494 3723 5547; x_wconf 87' lang='lat' dir='ltr'><strong><em>corda</em></strong></span> 
     </span>
    </p>
   </div>
   <div class='ocr_carea' id='block_1_119' title="bbox 2137 5575 3720 5649">
    <p class='ocr_par' dir='ltr' id='par_1_119' title="bbox 2137 5575 3720 5649">
     <span class='ocr_line' id='line_1_119' title="bbox 2137 5575 3720 5649; baseline 0.005 -20"><span class='ocrx_word' id='word_1_990' title='bbox 2137 5576 2436 5630; x_wconf 85' lang='lat' dir='ltr'><strong><em>mortalium</em></strong></span> <span class='ocrx_word' id='word_1_991' title='bbox 2461 5616 2475 5638; x_wconf 91' lang='lat'><strong><em>,</em></strong></span> <span class='ocrx_word' id='word_1_992' title='bbox 2508 5575 2786 5644; x_wconf 65' lang='lat' dir='ltr'><strong><em>profunde</em></strong></span> <span class='ocrx_word' id='word_1_993' title='bbox 2841 5579 3190 5647; x_wconf 77' lang='lat' dir='ltr'><strong><em>cogitationes</em></strong></span> <span class='ocrx_word' id='word_1_994' title='bbox 3231 5579 3528 5636; x_wconf 90' lang='lat' dir='ltr'><strong><em>hominum.</em></strong></span> <span class='ocrx_word' id='word_1_995' title='bbox 3579 5583 3720 5649; x_wconf 89' lang='lat' dir='ltr'><strong><em>Quo-</em></strong></span> 
     </span>
    </p>
   </div>
   <div class='ocr_carea' id='block_1_120' title="bbox 2133 5667 3721 5740">
    <p class='ocr_par' dir='ltr' id='par_1_120' title="bbox 2133 5667 3721 5740">
     <span class='ocr_line' id='line_1_120' title="bbox 2133 5667 3721 5740; baseline 0.004 -16"><span class='ocrx_word' id='word_1_996' title='bbox 2133 5669 2295 5724; x_wconf 91' lang='lat' dir='ltr'><strong><em>modo</em></strong></span> <span class='ocrx_word' id='word_1_997' title='bbox 2316 5678 2368 5724; x_wconf 89' lang='lat' dir='ltr'><strong><em>et</em></strong></span> <span class='ocrx_word' id='word_1_998' title='bbox 2385 5668 2454 5722; x_wconf 85' lang='lat' dir='ltr'><strong><em>ibi</em></strong></span> <span class='ocrx_word' id='word_1_999' title='bbox 2479 5667 2602 5723; x_wconf 77' lang='lat' dir='ltr'><strong><em>facit</em></strong></span> <span class='ocrx_word' id='word_1_1000' title='bbox 2627 5669 2765 5723; x_wconf 91' lang='lat' dir='ltr'><strong><em>Deus</em></strong></span> <span class='ocrx_word' id='word_1_1001' title='bbox 2789 5671 2928 5740; x_wconf 85' lang='lat' dir='ltr'><strong><em>quod</em></strong></span> <span class='ocrx_word' id='word_1_1002' title='bbox 2956 5672 3101 5726; x_wconf 86' lang='lat' dir='ltr'><strong><em>vult?</em></strong></span> <span class='ocrx_word' id='word_1_1003' title='bbox 3125 5672 3259 5740; x_wconf 88' lang='lat' dir='ltr'><strong><em>Quia</em></strong></span> <span class='ocrx_word' id='word_1_1004' title='bbox 3288 5673 3536 5729; x_wconf 86' lang='lat' dir='ltr'><strong><em>Dominus</em></strong></span> <span class='ocrx_word' id='word_1_1005' title='bbox 3565 5678 3721 5731; x_wconf 77' lang='lat' dir='ltr'><strong><em>inter~</em></strong></span> 
     </span>
    </p>
   </div>
   <div class='ocr_carea' id='block_1_121' title="bbox 2129 5760 3717 5839">
    <p class='ocr_par' dir='ltr' id='par_1_121' title="bbox 2129 5760 3717 5839">
     <span class='ocr_line' id='line_1_121' title="bbox 2129 5760 3717 5839; baseline 0.004 -25"><span class='ocrx_word' id='word_1_1006' title='bbox 2129 5769 2278 5830; x_wconf 79' lang='lat' dir='ltr'><strong><em>rogat</em></strong></span> <span class='ocrx_word' id='word_1_1007' title='bbox 2295 5761 2494 5829; x_wconf 79' lang='lat' dir='ltr'><strong><em>justum</em></strong></span> <span class='ocrx_word' id='word_1_1008' title='bbox 2519 5769 2567 5814; x_wconf 85' lang='lat' dir='ltr'><strong><em>et</em></strong></span> <span class='ocrx_word' id='word_1_1009' title='bbox 2585 5760 2799 5832; x_wconf 84' lang='lat' dir='ltr'><strong><em>impium</em></strong></span> <span class='ocrx_word' id='word_1_1010' title='bbox 2825 5777 2844 5816; x_wconf 90' lang='lat'><strong><em>:</em></strong></span> <span class='ocrx_word' id='word_1_1011' title='bbox 2867 5764 2954 5832; x_wconf 82' lang='lat' dir='ltr'><strong><em>qui</em></strong></span> <span class='ocrx_word' id='word_1_1012' title='bbox 2974 5772 3143 5817; x_wconf 88' lang='lat' dir='ltr'><strong><em>autem</em></strong></span> <span class='ocrx_word' id='word_1_1013' title='bbox 3171 5766 3336 5837; x_wconf 84' lang='lat' dir='ltr'><strong><em>diligit</em></strong></span> <span class='ocrx_word' id='word_1_1014' title='bbox 3363 5768 3678 5839; x_wconf 81' lang='lat' dir='ltr'><strong><em>iniquitatem</em></strong></span> <span class='ocrx_word' id='word_1_1015' title='bbox 3703 5811 3717 5835; x_wconf 91' lang='lat'><strong><em>,</em></strong></span> 
     </span>
    </p>
   </div>
   <div class='ocr_carea' id='block_1_122' title="bbox 2137 5842 3716 5929">
    <p class='ocr_par' dir='ltr' id='par_1_122' title="bbox 2137 5842 3716 5929">
     <span class='ocr_line' id='line_1_122' title="bbox 2137 5842 3716 5929; baseline 0.004 -18"><span class='ocrx_word' id='word_1_1016' title='bbox 2137 5854 2242 5911; x_wconf 80' lang='lat' dir='ltr'><strong><em>odit</em></strong></span> <span class='ocrx_word' id='word_1_1017' title='bbox 2271 5855 2496 5910; x_wconf 83' lang='lat' dir='ltr'><strong><em>animam</em></strong></span> <span class='ocrx_word' id='word_1_1018' title='bbox 2510 5871 2656 5911; x_wconf 81' lang='lat' dir='ltr'><strong><em>suam</em></strong></span> <span class='ocrx_word' id='word_1_1019' title='bbox 2688 5854 2857 5927; x_wconf 73' lang='lat' dir='ltr'><strong><em>(Prol.</em></strong></span> <span class='ocrx_word' id='word_1_1020' title='bbox 2891 5873 2943 5926; x_wconf 75' lang='grc' dir='ltr'><strong><em>κ,</em></strong></span> <span class='ocrx_word' id='word_1_1021' title='bbox 2977 5856 3056 5929; x_wconf 83' lang='grc'><strong><em>6).</em></strong></span> <span class='ocrx_word' id='word_1_1022' title='bbox 3099 5842 3166 5914; x_wconf 76' lang='lat' dir='ltr'><strong><em>Et</em></strong></span> <span class='ocrx_word' id='word_1_1023' title='bbox 3193 5859 3282 5915; x_wconf 87' lang='lat' dir='ltr'><strong><em>ubi</em></strong></span> <span class='ocrx_word' id='word_1_1024' title='bbox 3307 5855 3456 5916; x_wconf 72' lang='lat' dir='ltr'><strong><em>illum</em></strong></span> <span class='ocrx_word' id='word_1_1025' title='bbox 3488 5862 3716 5918; x_wconf 60' lang='lat' dir='ltr'><strong><em>interro</em></strong></span> 
     </span>
    </p>
   </div>
  </div>
