4074 6478
330 362 462 425 1H9

333 478 454 550 gat?
495 473 633 535 Alibi
676 472 928 540 scriptum
955 479 1073 531 est:
1122 467 1190 523 In
1218 465 1769 550 cogitationibusimpii
1812 464 1896 550 in-

335 546 594 631 ierrogatio
642 557 735 619 erit
780 554 933 625 (Sep.
964 571 1000 620 ι,
1024 553 1115 625 9).'
1132 553 1290 621 Ergo,
1318 560 1365 611 et
1384 552 1436 605 in
1457 546 1683 604 omnibus
1710 547 1899 618 abyssis

334 653 497 708 omnia
522 664 841 722 aurarumque
860 647 1037 711 notuit,
1063 646 1197 716 fecit.
1227 644 1381 705 Latet
1410 658 1501 703 cor
1532 643 1749 707 bonum,
1774 640 1901 694 lauet

333 760 421 799 cor
450 742 640 805 malum
667 756 680 807 ;
709 738 935 809 abyssus
962 746 1042 793 est
1069 746 1123 795 et
1142 736 1193 791 in
1217 735 1377 797 corde
1403 735 1562 799 bane,
1591 743 1645 787 et
1666 733 1715 787 in
1740 731 1900 789 corde

335 836 466 895 malo
490 851 503 887 :
533 832 623 889 sed
652 831 764 886 haec
793 830 931 899 nuda
948 839 1072 884 sunt
1097 830 1225 893 Deo,
1252 844 1410 900 quem
1437 825 1568 885 nihil
1594 826 1741 883 latet.
1763 821 1902 879 Con-

334 931 531 986 solatur
574 942 666 982 cor
696 926 917 993 bonum,
953 934 1164 995 torquet
1192 940 1287 979 cor
1315 924 1531 979 malum.
1565 920 1749 976 Omnia
1773 934 1901 990 ergo

331 1043 435 1097 qua’
461 1024 635 1087 coluit,
661 1022 778 1092 fecit
798 1022 852 1075 in
880 1020 1003 1076 caelo
1031 1030 1078 1074 et
1102 1020 1155 1075 in
1176 1028 1329 1083 terra,
1359 1020 1414 1073 in
1442 1017 1570 1071 mari
1589 1026 1633 1070 et
1655 1016 1709 1069 in
1735 1014 1896 1068 omni-

329 1118 413 1169 bus
437 1114 647 1183 abyssis.

398 1208 477 1261 17.
534 1204 683 1278 iners.
718 1203 797 1277 7.]
841 1203 1104 1269 Suscita”
1160 1202 1312 1261 nubes
1360 1200 1423 1257 ab
1461 1212 1681 1255 extremo
1735 1207 1899 1254 term.

329 1305 460 1367 Quas
508 1298 717 1357 nubes?
757 1297 1134 1355 Praedicatorcs
1177 1295 1327 1349 verbi
1365 1292 1605 1351 veritatis
1648 1306 1780 1349 suae.
1830 1290 1901 1349 De

328 1395 512 1466 quibus
563 1392 790 1457 nubibus
835 1392 938 1455 alio
981 1392 1098 1449 loco
1142 1391 1377 1447 irascens
1402 1388 1570 1445 Vineae
1596 1401 1707 1445 sum
1731 1385 1897 1447 dicit.

330 1486 581 1541 .ilaudubo
631 1485 842 1538 nubibus
877 1484 1001 1537 meis
1044 1500 1106 1537 ne
1131 1482 1307 1553 pluunt
1333 1496 1484 1549 super
1517 1479 1659 1539 illam
1693 1476 1903 1530 imbrem

328 1578 472 1644 (Isai.
506 1594 565 1645 v,
591 1577 666 1646 6).
702 1578 764 1637 Et
795 1592 978 1644 parum
1002 1584 1084 1629 est
1105 1573 1368 1629 excitasse
1402 1571 1569 1626 nubes
1592 1570 1662 1625 de
1682 1569 1899 1623 Jerusa-

326 1671 423 1725 lem
451 1670 534 1725 νυ]
566 1670 632 1724 de
674 1668 833 1723 lsrael
856 1708 873 1734 ,
918 1682 1048 1733 quas
1074 1665 1217 1721 tnisit
1243 1663 1529 1734 prmdieare
1557 1659 1899 1726 Evangelium

326 1780 474 1825 Suum
507 1764 562 1821 in
598 1772 708 1823 toto
734 1760 862 1815 orhe
894 1769 1188 1821 terrarum;
1221 1756 1286 1815 de
1323 1756 1515 1827 quibus
1553 1754 1779 1811 uultibus
1822 1751 1903 1809 di-

328 1864 465 1915 ctum
496 1863 598 1918 est,
649 1852 716 1913 In
745 1869 940 1905 omnem
974 1860 1159 1907 terram
1183 1850 1330 1911 exiuit
1357 1863 1510 1903 sonus
1540 1861 1709 1907 eorum
1735 1884 1751 1909 ,
1780 1854 1825 1897 et
1851 1844 1901 1905 in

326 1948 447 2017 fines
472 1946 605 2001 orbis
633 1956 781 2001 terra:
822 1942 967 1998 verba
997 1958 1165 2007 eorum
1198 1939 1365 2013 (Paul.
1399 1956 1527 1994 xvut
1546 1979 1560 2003 ,
1676 1953 1690 2002 ;
1717 1953 1900 2007 parum

326 2049 403 2093 est
433 2038 532 2097 hoc
558 2056 568 2091 τ
600 2037 693 2095 sed
713 2037 831 2107 quia
860 2037 975 2105 ipse
1002 2034 1257 2091 Dominus
1281 2031 1349 2089 ait
1373 2074 1388 2095 ,
1421 2029 1784 2093 Prwdicabitur
1809 2028 1903 2082 hoc

326 2128 649 2199 Evangetiunt
679 2127 818 2198 regni
846 2128 899 2183 in
926 2136 1030 2187 toto
1051 2124 1169 2183 orbe
1196 2133 1472 2185 terrarum,
1491 2123 1541 2175 iu
1569 2121 1905 2179 testimonium

326 2220 1013 2291 omnibusgcutibus,ettuut‘
1037 2214 1726 2285 rcniet/iuisUlaltlpxxw,
1763 2212 1852 2282 14)
1886 2229 1903 2278 ί

326 2315 516 2369 excitat
538 2313 704 2368 nubes
728 2313 794 2367 ab
822 2321 1064 2369 extremo
1083 2318 1257 2362 terrae.
1276 2307 1406 2363 Nam
1428 2314 1701 2361 crescente
1727 2305 1903 2358 Evan-

325 2408 461 2476 gt'lio
491 2449 504 2472 ,
560 2405 703 2461 unde
736 2413 891 2465 erunt
925 2402 1298 2469 prmdicaturvs
1333 2399 1597 2469 Evangelii
1629 2398 1680 2452 in
1712 2396 1906 2453 ﬁnibus

328 2508 478 2553 terra:
503 2541 516 2563 ,
553 2498 651 2553 ιιίκί
682 2498 751 2549 ibi
781 2496 981 2551 excitet
1009 2496 1178 2549 nubes
1208 2494 1274 2559 ah
1304 2501 1544 2555 extremo
1583 2490 1781 2545 terrm?
1833 2490 1906 2549 De

326 2592 452 2659 ipsis
479 2599 653 2645 autem
684 2589 908 2649 nubibus
940 2587 1064 2657 quid
1106 2594 1358 2655 operatur
1385 2583 1406 2637 ?
1459 2582 1684 2653 Fulgura
1705 2582 1755 2635 in
1787 2582 1905 2649 plu-

326 2686 459 2739 vium
487 2684 600 2754 fecit
627 2700 643 2737 :
669 2684 833 2745 mittas
861 2682 928 2736 ad
960 2680 1379 2745 misericordiam
1406 2676 1570 2742 ﬂexit,
1594 2675 1661 2735 de
1692 2674 1905 2730 terrori«

325 2776 424 2833 bus
441 2776 627 2847 irrigav
637 2777 695 2833 it.
712 2774 987 2843 Quomodo
1000 2773 1032 2829 d
1045 2788 1075 2829 e
1091 2772 1384 2827 terroribus
1404 2770 1555 2837 irriga
1564 2770 1634 2824 vit
1648 2768 1669 2822 ?
1684 2765 1907 2836 Quando

327 2868 417 2923 tibi
447 2868 676 2922 minatur
716 2867 855 2929 Deus
892 2880 985 2934 per
1015 2864 1330 2934 prophetam
1362 2870 1414 2919 et
1441 2876 1535 2929 per
1563 2859 1860 2928 apostolum
1889 2899 1904 2925 ,

325 2968 377 3015 et
407 2960 559 3015 times
587 2976 601 3023 ;
635 2974 808 3013 nonne
847 2957 1143 3015 coruscatio
1174 2954 1361 3017 terruit
1391 2952 1478 3009 te?
1508 2951 1610 3006 Sed
1639 2966 1758 3007 cum
1790 2964 1905 3019 pm-

326 3050 541 3105 niteudo
567 3050 868 3119 corrigeris,
897 3060 949 3104 ct
976 3048 1222 3119 agnoscis
1252 3046 1353 3103 huc
1380 3041 1742 3103 ttiisericnrdia
1769 3040 1905 3106 ficri,

330 3142 381 3197 iu
422 3142 652 3213 pluviam
686 3140 907 3197 vertitur
939 3138 1157 3209 fulguris
1204 3146 1394 3192 terror.
1426 3134 1522 3201 Qui
1546 3134 1711 3187 educit
1742 3142 1911 3197 oculos

326 3235 385 3288 de
415 3235 661 3291 thesauris
690 3235 812 3291 suis.
849 3232 1074 3289 Eosdem
1106 3239 1235 3303 puto
1258 3229 1630 3300 prmdieatores
1657 3238 1709 3280 et
1740 3226 1909 3285 nubes

325 3338 375 3381 et
420 3337 641 3381 ventos:
693 3326 896 3390 nubes,
933 3334 1146 3395 pmptrr
1178 3338 1429 3385 carnem;
1473 3328 1659 3375 ventos
1696 3326 1909 3388 propter

325 3428 589 3499 spiritum.
613 3425 793 3489 Nubes
830 3426 971 3487 enim
1007 3423 1254 3489 \‘idcttlttt‘
1277 3463 1292 3486 ,
1345 3419 1484 3477 venti
1531 3418 1830 3475 sentiuntur
1857 3425 1909 3470 et

326 3538 429 3573 non
459 3519 719 3581 videntur.
749 3517 982 3587 Denique
1008 3516 1259 3586 quoniam
1289 3527 1502 3577 carnem
1522 3510 1764 3577 videmus
1790 3523 1909 3565 esse

325 3611 390 3666 de
423 3622 581 3669 terra.
612 3608 813 3675 Nubes,
852 3608 1039 3677 inquit,
1064 3607 1249 3661 excitat
1276 3606 1338 3658 ab
1367 3612 1585 3665 extremo
1609 3611 1770 3659 terra.
1798 3599 1905 3655 Es~

325 3714 594 3775 presserat
634 3702 771 3759 unde
808 3702 1001 3757 excitet
1032 3700 1204 3754 nubes
1231 3718 1244 3754 :
1272 3698 1417 3752 venit
1439 3696 1505 3751 ad
1534 3704 1755 3755 ventos,
1787 3691 1908 3762 quia

324 3796 541 3866 Spiritus
581 3793 809 3863 hominis
835 3792 1106 3862 ignoratur
1155 3790 1293 3851 unde
1322 3789 1539 3845 veniat:
1571 3786 1868 3840 Producens
1892 3826 1906 3849 ,

326 3888 538 3960 inquit,
587 3894 753 3941 ventos
797 3885 858 3938 de
902 3886 1153 3943 thesauris
1177 3884 1300 3938 suis.
1331 3880 1608 3939 Paululum
1629 3877 1906 3943 attendite,

322 3990 377 4036 et
406 3990 598 4035 cetera
632 3978 922 4037 videamus.

401 4073 484 4131 l8.
518 4070 667 4144 [vcrs.
697 4067 776 4142 8.]
822 4067 922 4134 Qui
969 4067 1210 4141 percussit
1250 4064 1578 4137 primogenita
1606 4062 1822 4134 .Egypti
1848 4062 1910 4116 ab

324 4164 528 4229 ltoutine
562 4178 716 4231 usque
740 4159 808 4214 ad
843 4176 1014 4233 pecus.
1047 4158 1401 4228 Primogenita
1426 4166 1607 4219 nostra
1636 4156 1779 4211 salva
1805 4154 1910 4210 sint

324 4253 578 4317 Domino,
611 4254 858 4325 quoniam
887 4254 1004 4322 ipse
1029 4267 1090 4307 ea
1117 4250 1259 4311 dedit
1284 4249 1456 4307 nobis.
1489 4248 1707 4303 Molesta
1732 4257 1909 4302 autem

326 4361 485 4418 pinna
525 4352 630 4412 est,
665 4352 718 4399 et
756 4343 977 4397 nituiqu
1006 4342 1254 4401 terribilis
1283 4340 1450 4411 plaga,
1482 4354 1625 4395 mors
1648 4339 1911 4408 primoge-

328 4442 581 4495 nitorum.
630 4437 759 4505 Qum
801 4444 928 4493 sunt
973 4434 1318 4505 primogenita
1367 4432 1584 4489 noswa?
1625 4432 1797 4489 Mores
1827 4431 1912 4485 isti

328 4528 519 4591 nostri,
541 4526 730 4601 quibus
757 4540 899 4581 nunc
929 4525 1190 4587 servimus
1216 4524 1342 4593 Deo,
1370 4524 1480 4594 ipsa
1506 4533 1630 4579 sunt
1653 4521 1913 4593 primoge-

330 4622 438 4683 nita
485 4629 686 4674 nostra.
729 4617 994 4675 Primitias
1032 4616 1173 4677 enim
1218 4615 1473 4677 habemus
1518 4614 1684 4683 ipsum
1733 4610 1911 4676 ﬁdem,

332 4713 472 4767 unde
513 4711 812 4779 incipimus.
847 4707 1100 4771 Ecclesiae
1132 4707 1325 4781 quippe
1350 4705 1547 4767 dictum
1575 4712 1673 4777 est,
1712 4701 1912 4766 Venias,

333 4814 375 4857 et
401 4800 705 4873 pertransies
735 4798 794 4857 ab
830 4798 971 4857 initio
1000 4797 1119 4866 ﬁdei
1150 4793 1333 4868 (Cant.
1365 4810 1439 4860 tv,
1468 4796 1520 4861 8,
1548 4810 1646 4848 sec.
1680 4792 1816 4845 LXX
1843 4792 1859 4861 )
1899 4810 1909 4844 :

333 4904 385 4949 et
424 4910 581 4961 nemo
622 4893 807 4963 incipit
852 4892 984 4946 bene
1026 4889 1223 4951 vivere,
1255 4886 1355 4941 nisi
1380 4902 1410 4945 a
1438 4886 1559 4940 fide.
1603 4885 1760 4941 Fides
1790 4899 1915 4954 ergo

335 4997 516 5043 nostra
538 4986 589 5041 in
622 4982 985 5061 primogenitis
1009 4980 1202 5043 nostris
1227 4986 1326 5033 est.
1366 4976 1589 5046 Quando
1622 4974 1917 5029 custoditur

336 5079 468 5135 tides
490 5087 692 5155 nostra,
716 5088 906 5140 caetera
928 5073 1177 5143 subsequi
1206 5080 1445 5141 possunt.
1478 5067 1607 5123 Nam
1635 5067 1771 5136 quod
1796 5082 1918 5139 pur-

336 5180 527 5239 gantur
562 5167 803 5229 homines
827 5164 1060 5245 quoudie
1090 5158 1411 5232 proﬁciendo
1442 5159 1492 5211 iu
1531 5157 1717 5211 melius
1740 5197 1753 5223 ,
1802 5171 1913 5209 me-

339 5261 544 5328 liusque
576 5257 818 5324 vivendo,
854 5257 967 5327 ipso
1010 5255 1260 5310 interiore
1301 5250 1515 5321 homine
1562 5257 1813 5304 renovato
1853 5247 1919 5301 de

339 5350 423 5405 die
449 5350 499 5419 iu
528 5349 688 5419 diem,
720 5349 857 5403 sicut
878 5346 1002 5400 dicit
1027 5344 1329 5414 Apostolus,
1356 5339 1421 5397 Et
1450 5340 1494 5394 si
1516 5339 1730 5393 exterior
1756 5347 1921 5392 noster

342 5442 487 5493 homo
516 5438 873 5508 corrumpitur,
899 5435 985 5489 sed
1008 5434 1211 5488 interior
1237 5441 1503 5488 renovatur
1523 5429 1585 5482 de
1609 5428 1690 5481 die
1710 5429 1760 5482 in
1789 5428 1920 5482 diem

342 5532 404 5601 (ll
427 5531 545 5586 Cor.
570 5529 749 5603 tv,16)
771 5546 784 5593 ;
815 5528 932 5583 ideo
960 5525 1148 5596 fttquia
1167 5523 1510 5597 primogenita
1533 5519 1662 5575 ﬂdes
1687 5519 1832 5584 vivit,
1857 5520 1920 5571 de

341 5639 439 5693 qua
471 5620 821 5691 primogenita
850 5618 949 5671 fide
984 5626 1036 5671 et
1068 5614 1349 5684 Apostolus
1372 5616 1464 5677 ait,
1499 5610 1547 5663 Ν
1552 5628 1615 5664 οη
1638 5611 1799 5665 solum
1825 5627 1919 5662 au-

345 5726 461 5783 tem,
489 5713 578 5770 sed
603 5722 651 5769 ct
678 5730 769 5768 nos
796 5712 893 5781 ipsi
921 5701 1402 5779 primitias-spiritus
1428 5705 1695 5769 habentes;
1738 5703 1787 5758 id
1818 5713 1916 5764 est,

345 5807 532 5865 dantes
573 5806 683 5880 jam
728 5806 838 5860 Deo
883 5803 1140 5874 primitias
1174 5800 1388 5871 spiritus
1425 5799 1613 5865 nostri,
1659 5797 1760 5852 hoc
1803 5804 1917 5863 est,

1350 350 1741 405 ENARRATIO
1779 348 1843 403 IN
1884 342 2205 406 MALIIUM
2241 349 2522 407 CXXXIV.

3484 348 3587 412 750

2009 464 2178 533 ipsam
2214 465 2369 520 tide'n
2404 475 2652 537 tauquam
2694 467 3039 537 primogenita
3077 476 3286 533 nostra;
3331 478 3497 525 tam
3532 472 3584 525 in

2010 556 2373 627 nobismetipsis
2411 559 2819 627 ingemiscant»,
2858 560 3180 630 adoptionem
3221 569 3583 630 exspectantes,

2004 650 2399 719 redemptionem
2423 650 2646 721 corporis
2672 651 2833 704 nostri
2860 648 3046 720 (Rom.
3072 666 3181 718 rm,
3209 651 3284 708 23
3303 652 3340 723 ).
3380 650 3436 706 Si
3460 666 3586 723 ergo

2007 756 2196 810 magna
2238 741 2332 797 Dei
2374 744 2542 814 gratia
2582 752 2668 799 cst
2712 751 2772 799 ut
2814 754 3159 801 conservetur
3196 744 3329 800 tich
3364 754 3582 811 nostra;

2008 848 2196 902 magna
2226 849 2383 903 pmna
2410 844 2491 889 est
2510 835 2751 890 occidere
2774 836 3141 907 primogenita,
3169 836 3384 908 quando
3415 836 3586 893 homi-

2007 940 2105 980 nes
2139 927 2189 980 in
2219 926 2506 983 afﬂictione
2544 929 2797 985 Ecclesia:
2832 930 3103 984 constituti
3148 929 3375 1001 perdunt
3404 928 3582 985 ﬁdem.

2006 1017 2260 1087 Afﬂigunt
2297 1020 2436 1073 enim
2477 1021 2788 1085 Ecclesiatn,
2813 1030 2870 1075 ut
2902 1022 3126 1091 perdant
3150 1021 3308 1077 ﬁdem
3338 1040 3352 1077 :
3381 1038 3505 1078 nam
3531 1032 3587 1080 ct

2006 1113 2119 1182 ipsa
2149 1112 2417 1185 Egyptus
2431 1113 2645 1170 afﬂictio
2673 1116 3071 1185 interpretatur.
3107 1116 3439 1187 Quicumque
3456 1131 3585 1188 ergo

2006 1204 2243 1274 afﬂigunt
2291 1206 2611 1270 Ecclesium,
2663 1209 2981 1279 quicumque
3037 1208 3280 1263 scandala
3327 1208 3583 1264 Ecclesia!

2007 1298 2317 1364 immittunt,
2349 1298 2447 1351 etsi
2468 1298 2736 1353 christiani
2765 1301 3116 1370 appellentur,
3150 1301 3447 1356 moriuntur
3472 1302 3583 1371 pri¢

2005 1390 2271 1460 ntogenita
2311 1404 2518 1443 eorum.
2563 1389 2732 1445 Erunt
2775 1390 3032 1457 inﬂdeles,
3064 1401 3220 1446 erunt
3255 1392 3459 1457 inanes,
3494 1393 3588 1446 lia-

2005 1483 2195 1539 bentes
2236 1497 2428 1536 nomen
2475 1493 2672 1537 tantum
2720 1493 2775 1539 et
2817 1486 3023 1553 signum
3058 1503 3070 1540 :
3106 1486 3156 1538 in
3201 1484 3361 1540 corde
3406 1494 3586 1540 autem

2008 1576 2412 1646 primogenitum
2465 1591 2616 1628 suum
2671 1576 3033 1644 sepelierunt;
3090 1591 3258 1647 usque
3304 1575 3478 1641 adeo,
3525 1583 3588 1631 ut
3632 1603 3639 1645 ε

2006 1668 2219 1739 quando
2245 1668 2291 1721 ei
2322 1667 2518 1736 aliquid
2544 1666 2760 1733 dixeris,
2791 1677 3004 1736 propter
3027 1668 3218 1722 bonam
3248 1667 3426 1731 vitam,
3464 1682 3586 1737 pro-
3634 1651 3639 1662 ’

2007 1773 2127 1832 pter
2169 1777 2318 1831 spem
2361 1761 2484 1814 vita:
2529 1769 2761 1823 aeternae,
2810 1768 2864 1814 et
2908 1769 3121 1829 propter
3166 1761 3406 1815 timorem
3450 1760 3583 1830 ignis

2008 1854 2213 1913 aeterni,
2244 1851 2384 1922 apud
2426 1867 2484 1906 se
2512 1851 2831 1913 subsaunet;
2864 1861 2957 1904 aut
2986 1851 3030 1903 si
3064 1851 3181 1904 talis
3207 1860 3287 1904 est
3309 1859 3365 1904 ut
3393 1849 3587 1904 audeat

2007 1961 2187 2000 coram
2215 1954 2283 2007 te,
2316 1960 2377 1999 ns
2407 1953 2647 2013 torqueat
2674 1953 2727 1997 et
2750 1942 2891 1999 dicat
2921 1960 2932 1994 :
2964 1942 3093 2009 Quis
3122 1941 3225 1996 ὴιιυ
3256 1941 3378 1996 inde
3403 1956 3587 1997 rever-

2004 2055 2099 2105 sus
2114 2040 2230 2094 est?
2254 2038 2431 2092 dicunt
2463 2037 2561 2091 sibi
2592 2038 2833 2091 homines
2854 2035 2993 2106 quod
3017 2036 3217 2093 volunt.
3248 2035 3315 2089 Et
3338 2034 3583 2091 christia-

2007 2146 2109 2186 nus
2129 2139 2246 2194 est;
2294 2130 2387 2183 sed
2423 2130 2542 2198 quia
2577 2127 2833 2198 afﬂigens,
2863 2127 3069 2181 occisus
3098 2137 3177 2181 est
3204 2126 3591 2196 pritnogeuitus

1954 2259 1962 2270 ο
2008 2225 2143 2293 ejus,
2169 2231 2374 2277 mortua
2397 2230 2480 2276 est
2506 2220 2637 2274 fides
2659 2218 2774 2288 ejus
2801 2236 2812 2271 :
2837 2229 2888 2271 et
2916 2217 3017 2272 hoc
3038 2217 3100 2271 ab
3125 2217 3325 2270 homine
3345 2232 3502 2286 usque
3520 2216 3587 2270 ad

2010 2331 2178 2385 pecus.
2212 2314 2414 2376 Dicam,
2450 2311 2659 2375 fratres,
2683 2309 2822 2380 quod
2850 2310 3039 2363 sentio.
3075 2309 3327 2367 Homines
3350 2308 3585 2376 intelligo

2008 2408 2351 2478 spiritualiter
2376 2404 2658 2475 significari
2686 2411 2935 2473 tanquam
2958 2402 3163 2466 doctos,
3195 2408 3409 2471 propter
3429 2400 3591 2457 ratio-

2010 2502 2183 2555 nalem
2220 2499 2470 2561 animam,
2503 2496 2642 2566 quod
2683 2505 2763 2550 est
2810 2495 2969 2549 homo
2998 2512 3009 2546 :
3038 2508 3228 2563 pecora
3261 2507 3408 2557 vero,
3437 2491 3588 2548 indo-

2008 2602 2156 2657 ctos;
2195 2591 2289 2646 sed
2327 2599 2501 2647 tamen
2544 2588 2800 2642 habentes
2824 2586 3005 2646 ﬁdem,
3041 2601 3160 2639 nam
3189 2599 3296 2639 non
3335 2583 3591 2639 haberent

2010 2685 2380 2757 primogenita.
2409 2684 2543 2739 Sunt
2563 2681 2703 2736 docti
2733 2680 2821 2751 qui
2843 2678 3082 2749 afﬂigunt
3104 2676 3417 2739 Ecclesiam,
3447 2674 3584 2730 schi-

2010 2790 2179 2834 smata
2216 2789 2268 2833 et
2298 2777 2526 2830 ha-reses
2552 2772 2813 2829 faciendo.
2850 2770 3078 2827 Proinde
3109 2784 3204 2825 nec
3232 2768 3284 2824 in
3312 2768 3417 2822 illis
3437 2768 3592 2823 iuve-

2009 2873 2094 2926 nis
2132 2870 2312 2935 ﬁdem,
2339 2868 2587 2939 quoniam
2620 2866 2738 2920 facti
2769 2872 2893 2919 sunt
2917 2863 3199 2933 Egyptus,
3232 2862 3284 2916 id
3324 2869 3404 2916 est
3451 2858 3591 2917 afﬂi-

2010 2965 2116 3018 ctio
2162 2962 2358 3032 populo
2408 2959 2519 3015 Dei.
2567 2959 2749 3013 Occisa
2791 2967 2914 3011 sunt
2966 2953 3311 3025 primogenita
3357 2966 3587 3011 eorum:

2010 3056 2225 3111 tralmut
2252 3065 2369 3123 post
2389 3069 2447 3108 se
2477 3052 2658 3107 turbas
2681 3050 2951 3114 indoctas;
2995 3049 3105 3117 ipsa
3141 3056 3263 3102 sunt
3292 3061 3503 3116 pecora.
3534 3044 3591 3103 In

2013 3148 2111 3202 hac
2136 3162 2263 3215 ergo
2288 3145 2574 3200 afﬂictione
2598 3160 2699 3213 qua
2729 3142 2964 3196 Ecclesia
2987 3140 3256 3210 afﬂigitur,
3286 3138 3507 3193 moritur
3536 3137 3589 3195 in

2011 3227 2366 3307 afti'igentibus
2397 3236 2526 3290 fides
2555 3252 2568 3287 :
2595 3233 2894 3288 moriuntur
2936 3231 3283 3301 primogenita
3304 3238 3357 3283 et
3384 3229 3437 3283 in
3463 3228 3593 3298 ipsis

2010 3332 2182 3385 doctis
2234 3338 2288 3383 et
2333 3328 2586 3392 indoctis;
2640 3326 2758 3393 quia
2807 3324 2999 3378 occidit
3055 3324 3192 3378 Deus
3246 3321 3593 3391 primogenita

2012 3421 2384 3492 Egyptiorum
2416 3418 2477 3471 ab
2502 3419 2702 3471 homine
2721 3432 2873 3483 usque
2896 3415 2965 3473 ad
2991 3430 3160 3484 pecus.

2086 3514 2169 3568 i9.
2203 3512 2351 3585 [vas
2383 3511 2463 3583 9.]
2491 3510 2707 3564 lnuuisit
2736 3509 2879 3579 signa
2906 3516 2953 3561 et
2975 3505 3207 3576 prodigia
3236 3506 3288 3563 itt
3314 3503 3477 3561 medio
3497 3504 3588 3569 tui,

2013 3607 2263 3677 Egypte,
2288 3607 2338 3658 in
2368 3604 2636 3657 Pharaone
2660 3602 2774 3656 etin
2800 3599 3028 3655 omnibus
3053 3598 3205 3655 servis
3227 3599 3356 3667 ejus.
3387 3594 3595 3651 Pharao

2012 3716 2105 3755 rex
2137 3697 2526 3768 Aigyptiorum.
2554 3693 2757 3747 Numen
2796 3690 3073 3751 attendite,
3119 3696 3172 3747 et
3207 3686 3381 3741 videte
3408 3700 3597 3755 quem-

2011 3790 2299 3845 admodum
2339 3790 2437 3844 ista
2474 3786 2629 3842 faciat
2670 3785 2829 3840 Deus.
2871 3782 2983 3837 Rex
3013 3782 3064 3835 in
3096 3779 3240 3839 omni
3265 3787 3422 3849 gente
3452 3777 3597 3845 prior

2010 3895 2126 3951 est;
2151 3884 2414 3956 Egyptus
2434 3881 2665 3936 Afﬂictio
2687 3889 2787 3942 est,
2811 3877 3013 3931 Pharao
3039 3872 3341 3941 Dissipatio.
3361 3869 3595 3925 Afﬂictio

2011 3993 2141 4047 ergo
2182 3991 2360 4045 regem
2404 3973 2560 4027 habet
2606 3970 3035 4038 dissipationetn;
3083 3964 3204 4034 quia
3233 3962 3305 4017 illi
3333 3961 3423 4031 qui
3455 3959 3597 4023 afﬂi-

2012 4077 2143 4139 gunt
2171 4064 2484 4127 Ecclesiam,
2514 4059 2753 4129 dissipati
2782 4057 3041 4127 afﬂigunt.
3071 4054 3142 4111 Ut
3160 4054 3304 4109 enim
3331 4051 3591 4121 afﬂigant,

2014 4160 2339 4228 dissipantur
2374 4154 2663 4223 :quoniam
2710 4166 2803 4207 rex
2843 4150 3006 4210 ducit,
3050 4146 3275 4217 populus
3320 4142 3595 4211 sequitur;

2016 4249 2268 4322 praecedit
2295 4246 2590 4315 dissipatio,
2621 4243 2861 4313 sequitur
2886 4239 3121 4303 afﬂictio,
3152 4235 3381 4303 Audite,
3422 4232 3600 4299 audite

2016 4344 2229 4398 nomina
2250 4340 2381 4401 haec,
2410 4336 2844 4406 interpretatione
2872 4333 3044 4403 typica
3068 4331 3085 4363 ί
3117 4338 3171 4384 et
3194 4324 3454 4397 sapientia
3483 4324 3598 4393 ple-

2017 4452 2082 4491 na
2114 4454 2126 4488 :
2157 4448 2255 4488 nec
2291 4447 2455 4486 unum
2493 4428 2696 4483 invenis
2718 4442 2783 4483 ex
2810 4425 2922 4483 istis
2954 4420 3275 4488 nominibus,
3304 4415 3444 4487 quod
3474 4414 3601 4485 boui

2016 4524 2215 4595 aliquid
2256 4524 2650 4590 interpretetur,
2679 4518 2767 4575 tibi
2811 4513 3049 4575 exercuit
3090 4512 3231 4577 Deus
3266 4510 3398 4577 iram
3427 4521 3599 4565 suam.

2086 4620 2178 4674 2t).
2206 4616 2357 4690 [verm
2384 4616 2471 4677 10,
2497 4610 2608 4684 Η.]
2641 4609 2899 4665 Percussit
2922 4616 3092 4678 gentes
3110 4602 3317 4673 inultas,
3346 4610 3392 4669 et
3422 4599 3605 4667 occidit

2018 4728 2155 4781 rcges
2185 4715 2360 4779 fortes.
2412 4707 2500 4760 Die
2525 4719 2659 4773 quos
2687 4715 2838 4770 reges
2862 4708 2913 4753 et
2944 4712 3076 4768 quas
3104 4695 3325 4767 gentes?
3358 4690 3497 4751 Seon
3521 4707 3599 4747 re-

2019 4823 2129 4876 gem
2157 4802 2580 4857 Anton/uvarum.
2614 4795 2803 4851 Audite
2832 4792 3039 4846 nomina
3064 4786 3280 4859 gravida
3299 4797 3602 4853 sperante“.

2022 4871 2107 4955 iis.
2140 4894 2276 4948 Seon
2303 4906 2490 4961 regem,
2523 4887 2710 4955 inquit,
2728 4881 3139 4949 Antor-rumorum
3162 4874 3373 4945 occidit.
3399 4871 3607 4931 Occidit

2022 4988 2212 5056 plane;
2245 4993 2297 5039 et
2323 4996 2463 5043 nunc
2482 4978 2691 5033 occidat
2716 4992 2744 5030 a
2775 4973 3025 5041 cordibus
3055 4981 3331 5033 servorum
3362 4980 3606 5037 suorum,

2021 5087 2076 5132 et
2101 5093 2129 5130 a
2161 5071 2541 5131 tentatiouibus
2587 5066 2842 5123 Ecclesia:
2879 5079 3019 5126 sum,
3061 5075 3157 5131 nec
3200 5066 3374 5127 cesset
3416 5070 3607 5129 [nanus

2021 5171 2137 5239 ejus
2178 5169 2230 5222 in
2273 5162 2581 5221 occidendis
2618 5160 2813 5215 talibus
2859 5154 3073 5224 regibus
3114 5160 3167 5221 et
3211 5150 3404 5217 talibus
3433 5162 3598 5219 popu~

2024 5263 2085 5317 lis
2121 5279 2133 5315 :
2165 5262 2543 5329 interpretatur
2576 5257 2717 5310 enim
2759 5250 2898 5311 Scott
2921 5290 2936 5317 ,
2977 5246 3219 5303 Teutatio
3254 5242 3607 5317 oculorum';

2026 5352 2324 5410 Amorrhaai
2355 5352 2792 5418 interpretantur,
2826 5339 3215 5399 Antaricantes.
3257 5334 3374 5403 .latn
3415 5333 3503 5391 hic
3527 5331 3608 5389 vi-

2024 5451 2147 5517 dete
2190 5449 2234 5504 si
2272 5445 2566 5514 intelligere
2610 5450 2897 5510 possumus
2949 5431 3216 5505 quomodo
3259 5426 3611 5483 amaricantes

2092 5617 2105 5648 ι
2139 5612 2470 5675 Αιίρυοίιίδδον
2494 5603 2716 5675 Μυδιίιξιξ·
2778 5669 2810 5675 Α,
2838 5660 2952 5675 LL
2988 5665 3263 5675 ____.-_.-_
3320 5654 3486 5675 ...μη

2092 5679 2112 5709 ι
2137 5660 2317 5722 ambas
2340 5660 2491 5733 μνοιῴ
2520 5660 2626 5716 uisa.
2653 5666 2731 5713 hic
2765 5669 2817 5711 et
2836 5660 2960 5710 infra
2979 5665 3284 5733 constant-e33

2033 5717 2393 5791 toruiiiji’orro,
2425 5717 2551 5780 idem
2585 5739 2764 5791 nomen
2789 5732 2955 5791 postea
2978 5719 3169 5791 ini’sal.
3203 5720 3305 5791 133i,
3326 5732 3374 5791 n_.
3393 5717 3444 5773 9,
3470 5718 3618 5771 inter-v

2034 5779 2216 5865 Sicilia
2234 5779 2369 5855 dicit,
2382 5779 2586 5859 'germen
2606 5787 2773 5840 inutile
2789 5779 2866 5837 'vet
2889 5782 3191 5836 tentationem
3214 5779 3445 5833 calentem
