4074 6470
514 319 646 377 1751

507 528 683 585 lorum
714 544 817 585 non
838 538 922 585 est
944 529 1042 584 nisi
1068 528 1400 584 mendacium
1430 548 1442 584 :
1469 531 1702 585 colorem
1739 530 1918 596 habet,
1947 531 2093 585 veri-

510 631 670 678 tatem
701 638 806 677 non
835 621 1012 680 habet.
1041 620 1156 678 Jam
1185 622 1310 693 quid
1341 625 1532 679 mirum
1564 635 1644 680 est
1670 626 1713 680 si
1735 627 2091 683 amaricantes

507 714 668 770 talem
705 713 934 770 habeant
972 729 1153 784 regem
1174 755 1188 778 ,
1226 715 1536 771 mendacem
1567 718 1781 787 regem?
1804 716 1918 772 Nisi
1945 718 2087 774 enim

509 806 836 862 mendacium
858 815 910 861 et
929 807 1195 861 simulatio
1216 809 1503 878 przecedat,
1523 825 1626 864 non
1653 819 1776 864 sunt
1799 811 2088 867 amarican-

506 909 583 954 tes
612 899 662 952 in
693 897 962 965 Ecclesia;
996 899 1118 955 inde
1144 901 1290 956 enim
1327 902 1619 955 amaricant
1643 943 1657 963 .
1699 903 1818 972 quia
1859 901 2081 973 fingunt.

501 990 761 1046 Prwcedit
796 992 1015 1046 tentatio
1055 993 1352 1060 oculorum,
1382 995 1690 1049 amaricatio
1721 998 1962 1064 sequitur
1992 1014 2004 1049 :
2031 1005 2086 1052 et

499 1085 550 1140 in
578 1085 693 1154 ipso
717 1085 929 1140 diabolo
955 1087 1258 1156 praecessit;
1295 1103 1415 1143 nam
1447 1089 1675 1144 tentatio
1702 1090 1979 1145 oculorum
2001 1098 2085 1146 est

495 1178 636 1248 quod
661 1179 984 1249 transﬁgurat
1003 1197 1055 1234 se
1074 1180 1204 1233 velut
1222 1181 1455 1252 angelum
1468 1179 1623 1236 lueis‘
1646 1182 1709 1254 (ll
1729 1180 1846 1237 Cor.
1873 1199 1941 1248 xt,
1968 1184 2076 1253 14).

496 1268 713 1324 Occidat
761 1287 947 1326 manus
990 1273 1197 1327 Domini
1242 1281 1296 1328 et
1339 1273 1488 1329 illum
1541 1283 1594 1330 et
1627 1276 1776 1341 illos;
1808 1277 1974 1344 illum,
2010 1293 2078 1332 ne

495 1362 736 1428 inducat;
783 1363 919 1430 illos,
947 1373 1000 1417 ut
1027 1365 1380 1435 corrigantur.
1423 1367 1629 1422 Etenim
1670 1367 1720 1420 in
1760 1383 2077 1438 unoquoque

491 1453 711 1509 homine
737 1455 993 1510 occiditur
1023 1455 1110 1511 ille
1134 1472 1248 1521 rex,
1282 1458 1493 1528 quando
1520 1459 1736 1513 damnat
1775 1460 2074 1514 simulatio-

490 1563 634 1611 nem,
667 1557 720 1602 ct
749 1547 918 1618 diligit
948 1550 1240 1604 veritatem.
1284 1550 1468 1606 Manus
1494 1551 1586 1606 Dei
1617 1567 1722 1605 non
1750 1551 1979 1622 quiescit
2022 1552 2073 1607 id

487 1655 664 1709 agere.
692 1640 823 1695 Nam
854 1642 1296 1712 quemadmodum
1328 1643 1433 1713 egit
1458 1643 1523 1696 ad
1552 1643 1778 1698 litteram
1805 1653 1930 1699 tunc
1954 1686 1968 1709 ,
1997 1645 2074 1700 sic

487 1733 592 1802 agit
619 1749 756 1788 nunc
783 1735 1148 1803 spiritualiter,
1180 1745 1234 1790 ut
1260 1735 1477 1806 impleat
1500 1736 1638 1806 quod
1680 1748 1804 1790 tunc
1844 1737 2073 1806 prophe-

485 1826 589 1881 tice
617 1827 1008 1896 praenuntiavit.
1036 1828 1238 1883 Occidit
1261 1829 1420 1882 etiam
1447 1829 1604 1882 alium
1630 1843 1806 1898 regem
1831 1835 1885 1882 et
1905 1829 2066 1883 alium

484 1919 738 1987 populum
762 1918 877 1987 ejus
905 1937 917 1971 :
949 1917 1013 1972 Et
1047 1916 1125 1990 Og
1147 1937 1312 1990 regem
1341 1919 1532 1974 Basan.
1558 1920 1622 1974 Et
1649 1919 1732 1974 hic
1759 1935 1917 1990 quam
1946 1936 2061 1974 ma-

483 2012 596 2068 Iusf
629 2011 706 2082 0g
745 2013 1152 2082 interpretatur,
1182 2013 1512 2070 Conclusio;
1544 2012 1714 2066 Basan
1751 2012 2067 2082 interpreta-

480 2113 588 2173 tur,
615 2104 887 2160 Confusio.
931 2104 1096 2159 Malus
1121 2114 1204 2160 est
1232 2120 1323 2159 rex
1355 2104 1444 2158 ille
1470 2104 1555 2174 qui
1589 2103 1898 2158 intercludit
1924 2104 2064 2159 viam

477 2197 544 2252 ad
562 2198 757 2252 Deum.
787 2197 899 2253 Hoc
917 2198 1056 2253 enim
1078 2199 1187 2268 agit
1206 2196 1480 2262 diabolus;
1513 2213 1726 2266 semper
1745 2196 2064 2267 opponendo

475 2289 896 2364 ﬁgmentasua,
943 2291 1260 2360 opponendo
1305 2291 1441 2344 idola
1485 2305 1613 2356 sua,
1648 2289 1966 2365 opponendo
2004 2305 2062 2347 se

474 2383 832 2438 necessarium
881 2398 976 2452 per
1016 2383 1315 2452 arreptitios
1335 2384 1378 2446 ³,
1430 2383 1749 2452 sortilegos,
1794 2397 2056 2452 augures,

471 2475 783 2543 aruSpices,
834 2490 1053 2544 magos,
1104 2489 1254 2529 sacra
1317 2474 1739 2540 daemoniorum,
1791 2473 2102 2530 concludit'

469 2569 628 2623 viam.
674 2568 953 2636 Quomodo
994 2584 1089 2636 per
1130 2567 1399 2622 Christum
1453 2567 1504 2622 id
1545 2568 1737 2638 agitur,
1781 2574 1840 2621 ut
1882 2577 2059 2637 pateat

466 2659 573 2728 via,
601 2676 719 2730 qua:
740 2661 908 2715 fuerat
941 2660 1258 2726 interclusa;
1291 2674 1411 2714 nam
1453 2674 1548 2730 per
1584 2674 1707 2715 eum
1747 2659 2056 2729 redemptus

466 2753 680 2823 quidam
701 2752 848 2818 dicit,
873 2752 942 2807 Et
958 2755 1008 2807 in
1030 2751 1139 2806 Deo
1155 2770 1264 2807 meo
1287 2753 1632 2824 transgredior
1650 2770 1850 2807 murum
1878 2753 2052 2825 (Psal.

465 2859 594 2908 xvtt,
620 2842 711 2916 50)
742 2863 754 2899 :
783 2845 858 2900 sic
888 2845 1130 2900 diabolus
1169 2845 1297 2900 nihil
1332 2846 1473 2900 aliud
1504 2847 1632 2917 agit,
1669 2847 1772 2902 nisi
1801 2856 1858 2902 ut
1883 2848 2052 2902 inter-

463 2937 642 2994 cludat
677 2937 836 3005 viam,
873 2955 938 2994 ne
965 2939 1215 2993 credatur
1246 2941 1296 2993 in
1330 2940 1515 2993 Deum.
1557 2939 1611 2994 Si
1648 2939 1790 2995 enim
1816 2940 2052 2995 creditur

460 3030 516 3085 in
564 3031 728 3086 Deum
750 3073 763 3095 ,
799 3038 942 3100 patet
968 3031 1083 3096 via;
1127 3039 1180 3094 et
1209 3031 1321 3100 ipse
1349 3030 1595 3086 Christus
1633 3043 1716 3087 est
1746 3032 1828 3087 via
1857 3031 2046 3102 (Joan.

462 3138 572 3189 xw,
603 3115 675 3192 6)
703 3140 715 3176 :
747 3121 790 3177 si
832 3131 1009 3176 autem
1051 3137 1157 3176 non
1187 3121 1424 3176 creditur
1455 3123 1506 3176 in
1541 3123 1729 3187 Deum,
1759 3123 2046 3181 interclusa

459 3222 544 3269 est
594 3213 697 3267 via.
740 3210 794 3268 Si
838 3220 1014 3267 autem
1066 3213 1355 3268 interclusa
1408 3213 1600 3279 fuerit,
1634 3214 1755 3284 quia
1787 3229 1891 3269 non
1923 3209 2046 3271 cre-

457 3306 636 3373 ditur;
661 3305 785 3376 quid
811 3315 995 3372 restat,
1026 3307 1128 3361 nisi
1150 3316 1207 3362 ut
1234 3320 1354 3361 cum
1381 3308 1586 3363 venerit
1605 3308 1692 3377 qui
1722 3324 1827 3362 non
1858 3308 2047 3364 crede-

455 3397 636 3463 batur,
681 3397 1072 3453 confundantur
1113 3399 1204 3469 qui
1255 3413 1359 3453 non
1404 3398 1783 3454 crediderunt?
1827 3399 2045 3469 Quare?

455 3488 588 3557 Quia
611 3490 882 3544 conclusio
903 3490 1173 3561 praecedit,
1197 3499 1253 3546 et
1273 3491 1509 3562 sequitur
1525 3491 1768 3546 confusio
1790 3511 1802 3547 :
1821 3493 2043 3548 conclu-

454 3580 538 3635 sio
565 3581 816 3651 praecedit
843 3592 898 3636 ut
925 3598 1039 3645 rex.
1070 3583 1309 3653 sequitur
1331 3584 1573 3639 confusio
1599 3594 1844 3655 tanquam
1869 3586 2038 3656 plebs.

454 3674 600 3740 Quos
638 3674 798 3729 modo
839 3675 1127 3741 concludit,
1162 3684 1217 3729 ut
1252 3691 1357 3730 non
1398 3675 1619 3731 credant
1655 3677 1707 3730 in
1745 3676 2036 3745 Christum,

453 3767 666 3839 quando
695 3769 1000 3838 apparuerit
1037 3767 1302 3836 Christus,
1331 3783 1519 3825 omnes
1548 3769 1958 3839 confundentur,
1985 3781 2040 3828 et

452 3860 729 3914 traducent
754 3875 846 3914 eos
873 3876 935 3914 ex
964 3860 1192 3916 adverso
1219 3861 1518 3931 iniquitates
1545 3877 1752 3917 eorum.
1783 3863 1932 3918 Tunc
1959 3864 2039 3918 di-

453 3961 577 4006 cent
604 3951 748 4021 impii
777 3951 984 4005 confusi
1008 3969 1020 4004 :
1055 3949 1190 4017 Quid
1209 3952 1351 4006 nobis
1377 3954 1568 4024 profuit
1595 3955 1829 4025 superbia
1858 3955 1876 4027 (
1903 3954 2034 4026 Sap.

448 4060 502 4110 v,
535 4043 632 4114 8)?
675 4044 859 4113 Magna
906 4045 1179 4115 mysteria,
1220 4043 1414 4100 fratres
1460 4046 1583 4100 mei.
1629 4047 1912 4116 Dissipatio
1941 4064 2032 4105 rex

447 4135 751 4191 amictionis
773 4135 823 4201 ’ς
850 4135 1174 4206 dissipantur
1201 4145 1258 4192 ut
1284 4136 1606 4207 affligantur.
1632 4138 1815 4208 Magna
1843 4147 2036 4210 myste-

448 4229 544 4283 ria.
569 4228 814 4282 Tentatio
841 4221 1140 4295 oculorum,
1171 4229 1220 4283 id
1245 4237 1327 4283 est
1353 4228 1582 4295 fallacia,
1614 4246 1708 4285 rex
1732 4231 2031 4286 amarican-

446 4321 608 4384 tium;
643 4319 1001 4378 falluntenim
1025 4330 1080 4376 ιιι
1105 4323 1413 4377 amaricent.
1462 4323 1744 4377 Conclusio
1779 4339 1873 4378 rex
1902 4339 2032 4379 con-

442 4414 699 4481 fusionis;
740 4410 1128 4469 concluduntur
1153 4416 1293 4470 enim
1339 4429 1405 4469 ne
1446 4425 1715 4470 transeant
1742 4416 1808 4470 ad
1838 4417 2027 4486 fidem,

440 4517 496 4562 et
521 4521 642 4562 cum
667 4507 880 4562 venerit'
905 4507 958 4562 in
986 4522 1142 4577 quem
1172 4507 1438 4562 credimus
1461 4548 1476 4574 ,
1520 4507 1931 4564 confundentnr.
1963 4511 2029 4566 Et

440 4600 612 4656 omnia
638 4617 795 4672 regna
823 4599 1066 4654 Chanaan
1086 4599 1278 4654 occidit
1307 4600 1462 4654 Deus.
1493 4599 1742 4654 Chanaan
1767 4602 2029 4672 interpre-

439 4702 600 4760 tatur,
632 4693 855 4749 Paratus
883 4692 1188 4748 humilitati.”
1217 4693 1496 4747 Humilitas
1521 4696 1671 4764 quasi
1703 4695 1899 4752 bonum
1930 4699 2027 4754 ali-

436 4785 579 4857 quod
610 4769 904 4855 significat,
933 4785 1026 4841 sed
1061 4785 1104 4839 si
1135 4785 1204 4840 sit
1224 4785 1364 4839 utilis
1388 4783 1658 4840 humilitas
1692 4805 1705 4842 :
1734 4803 1853 4842 nam
1887 4791 2023 4846 mala

437 4879 732 4933 humiliatio
759 4878 984 4949 ptenalis
1012 4886 1112 4934 est.
1143 4876 1199 4933 Si
1226 4879 1366 4933 enim
1395 4878 1690 4935 humiliatio
1719 4882 1785 4937 ad
1811 4899 2021 4953 pmnam

435 4988 541 5028 non
575 4967 883 5044 pertineret,
909 4988 1014 5029 non
1045 4973 1332 5040 diceretur,
1363 4973 1464 5041 Qui
1484 4991 1537 5028 se
1565 4977 1752 5031 exultat
1779 4979 2018 5034 humilia-

433 5066 566 5118 bitur
608 5064 758 5136 (Luc.
795 5061 903 5130 xiv,
931 5065 1026 5130 ll;
1072 5075 1118 5118 et
1153 5079 1299 5126 xvnt,
1331 5063 1417 5136 14)
1451 5081 1464 5118 :
1498 5081 1601 5120 non
1641 5069 1781 5122 enim
1814 5070 2018 5126 benefi-

432 5157 573 5220 cium
617 5155 692 5210 illi
740 5145 1044 5226 prastat'ur,
1084 5154 1295 5226 quando
1340 5157 1554 5225 punitur
1599 5167 1653 5211 ut
1692 5159 2015 5219 fiumilietur.

429 5245 683 5303 Chanaan
727 5262 854 5318 ergo
900 5239 1070 5301 modo
1102 5247 1361 5315 superbus
1407 5257 1506 5303 est.
1557 5249 1739 5305 Omnis
1787 5252 2013 5322 impius,

429 5342 604 5396 omnis
631 5337 858 5396 infidelis
885 5339 1081 5395 cxaltat
1107 5356 1201 5396 cor
1229 5355 1419 5406 suum;
1451 5357 1555 5396 non
1579 5342 1688 5396 vult
1719 5343 1940 5400 credere
1963 5346 2014 5399 in

492 5457 508 5490 ί
532 5455 607 5522 sic
629 5459 809 5522 Mss._At
831 5453 962 5504 Edd.:
987 5461 1106 5522 Nam
1126 5453 1382 5522 sitentatiq
1403 5453 1650 5522 ocularius}
1672 5469 1767 5507 non
1781 5463 1868 5518 est,
1895 5471 2012 5522 quo-

427 5514 910 5581 ntaio__transﬁgurat
931 5529 991 5581 se
1015 5515 1139 5566 velut
1157 5515 1211 5581 in
1228 5516 1459 5581 angelum
1482 5516 1643 5568 lucis?

491 5581 512 5611 ³
538 5577 862 5644 aliquotetiam,
886 5577 1018 5628 idola
1032 5587 1120 5644 sua
1140 5577 1378 5644 facientia,
1402 5578 1682 5644 opponendo
1701 5594 1770 5644 se,
1789 5589 1884 5633 etc.
1906 5582 2010 5644 Alii,

425 5637 708 5706 opponendo
723 5639 854 5691 idola
885 5654 999 5706 sua,
1015 5637 1116 5706 sine
1139 5637 1398 5706 cessatione
1419 5637 1506 5706 per
1521 5637 1812 5706 arreptitios,
1839 5653 1932 5695 etc.
1961 5637 2013 5698 Et

426 5701 676 5815 quidam“;
684 5702 960 5815 ορρῐιέιεηάο
981 5701 1113 5753 idola
1133 5716 1238 5763 sua,
1278 5701 1501 5765 faciendo
1520 5703 1623 5755 sine
1637 5701 1900 5758 cessatione
1922 5721 2009 5770 per

426 5781 536 5815 arrt‘
675 5780 716 5815 δ.
734 5778 764 5815 e
817 5799 830 5814 .

426 5772 716 5817 arrcntt'tios.
734 5772 830 5815 etc.

493 5773 879 5880 rigid.
904 5839 1042 5888 vero,
1065 5839 1130 5879 ea:
1149 5825 1422 5893 aﬂlictiotte.

1751 323 1808 380 S.
1849 320 2218 380 AUGUSTINI
2260 325 2561 387 EPISCOPI

511 450 691 507 regem
721 433 949 510 habeant
974 435 1318 492 tentatiouem
1355 437 1652 492 oculorum.
1687 435 1936 493 Tentatio
1962 453 2096 492 ocu-

3650 357 3789 416 1752

2205 440 2392 499 Deum.
2443 446 2548 503 Sed
2596 449 2710 506 haec
2751 455 2999 511 exaltatio
3047 468 3225 529 parata
3277 473 3358 518 est
3405 465 3687 533 humilitati
3731 478 3784 532 in

2197 535 2336 592 diem
2377 539 2590 610 judicii;
2645 553 2770 600 tunc
2806 547 3192 620 humilialiitur,
3224 541 3436 627 quando
3474 577 3581 620 non
3624 567 3734 624 vult
3766 587 3779 624 :

2196 642 2321 687 sunt
2339 636 2480 690 enim
2503 654 2625 693 vasa
2653 639 2769 707 irae,
2798 660 2914 714 quae
2937 646 3168 715 perfecta
3185 661 3311 706 sunt
3335 654 3400 708 ad
3428 658 3780 726 perditionem

2195 723 2368 790 (Rana.
2393 745 2464 793 Ix,
2493 730 2610 802 22).
2635 733 2790 789 Modo
2816 738 3072 796 extollant
3101 756 3180 805 se,
3206 723 3459 812 garriant,
3487 750 3782 810 extendant

2192 831 2251 912 se
2304 831 2465 888 super
2531 823 2750 892 ﬁdeles,
2799 827 3055 884 irrideant
3122 832 3344 901 fideles,
3409 838 3782 912 blaspliement

2190 906 2554 980 Christianos;
2587 915 2796 982 dicant,
2837 921 3139 978 Auicularia
3163 935 3289 980 sunt
3319 929 3414 982 ista
3443 906 3562 1002 quin
3591 934 3779 992 dicunt

2189 999 2257 1056 dc
2282 1002 2369 1058 die
2389 1003 2591 1074 judicii.
2623 1007 2724 1062 Ista
2749 1010 2908 1066 elatio
2929 1029 3112 1069 eorum
3143 1028 3320 1086 parata
3353 1030 3432 1074 est
3462 999 3774 1082 humilitati.

2187 1092 2409 1160 Quando
2436 1099 2640 1154 venerit
2662 1100 2848 1170 judex,
2876 1106 2964 1175 qui
3010 1108 3168 1162 modo
3206 1113 3548 1169 annuntiatus
3587 1117 3781 1176 irride-

2189 1195 2304 1252 tur;
2353 1198 2478 1245 tunc
2519 1191 2607 1248 ille
2644 1193 2735 1263 qui
2776 1197 2934 1250 modo
2977 1199 3240 1268 superbit,
3280 1218 3386 1258 non
3428 1206 3647 1270 utiliter.
3676 1211 3776 1267 sed

2185 1281 2465 1350 poenaliter
2491 1278 2870 1344 luimiliabitur.
2899 1290 3056 1346 Modo
3087 1302 3263 1348 autem
3295 1311 3400 1352 non
3427 1297 3771 1370 humiliatur,

2182 1375 2278 1429 sed
2322 1387 2536 1446 paratur
2575 1379 2879 1450 humilitati,
2920 1384 2972 1440 id
3015 1395 3117 1453 est,
3166 1399 3381 1458 paratur
3417 1391 3768 1462 damnationi,

2181 1476 2396 1536 paratur
2421 1470 2668 1526 victimae.

2249 1557 2339 1612 21.
2387 1557 2535 1632 [vers.
2567 1561 2676 1636 I3.]
2707 1563 2894 1620 Omnia
2931 1582 3060 1638 ergo
3087 1569 3185 1624 ista
3217 1574 3410 1629 evertit
3433 1576 3608 1642 Deus;
3639 1593 3769 1634 cor-

2179 1650 2434 1719 poraliter
2473 1657 2876 1734 tunc,lquando
2921 1669 3097 1728 patres
3135 1665 3304 1718 nostri
3348 1665 3521 1722 educti
3550 1679 3673 1724 sunt
3699 1671 3768 1726 de

2178 1750 2318 1798 terra
2345 1745 2595 1818 Egypti;
2640 1753 2834 1806 evertit
2872 1754 3219 1822 spiritualiter
3263 1774 3426 1824 nunc,
3463 1777 3562 1818 nec
3589 1775 3768 1820 cessat

2176 1851 2366 1892 manus
2393 1839 2506 1908 ejus
2533 1856 2702 1912 usque
2743 1843 2796 1898 in
2841 1845 3022 1901 finem.
3066 1847 3188 1903 Ideo
3233 1867 3302 1906 ne
3345 1853 3473 1908 istas
3501 1859 3766 1925 potentias

2174 1926 2266 1983 Dei
2313 1937 2438 1985 tunc
2486 1940 2638 2001 putes
2690 1947 2931 2004 peractas
2977 1954 3257 1998 cessasse:
3285 1944 3535 2014 Domine,
3581 1966 3762 2006 nomen

2171 2027 2331 2088 tuum,
2360 2022 2548 2094 inquit,
2575 2025 2628 2078 in
2654 2028 2915 2082 naculum.
2965 2029 3020 2084 Id
3062 2041 3162 2094 cst,
3207 2050 3314 2089 non
3344 2048 3518 2092 cessat
3545 2042 3762 2096 miseri-

2171 2115 2350 2171 cordia
2391 2126 2500 2185 tua,
2542 2134 2646 2174 non
2681 2132 2856 2176 cessat
2883 2138 3074 2180 manus
3102 2135 3192 2182 tua
3220 2128 3270 2182 in
3303 2131 3557 2186 saeculum
3582 2132 3761 2192 facere

2170 2205 2293 2273 ista,
2316 2226 2435 2279 quae
2462 2220 2587 2267 tunc
2611 2217 2976 2282 praenuntiasti
3008 2216 3318 2288 ﬁgurando:
3349 2240 3370 2274 ‹
3399 2223 3586 2280 Omnia
3614 2227 3758 2282 enim

2168 2299 2256 2354 illa
2285 2301 2335 2354 in
2361 2303 2521 2372 figura
2545 2306 2922 2376 contingebant
2948 2309 3084 2374 illis;
3114 2313 3308 2383 scripta
3339 2324 3464 2370 sunt
3487 2328 3663 2372 autem
3689 2319 3754 2374 ad

2165 2397 2555 2464 correptioncm
2578 2408 2835 2464 nostram,
2854 2401 2906 2456 in
2929 2418 3062 2473 quos
3091 2402 3214 2460 sinis
3243 2409 3558 2466 saeculorum
3589 2412 3755 2469 obve-

2165 2486 2270 2539 nit:
2307 2487 2348 2554 (Ι
2378 2484 2496 2543 Cor.
2527 2505 2580 2556 x,
2610 2490 2720 2563 Η).
2760 2493 3032 2560 «Domine,
3062 2500 3370 2554 memoriale
3401 2512 3548 2556 tuum
3577 2503 3627 2556 in
3659 2520 3754 2574 ge-

2163 2579 2493 2634 nerationem
2535 2590 2588 2636 et
2620 2585 3018 2652 generationem
3049 2605 3094 2642 ι.
3143 2587 3428 2645 Generatio
3458 2592 3557 2647 ista
3584 2604 3638 2648 et
3660 2611 3756 2665 ge-

2163 2673 2369 2726 neratio
2391 2674 2558 2729 altera
2583 2693 2595 2728 :
2619 2678 2894 2745 generatio
2917 2695 3020 2750 qua
3050 2681 3237 2738 fideles
3262 2683 3546 2753 efficimur,
3579 2697 3634 2744 et
3657 2705 3754 2760 per

2159 2760 2487 2833 Baptismum
2517 2768 2876 2835 renascimur;
2917 2773 3190 2844 generatio
3220 2791 3322 2846 qua
3350 2792 3380 2830 a
3409 2781 3635 2835 mortuis
3660 2797 3748 2837 rc-

2159 2868 2456 2926 surgemus,
2486 2867 2540 2912 et
2569 2859 2786 2930 Angelis
2816 2859 3084 2933 conjuncti
3112 2867 3353 2924 vivemus
3379 2870 3430 2925 in
3463 2881 3744 2930 attentum.

2157 2945 2463 3003 Memoriale
2510 2958 2656 3005 tuum
2682 2995 2698 3019 ,
2752 2953 2992 3022 Domine,
3036 2967 3091 3013 et
3137 2974 3300 3030 super
3344 2969 3745 3033 generationem

2156 3038 2334 3108 istam,
2361 3051 2414 3096 et
2456 3059 2616 3124 super
2655 3046 2799 3101 illam
2837 3051 3232 3119 generationem
3264 3071 3276 3107 :
3309 3056 3430 3126 quia
3462 3073 3564 3112 nec
3603 3075 3744 3114 nunc

2156 3148 2254 3189 nos
2284 3135 2478 3190 oblitus
2505 3148 2607 3205 est,
2637 3150 2694 3194 ut
2720 3153 2962 3208 vocaret;
3011 3159 3111 3201 nec
3143 3155 3269 3203 tunc
3296 3147 3657 3220 obliviscetur,
3685 3163 3745 3209 ut

2155 3238 2392 3284 coronet.
2429 3229 2724 3288 Memoriale
2751 3245 2890 3290 tuum
2908 3277 2924 3304 ,
2953 3237 3194 3307 Domine,
3219 3242 3271 3296 in
3299 3246 3670 3315 generationem
3695 3258 3742 3302 et

2153 3325 2544 3392 generationem.

2222 3414 2312 3470 22.
2343 3415 2490 3488 [vers.
2512 3418 2626 3493 14.]
2679 3421 2930 3489 Quoniam
2959 3425 3241 3490 judicavit‘
3269 3428 3521 3486 Dominus
3545 3433 3737 3504 plebem

2151 3522 2314 3560 suam.
2345 3507 2641 3579 Complevit
2670 3523 2814 3568 certe
2843 3517 3022 3572 omnia
3061 3517 3146 3572 illa
3188 3520 3240 3574 in
3287 3524 3481 3592 populo
3518 3524 3734 3580 Iudaeo-

2151 3613 2286 3651 rum.
2317 3597 2580 3670 Numquid
2594 3601 2704 3671 jam
2726 3617 3096 3662 remanserunt
3119 3624 3279 3678 opera
3297 3613 3432 3681 ejus,
3455 3623 3732 3685 postquam

2149 3689 2357 3746 induxit
2393 3692 2601 3761 plebem
2629 3709 2776 3749 suam
2811 3698 2862 3750 in
2893 3708 3086 3754 terram
3125 3705 3592 3771 repromissionis?
3619 3709 3732 3764 Ad-

2149 3782 2253 3839 huc
2276 3785 2428 3855 plane
2448 3786 2708 3856 judicabit
2736 3808 2748 3844 :
2778 3789 3040 3847 Judicavit
3070 3793 3318 3852 Dominus
3347 3799 3536 3869 plebem
3560 3819 3726 3869 suam,

2145 3888 2190 3932 et
2220 3879 2272 3932 in
2297 3880 2450 3933 servis
2480 3882 2586 3936 suis
2613 3883 2958 3939 advocabitur.
2997 3885 3111 3941 Jam
3139 3889 3393 3956 judicavit
3413 3892 3582 3964 ipsam
3613 3899 3728 3966 plc-

2144 3969 2297 4035 bem;
2341 3982 2566 4042 excepto
2600 3974 2801 4043 judicio
2845 3976 3044 4046 futuro,
3066 3979 3298 4049 jtulicata
3337 3992 3420 4039 est
3457 3987 3607 4056 plclis
3633 3989 3730 4044 Ju-
3825 4057 3828 4060 ι

2142 4062 2401 4119 dacorum.
2427 4066 2561 4132 Quid
2589 4078 2690 4133 est,
2715 4068 2989 4138 jmlicata?
3018 4071 3254 4142 Separati
3285 4077 3405 4133 inde
3433 4091 3560 4136 sunt
3573 4081 3723 4152 justi,

2141 4163 2195 4209 et
2223 4168 2596 4214 remanserunt
2621 4159 2822 4229 iujusti.
2851 4161 2908 4218 Si
2937 4173 3114 4220 autem
3141 4168 3372 4224 mentior
3397 4180 3490 4225 aut
3516 4177 3725 4230 mentiri

2141 4246 2437 4314 existimor,
2467 4250 2590 4320 quia
2631 4251 2766 4317 dixi,
2809 4253 2926 4309 lam
2961 4255 3195 4324 judicata
3225 4269 3334 4324 cst;
3377 4262 3499 4316 audi
3544 4265 3726 4320 Domi-

2139 4355 2264 4393 num
2295 4340 2560 4397 dicentem
2596 4361 2608 4395 :
2641 4342 2704 4397 In
2724 4345 2980 4414 judicium
3008 4349 3121 4402 veni
3145 4349 3196 4403 in
3218 4351 3353 4406 [tunc
3382 4355 3648 4422 mundum,
3673 4369 3725 4411 ut

2137 4434 2223 4501 qui
2250 4450 2348 4488 non
2370 4435 2555 4504 vident,
2585 4437 2813 4504 videant;
2837 4449 2884 4493 et
2911 4442 3000 4511 qui
3026 4443 3190 4497 vident
3220 4446 3340 4498 ett-ci
3369 4447 3496 4516 ﬁant
3524 4449 3720 4518 (Jorm.

2135 4541 2209 4594 rx,
2235 4525 2347 4601 39).
2379 4529 2642 4586 Excaecati
2664 4541 2790 4587 sunt
2813 4535 3048 4603 superbi,
3079 4535 3361 4594 illuminati
3391 4551 3514 4596 sunt
3545 4543 3722 4599 humi-

2134 4621 2236 4676 les.
2292 4620 2548 4677 Judicavit
2599 4638 2727 4694 ergo
2781 4626 2970 4693 plebem
3019 4643 3187 4684 suam.
3243 4630 3415 4700 Ipsum
3463 4633 3720 4702 judicimn

2133 4714 2266 4769 dixit
2292 4714 2452 4770 Isaias
2477 4734 2488 4771 ;
2519 4715 2589 4770 Et
2620 4734 2752 4771 nunc
2781 4729 2833 4772 tu
2859 4720 3038 4774 domus
3064 4720 3246 4788 Iacob,
3270 4724 3462 4792 venite,
3492 4730 3721 4782 ambule-

2132 4827 2244 4864 mus
2289 4810 2342 4864 in
2382 4811 2573 4865 lumine
2615 4811 2841 4866 Domini.
2887 4813 3076 4869 l’arum
3105 4825 3186 4870 est
3215 4815 3333 4882 hoc,
3363 4818 3455 4873 sed
3483 4820 3610 4889 quid
3636 4836 3721 4877 sc-
3767 4815 3770 4818 ’

2129 4905 2341 4973 quitur?
2371 4903 2572 4958 Dimisit
2593 4906 2725 4959 enim
2745 4906 2935 4976 plebem
2956 4924 3120 4973 suam,
3142 4909 3345 4964 domum
3367 4911 3535 4967 Israel
3560 4913 3713 4986 (lsai.

2128 5013 2186 5063 ιι,
2210 4999 2262 5060 5,
2282 4996 2358 5069 6).
2394 4997 2508 5068 Ipsa
2537 5008 2617 5054 cst
2645 4999 2835 5054 domus
2852 5000 3034 5067 Jacoh,
3054 5017 3173 5072 quac
3195 5011 3277 5058 est
3301 5004 3490 5061 domus
3517 5007 3715 5075 Israel;

2126 5091 2214 5160 qni
2242 5090 2382 5145 enim
2407 5089 2592 5156 Jacol),
2623 5091 2737 5159 ipse
2765 5101 2846 5146 est
2873 5091 3052 5147 Israel.
3095 5092 3275 5150 Nostis
3306 5105 3522 5160 sanctas
3548 5098 3716 5154 Litte-

2126 5199 2212 5239 ras
2236 5223 2253 5250 ,
2297 5193 2349 5239 et
2386 5193 2512 5253 puto
2539 5183 2679 5255 quod
2708 5183 2860 5238 vobis
2898 5186 3075 5239 veniat
3102 5186 3154 5239 in
3187 5198 3416 5244 mentem
3445 5190 3567 5260 quia
3604 5191 3717 5260 ipse

2124 5275 2290 5330 Jacob
2329 5275 2542 5346 quando
2573 5275 2701 5330 vidit
2738 5277 2984 5344 angelum
3015 5292 3196 5334 secum
3229 5281 3440 5347 luctari,
3467 5290 3592 5337 tunc
3621 5298 3715 5339 ac-

2123 5371 2265 5438 cepit
2295 5384 2490 5424 nomen
2518 5378 2574 5422 ut
2608 5369 2963 5448 appellaretur
2993 5371 3149 5427 Israel
3185 5371 3354 5444 (Gen.
3382 5391 3550 5442 xxxu,
3575 5377 3710 5448 28).

2123 5460 2270 5516 Unus
2311 5459 2470 5514 homo
2506 5468 2591 5515 est
2629 5461 2742 5516 sive
2769 5445 2955 5528 Jacob,
2985 5463 3095 5518 sive
3120 5464 3316 5531 Israel;
3347 5483 3450 5522 una
3480 5484 3710 5539 persona

2122 5563 2202 5609 est
2236 5573 2248 5607 :
2281 5554 2472 5608 domus
2500 5553 2696 5622 Iacob,
2739 5564 2794 5611 et
2826 5555 3017 5611 domus
3051 5557 3243 5625 Israel,
3280 5574 3383 5613 una
3419 5575 3574 5632 gens,
3608 5577 3710 5617 una

2184 5707 2670 5783 *‘_F.cld..-jux_ta_craec.
2696 5717 2838 5783 cxx,
2870 5711 3132 5783 judicabit.
3167 5723 3223 5766 At
3263 5725 3368 5768 Mss.
3404 5727 3705 5782 constanter,

2107 5771 2457 5894 jct
2473 5773 2543 5823 sic
2559 5771 2880 5836 augustinuni
2902 5773 3085 5839 legisse
3107 5787 3309 5840 apparet
3333 5794 3397 5832 ex
3422 5771 3622 5832 ratione
3635 5771 3707 5834 in2
