  <div class='ocr_page' id='page_1' title='image "/cluster/home/n/w/nwhite01/storage/ocr_20150623/37/hvd.32044015471477/370.png"; bbox 0 0 4074 6510; ppageno 0'>
   <div class='ocr_carea' id='block_1_1' title="bbox 309 413 434 473">
    <p class='ocr_par' dir='ltr' id='par_1_1' title="bbox 309 413 434 473">
     <span class='ocr_line' id='line_1_1' title="bbox 309 413 434 473; baseline -0.056 0"><span class='ocrx_word' id='word_1_1' title='bbox 309 413 434 473; x_wconf 66' lang='grc'><strong>1⁵155</strong></span> 
     </span>
    </p>
   </div>
   <div class='ocr_carea' id='block_1_2' title="bbox 311 512 1864 607">
    <p class='ocr_par' dir='ltr' id='par_1_2' title="bbox 311 512 1864 607">
     <span class='ocr_line' id='line_1_2' title="bbox 311 512 1864 607; baseline -0.014 -20"><span class='ocrx_word' id='word_1_2' title='bbox 311 533 474 607; x_wconf 85' lang='lat' dir='ltr'><strong>plebs;</strong></span> <span class='ocrx_word' id='word_1_3' title='bbox 521 527 654 578; x_wconf 89' lang='lat' dir='ltr'><strong>hanc</strong></span> <span class='ocrx_word' id='word_1_4' title='bbox 699 520 922 587; x_wconf 85' lang='lat' dir='ltr'><strong>invitat,</strong></span> <span class='ocrx_word' id='word_1_5' title='bbox 965 527 1019 575; x_wconf 89' lang='lat' dir='ltr'><strong>et</strong></span> <span class='ocrx_word' id='word_1_6' title='bbox 1057 518 1193 573; x_wconf 89' lang='lat' dir='ltr'><strong>hanc</strong></span> <span class='ocrx_word' id='word_1_7' title='bbox 1229 515 1464 571; x_wconf 88' lang='lat' dir='ltr'><strong>dimittit.</strong></span> <span class='ocrx_word' id='word_1_8' title='bbox 1499 515 1566 569; x_wconf 86' lang='lat' dir='ltr'><strong>Et</strong></span> <span class='ocrx_word' id='word_1_9' title='bbox 1591 525 1730 607; x_wconf 86' lang='lat' dir='ltr'><strong>nunc</strong></span> <span class='ocrx_word' id='word_1_10' title='bbox 1755 512 1864 607; x_wconf 84' lang='lat' dir='ltr'><strong>jam</strong></span> 
     </span>
    </p>
   </div>
   <div class='ocr_carea' id='block_1_3' title="bbox 309 603 1866 684">
    <p class='ocr_par' dir='ltr' id='par_1_3' title="bbox 309 603 1866 684">
     <span class='ocr_line' id='line_1_3' title="bbox 309 603 1866 684; baseline -0.017 -1"><span class='ocrx_word' id='word_1_11' title='bbox 309 603 442 684; x_wconf 79' lang='lat' dir='ltr'><strong>certe</strong></span> <span class='ocrx_word' id='word_1_12' title='bbox 467 615 704 674; x_wconf 88' lang='lat' dir='ltr'><strong>occidisti</strong></span> <span class='ocrx_word' id='word_1_13' title='bbox 729 613 1021 678; x_wconf 77' lang='lat' dir='ltr'><strong>Christum,</strong></span> <span class='ocrx_word' id='word_1_14' title='bbox 1049 627 1082 666; x_wconf 91' lang='grc' dir='ltr'>ο</span> <span class='ocrx_word' id='word_1_15' title='bbox 1122 610 1314 666; x_wconf 88' lang='lat' dir='ltr'><strong>domus</strong></span> <span class='ocrx_word' id='word_1_16' title='bbox 1348 607 1544 672; x_wconf 84' lang='lat' dir='ltr'><strong>Jacob;</strong></span> <span class='ocrx_word' id='word_1_17' title='bbox 1589 606 1698 675; x_wconf 89' lang='lat' dir='ltr'><strong>jam</strong></span> <span class='ocrx_word' id='word_1_18' title='bbox 1725 603 1866 659; x_wconf 86' lang='lat' dir='ltr'><strong>occi-</strong></span> 
     </span>
    </p>
   </div>
   <div class='ocr_carea' id='block_1_4' title="bbox 309 698 1862 776">
    <p class='ocr_par' dir='ltr' id='par_1_4' title="bbox 309 698 1862 776">
     <span class='ocr_line' id='line_1_4' title="bbox 309 698 1862 776; baseline -0.021 0"><span class='ocrx_word' id='word_1_19' title='bbox 309 717 419 776; x_wconf 90' lang='lat' dir='ltr'><strong>disti</strong></span> <span class='ocrx_word' id='word_1_20' title='bbox 449 711 744 772; x_wconf 73' lang='lat' dir='ltr'><strong>Christum,</strong></span> <span class='ocrx_word' id='word_1_21' title='bbox 771 707 878 776; x_wconf 90' lang='lat' dir='ltr'><strong>jam</strong></span> <span class='ocrx_word' id='word_1_22' title='bbox 909 714 1067 774; x_wconf 87' lang='lat' dir='ltr'><strong>caput</strong></span> <span class='ocrx_word' id='word_1_23' title='bbox 1099 711 1222 758; x_wconf 84' lang='lat' dir='ltr'><strong>ante</strong></span> <span class='ocrx_word' id='word_1_24' title='bbox 1257 716 1466 757; x_wconf 89' lang='lat' dir='ltr'><strong>crucem</strong></span> <span class='ocrx_word' id='word_1_25' title='bbox 1497 699 1724 770; x_wconf 76' lang='lat' dir='ltr'><strong>agitasti,</strong></span> <span class='ocrx_word' id='word_1_26' title='bbox 1752 698 1862 767; x_wconf 79' lang='lat' dir='ltr'><strong>jam</strong></span> 
     </span>
    </p>
   </div>
   <div class='ocr_carea' id='block_1_5' title="bbox 309 791 1863 882">
    <p class='ocr_par' dir='ltr' id='par_1_5' title="bbox 309 791 1863 882">
     <span class='ocr_line' id='line_1_5' title="bbox 309 791 1863 882; baseline -0.013 -19"><span class='ocrx_word' id='word_1_27' title='bbox 309 806 608 882; x_wconf 82' lang='lat' dir='ltr'><strong>pendentem</strong></span> <span class='ocrx_word' id='word_1_28' title='bbox 640 798 868 860; x_wconf 88' lang='lat' dir='ltr'><strong>irrisisti,</strong></span> <span class='ocrx_word' id='word_1_29' title='bbox 886 797 996 867; x_wconf 89' lang='lat' dir='ltr'><strong>jam</strong></span> <span class='ocrx_word' id='word_1_30' title='bbox 1021 796 1198 850; x_wconf 80' lang='lat' dir='ltr'><strong>dixisti</strong></span> <span class='ocrx_word' id='word_1_31' title='bbox 1229 811 1242 849; x_wconf 92' lang='lat'><strong>:</strong></span> <span class='ocrx_word' id='word_1_32' title='bbox 1277 795 1338 850; x_wconf 89' lang='lat' dir='ltr'><strong>Si</strong></span> <span class='ocrx_word' id='word_1_33' title='bbox 1366 793 1502 862; x_wconf 80' lang='lat' dir='ltr'><strong>ﬁlius</strong></span> <span class='ocrx_word' id='word_1_34' title='bbox 1529 791 1626 846; x_wconf 97' lang='lat' dir='ltr'><strong>Dei</strong></span> <span class='ocrx_word' id='word_1_35' title='bbox 1655 799 1746 857; x_wconf 86' lang='lat' dir='ltr'><strong>est,</strong></span> <span class='ocrx_word' id='word_1_36' title='bbox 1773 791 1863 844; x_wconf 87' lang='lat' dir='ltr'><strong>de-</strong></span> 
     </span>
    </p>
   </div>
   <div class='ocr_carea' id='block_1_6' title="bbox 307 883 1860 958">
    <p class='ocr_par' dir='ltr' id='par_1_6' title="bbox 307 883 1860 958">
     <span class='ocr_line' id='line_1_6' title="bbox 307 883 1860 958; baseline -0.012 -3"><span class='ocrx_word' id='word_1_37' title='bbox 307 897 498 956; x_wconf 84' lang='lat' dir='ltr'><strong>scendat</strong></span> <span class='ocrx_word' id='word_1_38' title='bbox 519 893 580 946; x_wconf 91' lang='lat' dir='ltr'><strong>de</strong></span> <span class='ocrx_word' id='word_1_39' title='bbox 593 907 758 945; x_wconf 75' lang='lat' dir='ltr'><strong>cnice.</strong></span> <span class='ocrx_word' id='word_1_40' title='bbox 784 889 902 944; x_wconf 88' lang='lat' dir='ltr'><strong>.Iam</strong></span> <span class='ocrx_word' id='word_1_41' title='bbox 919 888 1120 958; x_wconf 79' lang='lat' dir='ltr'><strong>rogavit</strong></span> <span class='ocrx_word' id='word_1_42' title='bbox 1135 886 1369 942; x_wconf 91' lang='lat' dir='ltr'><strong>medicus</strong></span> <span class='ocrx_word' id='word_1_43' title='bbox 1389 899 1486 955; x_wconf 90' lang='lat' dir='ltr'><strong>pro</strong></span> <span class='ocrx_word' id='word_1_44' title='bbox 1509 883 1827 954; x_wconf 85' lang='lat' dir='ltr'><strong>phreneticis</strong></span> <span class='ocrx_word' id='word_1_45' title='bbox 1847 901 1860 937; x_wconf 90' lang='lat'>:</span> 
     </span>
    </p>
   </div>
   <div class='ocr_carea' id='block_1_7' title="bbox 311 977 1862 1058">
    <p class='ocr_par' dir='ltr' id='par_1_7' title="bbox 311 977 1862 1058">
     <span class='ocr_line' id='line_1_7' title="bbox 311 977 1862 1058; baseline -0.011 -9"><span class='ocrx_word' id='word_1_46' title='bbox 311 995 471 1052; x_wconf 86' lang='lat' dir='ltr'><strong>Pater,</strong></span> <span class='ocrx_word' id='word_1_47' title='bbox 500 988 702 1058; x_wconf 90' lang='lat' dir='ltr'><strong>ignosce</strong></span> <span class='ocrx_word' id='word_1_48' title='bbox 723 983 846 1049; x_wconf 88' lang='lat' dir='ltr'><strong>illis,</strong></span> <span class='ocrx_word' id='word_1_49' title='bbox 868 983 986 1053; x_wconf 82' lang='lat' dir='ltr'><strong>quia</strong></span> <span class='ocrx_word' id='word_1_50' title='bbox 1011 981 1234 1038; x_wconf 82' lang='lat' dir='ltr'><strong>nesciunt</strong></span> <span class='ocrx_word' id='word_1_51' title='bbox 1267 979 1387 1052; x_wconf 90' lang='lat' dir='ltr'><strong>quid</strong></span> <span class='ocrx_word' id='word_1_52' title='bbox 1426 979 1614 1048; x_wconf 79' lang='lat' dir='ltr'><strong>faciunt</strong></span> <span class='ocrx_word' id='word_1_53' title='bbox 1639 977 1862 1048; x_wconf 80' lang='lat' dir='ltr'><strong>(Matth.</strong></span> 
     </span>
    </p>
   </div>
   <div class='ocr_carea' id='block_1_8' title="bbox 307 1069 1864 1148">
    <p class='ocr_par' dir='ltr' id='par_1_8' title="bbox 307 1069 1864 1148">
     <span class='ocr_line' id='line_1_8' title="bbox 307 1069 1864 1148; baseline -0.01 -10"><span class='ocrx_word' id='word_1_54' title='bbox 307 1098 458 1148; x_wconf 64' lang='grc' dir='ltr'>χχι-ιι,</span> <span class='ocrx_word' id='word_1_55' title='bbox 489 1079 684 1143; x_wconf 74' lang='grc' dir='ltr'><strong>59-45ς</strong></span> <span class='ocrx_word' id='word_1_56' title='bbox 716 1085 762 1131; x_wconf 87' lang='lat' dir='ltr'><strong>et</strong></span> <span class='ocrx_word' id='word_1_57' title='bbox 789 1075 928 1128; x_wconf 73' lang='lat' dir='ltr'><strong>Luc.</strong></span> <span class='ocrx_word' id='word_1_58' title='bbox 949 1089 1095 1139; x_wconf 83' lang='lat' dir='ltr'><strong>xxm,</strong></span> <span class='ocrx_word' id='word_1_59' title='bbox 1125 1074 1213 1138; x_wconf 76' lang='grc'><strong>54,</strong></span> <span class='ocrx_word' id='word_1_60' title='bbox 1236 1073 1350 1140; x_wconf 82' lang='lat'><strong>55).</strong></span> <span class='ocrx_word' id='word_1_61' title='bbox 1377 1069 1534 1126; x_wconf 86' lang='lat' dir='ltr'><strong>Certe</strong></span> <span class='ocrx_word' id='word_1_62' title='bbox 1557 1075 1666 1140; x_wconf 89' lang='lat' dir='ltr'><strong>jam</strong></span> <span class='ocrx_word' id='word_1_63' title='bbox 1697 1069 1864 1124; x_wconf 85' lang='lat' dir='ltr'><strong>fecisti</strong></span> 
     </span>
    </p>
   </div>
   <div class='ocr_carea' id='block_1_9' title="bbox 308 1160 1866 1236">
    <p class='ocr_par' dir='ltr' id='par_1_9' title="bbox 308 1160 1866 1236">
     <span class='ocr_line' id='line_1_9' title="bbox 308 1160 1866 1236; baseline -0.01 -3"><span class='ocrx_word' id='word_1_64' title='bbox 308 1180 393 1234; x_wconf 86' lang='lat' dir='ltr'><strong>ista</strong></span> <span class='ocrx_word' id='word_1_65' title='bbox 417 1171 614 1236; x_wconf 84' lang='lat' dir='ltr'><strong>omnia,</strong></span> <span class='ocrx_word' id='word_1_66' title='bbox 633 1176 688 1222; x_wconf 89' lang='lat' dir='ltr'><strong>et.</strong></span> <span class='ocrx_word' id='word_1_67' title='bbox 713 1183 851 1222; x_wconf 93' lang='lat' dir='ltr'><strong>nunc</strong></span> <span class='ocrx_word' id='word_1_68' title='bbox 869 1165 1029 1222; x_wconf 84' lang='lat' dir='ltr'><strong>crede</strong></span> <span class='ocrx_word' id='word_1_69' title='bbox 1053 1166 1104 1220; x_wconf 91' lang='lat' dir='ltr'><strong>in</strong></span> <span class='ocrx_word' id='word_1_70' title='bbox 1133 1179 1254 1220; x_wconf 88' lang='lat' dir='ltr'><strong>eum</strong></span> <span class='ocrx_word' id='word_1_71' title='bbox 1283 1179 1439 1236; x_wconf 87' lang='lat' dir='ltr'><strong>quem</strong></span> <span class='ocrx_word' id='word_1_72' title='bbox 1463 1162 1724 1229; x_wconf 87' lang='lat' dir='ltr'><strong>occidisti,</strong></span> <span class='ocrx_word' id='word_1_73' title='bbox 1745 1160 1866 1218; x_wconf 88' lang='lat' dir='ltr'><strong>bibe</strong></span> 
     </span>
    </p>
   </div>
   <div class='ocr_carea' id='block_1_10' title="bbox 307 1254 1862 1337">
    <p class='ocr_par' dir='ltr' id='par_1_10' title="bbox 307 1254 1862 1337">
     <span class='ocr_line' id='line_1_10' title="bbox 307 1254 1862 1337; baseline -0.01 -11"><span class='ocrx_word' id='word_1_74' title='bbox 307 1266 602 1337; x_wconf 78' lang='lat' dir='ltr'><strong>sanguinem</strong></span> <span class='ocrx_word' id='word_1_75' title='bbox 633 1276 791 1331; x_wconf 86' lang='lat' dir='ltr'><strong>quem</strong></span> <span class='ocrx_word' id='word_1_76' title='bbox 823 1259 1020 1314; x_wconf 90' lang='lat' dir='ltr'><strong>fudisti.</strong></span> <span class='ocrx_word' id='word_1_77' title='bbox 1065 1258 1130 1312; x_wconf 87' lang='lat' dir='ltr'><strong>Et</strong></span> <span class='ocrx_word' id='word_1_78' title='bbox 1169 1271 1310 1312; x_wconf 90' lang='lat' dir='ltr'><strong>nunc</strong></span> <span class='ocrx_word' id='word_1_79' title='bbox 1353 1267 1405 1310; x_wconf 92' lang='lat' dir='ltr'><strong>tu</strong></span> <span class='ocrx_word' id='word_1_80' title='bbox 1449 1255 1637 1310; x_wconf 89' lang='lat' dir='ltr'><strong>domus</strong></span> <span class='ocrx_word' id='word_1_81' title='bbox 1677 1254 1862 1322; x_wconf 74' lang='lat' dir='ltr'><strong>Iacob,</strong></span> 
     </span>
    </p>
   </div>
   <div class='ocr_carea' id='block_1_11' title="bbox 305 1345 1860 1419">
    <p class='ocr_par' dir='ltr' id='par_1_11' title="bbox 305 1345 1860 1419">
     <span class='ocr_line' id='line_1_11' title="bbox 305 1345 1860 1419; baseline -0.012 -3"><span class='ocrx_word' id='word_1_82' title='bbox 305 1355 596 1416; x_wconf 89' lang='lat' dir='ltr'><strong>testimonio</strong></span> <span class='ocrx_word' id='word_1_83' title='bbox 643 1353 790 1408; x_wconf 84' lang='lat' dir='ltr'><strong>Isaiae</strong></span> <span class='ocrx_word' id='word_1_84' title='bbox 835 1351 1140 1418; x_wconf 70' lang='lat' dir='ltr'><strong>exponere‘</strong></span> <span class='ocrx_word' id='word_1_85' title='bbox 1184 1349 1340 1419; x_wconf 91' lang='lat' dir='ltr'><strong>cupio</strong></span> <span class='ocrx_word' id='word_1_86' title='bbox 1389 1346 1531 1418; x_wconf 90' lang='lat' dir='ltr'><strong>quod</strong></span> <span class='ocrx_word' id='word_1_87' title='bbox 1579 1346 1666 1400; x_wconf 90' lang='lat' dir='ltr'><strong>hic</strong></span> <span class='ocrx_word' id='word_1_88' title='bbox 1711 1345 1860 1412; x_wconf 83' lang='lat' dir='ltr'><strong>dixit,</strong></span> 
     </span>
    </p>
   </div>
   <div class='ocr_carea' id='block_1_12' title="bbox 306 1440 1867 1518">
    <p class='ocr_par' dir='ltr' id='par_1_12' title="bbox 306 1440 1867 1518">
     <span class='ocr_line' id='line_1_12' title="bbox 306 1440 1867 1518; baseline -0.006 -16"><span class='ocrx_word' id='word_1_89' title='bbox 306 1450 545 1518; x_wconf 80' lang='lat' dir='ltr'><strong>Quoniam</strong></span> <span class='ocrx_word' id='word_1_90' title='bbox 575 1445 826 1517; x_wconf 75' lang='lat' dir='ltr'><strong>judicavit</strong></span> <span class='ocrx_word' id='word_1_91' title='bbox 873 1443 1120 1498; x_wconf 76' lang='lat' dir='ltr'><strong>Dominus</strong></span> <span class='ocrx_word' id='word_1_92' title='bbox 1157 1440 1348 1514; x_wconf 82' lang='lat' dir='ltr'><strong>plebem</strong></span> <span class='ocrx_word' id='word_1_93' title='bbox 1369 1457 1534 1502; x_wconf 87' lang='lat' dir='ltr'><strong>suam,</strong></span> <span class='ocrx_word' id='word_1_94' title='bbox 1565 1449 1612 1493; x_wconf 90' lang='lat' dir='ltr'><strong>et</strong></span> <span class='ocrx_word' id='word_1_95' title='bbox 1637 1441 1689 1493; x_wconf 88' lang='lat' dir='ltr'><strong>in</strong></span> <span class='ocrx_word' id='word_1_96' title='bbox 1714 1441 1867 1493; x_wconf 85' lang='lat' dir='ltr'><strong>servis</strong></span> 
     </span>
    </p>
   </div>
   <div class='ocr_carea' id='block_1_13' title="bbox 303 1529 1864 1602">
    <p class='ocr_par' dir='ltr' id='par_1_13' title="bbox 303 1529 1864 1602">
     <span class='ocr_line' id='line_1_13' title="bbox 303 1529 1864 1602; baseline -0.008 -5"><span class='ocrx_word' id='word_1_97' title='bbox 303 1543 400 1598; x_wconf 84' lang='lat' dir='ltr'><strong>suis</strong></span> <span class='ocrx_word' id='word_1_98' title='bbox 425 1536 765 1594; x_wconf 86' lang='lat' dir='ltr'><strong>advocabitur.</strong></span> <span class='ocrx_word' id='word_1_99' title='bbox 812 1534 1088 1590; x_wconf 89' lang='lat' dir='ltr'><strong>.Iudicasse</strong></span> <span class='ocrx_word' id='word_1_100' title='bbox 1122 1533 1264 1588; x_wconf 91' lang='lat' dir='ltr'><strong>enim</strong></span> <span class='ocrx_word' id='word_1_101' title='bbox 1311 1531 1616 1602; x_wconf 77' lang='lat' dir='ltr'><strong>intelligitur</strong></span> <span class='ocrx_word' id='word_1_102' title='bbox 1657 1529 1864 1599; x_wconf 87' lang='lat' dir='ltr'><strong>plebem</strong></span> 
     </span>
    </p>
   </div>
   <div class='ocr_carea' id='block_1_14' title="bbox 301 1621 1868 1699">
    <p class='ocr_par' dir='ltr' id='par_1_14' title="bbox 301 1621 1868 1699">
     <span class='ocr_line' id='line_1_14' title="bbox 301 1621 1868 1699; baseline -0.008 -11"><span class='ocrx_word' id='word_1_103' title='bbox 301 1647 462 1694; x_wconf 83' lang='lat' dir='ltr'><strong>suam,</strong></span> <span class='ocrx_word' id='word_1_104' title='bbox 490 1627 786 1699; x_wconf 83' lang='lat' dir='ltr'><strong>separando</strong></span> <span class='ocrx_word' id='word_1_105' title='bbox 817 1629 868 1680; x_wconf 90' lang='lat' dir='ltr'><strong>in</strong></span> <span class='ocrx_word' id='word_1_106' title='bbox 897 1628 1006 1696; x_wconf 89' lang='lat' dir='ltr'><strong>ipsa</strong></span> <span class='ocrx_word' id='word_1_107' title='bbox 1039 1623 1196 1695; x_wconf 86' lang='lat' dir='ltr'><strong>plebe</strong></span> <span class='ocrx_word' id='word_1_108' title='bbox 1215 1639 1309 1680; x_wconf 90' lang='lat' dir='ltr'><strong>sua</strong></span> <span class='ocrx_word' id='word_1_109' title='bbox 1337 1625 1504 1678; x_wconf 88' lang='lat' dir='ltr'><strong>bonos</strong></span> <span class='ocrx_word' id='word_1_110' title='bbox 1529 1639 1557 1677; x_wconf 91' lang='lat' dir='ltr'><strong>a</strong></span> <span class='ocrx_word' id='word_1_111' title='bbox 1586 1621 1770 1688; x_wconf 89' lang='lat' dir='ltr'><strong>malis,</strong></span> <span class='ocrx_word' id='word_1_112' title='bbox 1805 1622 1868 1676; x_wconf 65' lang='grc' dir='ltr'>ιι.</span> 
     </span>
    </p>
   </div>
   <div class='ocr_carea' id='block_1_15' title="bbox 301 1713 1862 1786">
    <p class='ocr_par' dir='ltr' id='par_1_15' title="bbox 301 1713 1862 1786">
     <span class='ocr_line' id='line_1_15' title="bbox 301 1713 1862 1786; baseline -0.007 -8"><span class='ocrx_word' id='word_1_113' title='bbox 301 1723 438 1778; x_wconf 87' lang='lat' dir='ltr'><strong>deles</strong></span> <span class='ocrx_word' id='word_1_114' title='bbox 465 1721 534 1775; x_wconf 86' lang='lat' dir='ltr'><strong>ah</strong></span> <span class='ocrx_word' id='word_1_115' title='bbox 561 1719 881 1782; x_wconf 88' lang='lat' dir='ltr'><strong>infidelibus,</strong></span> <span class='ocrx_word' id='word_1_116' title='bbox 909 1717 1191 1786; x_wconf 83' lang='lat' dir='ltr'><strong>Apostolos</strong></span> <span class='ocrx_word' id='word_1_117' title='bbox 1224 1732 1252 1768; x_wconf 91' lang='lat' dir='ltr'><strong>a</strong></span> <span class='ocrx_word' id='word_1_118' title='bbox 1278 1715 1476 1770; x_wconf 60' lang='lat' dir='ltr'><strong>Iudaeis</strong></span> <span class='ocrx_word' id='word_1_119' title='bbox 1503 1713 1862 1770; x_wconf 83' lang='lat' dir='ltr'><strong>mendacibus.</strong></span> 
     </span>
    </p>
   </div>
   <div class='ocr_carea' id='block_1_16' title="bbox 303 1805 1864 1881">
    <p class='ocr_par' dir='ltr' id='par_1_16' title="bbox 303 1805 1864 1881">
     <span class='ocr_line' id='line_1_16' title="bbox 303 1805 1864 1881; baseline -0.004 -13"><span class='ocrx_word' id='word_1_120' title='bbox 303 1814 405 1868; x_wconf 86' lang='lat' dir='ltr'><strong>lloe</strong></span> <span class='ocrx_word' id='word_1_121' title='bbox 429 1809 761 1881; x_wconf 81' lang='lat' dir='ltr'><strong>significavit,</strong></span> <span class='ocrx_word' id='word_1_122' title='bbox 789 1811 846 1864; x_wconf 83' lang='lat' dir='ltr'><strong>ut&#39;</strong></span> <span class='ocrx_word' id='word_1_123' title='bbox 881 1809 1059 1865; x_wconf 77' lang='lat' dir='ltr'><strong>dicere</strong></span> <span class='ocrx_word' id='word_1_124' title='bbox 1097 1809 1358 1878; x_wconf 75' lang='lat' dir='ltr'><strong>cieperam</strong></span> <span class='ocrx_word' id='word_1_125' title='bbox 1379 1847 1392 1870; x_wconf 91' lang='lat'><strong>,</strong></span> <span class='ocrx_word' id='word_1_126' title='bbox 1426 1821 1520 1876; x_wconf 90' lang='lat' dir='ltr'><strong>per</strong></span> <span class='ocrx_word' id='word_1_127' title='bbox 1545 1805 1864 1878; x_wconf 82' lang='lat' dir='ltr'><strong>Prophetam</strong></span> 
     </span>
    </p>
   </div>
   <div class='ocr_carea' id='block_1_17' title="bbox 301 1897 1863 1970">
    <p class='ocr_par' dir='ltr' id='par_1_17' title="bbox 301 1897 1863 1970">
     <span class='ocr_line' id='line_1_17' title="bbox 301 1897 1863 1970; baseline -0.007 -10"><span class='ocrx_word' id='word_1_128' title='bbox 301 1907 472 1960; x_wconf 86' lang='lat' dir='ltr'><strong>dicens</strong></span> <span class='ocrx_word' id='word_1_129' title='bbox 501 1921 514 1956; x_wconf 92' lang='lat'><strong>:</strong></span> <span class='ocrx_word' id='word_1_130' title='bbox 539 1901 654 1958; x_wconf 90' lang='lat' dir='ltr'><strong>.Iam</strong></span> <span class='ocrx_word' id='word_1_131' title='bbox 685 1912 802 1970; x_wconf 89' lang='lat' dir='ltr'><strong>post</strong></span> <span class='ocrx_word' id='word_1_132' title='bbox 835 1901 921 1954; x_wconf 90' lang='lat' dir='ltr'><strong>illa</strong></span> <span class='ocrx_word' id='word_1_133' title='bbox 945 1900 1078 1955; x_wconf 88' lang='lat' dir='ltr'><strong>mala</strong></span> <span class='ocrx_word' id='word_1_134' title='bbox 1105 1899 1280 1954; x_wconf 81' lang='lat' dir='ltr'><strong>omnia</strong></span> <span class='ocrx_word' id='word_1_135' title='bbox 1305 1907 1413 1964; x_wconf 86' lang='lat' dir='ltr'><strong>tua,</strong></span> <span class='ocrx_word' id='word_1_136' title='bbox 1439 1915 1468 1953; x_wconf 95' lang='lat' dir='ltr'><strong>o</strong></span> <span class='ocrx_word' id='word_1_137' title='bbox 1495 1907 1546 1952; x_wconf 86' lang='lat' dir='ltr'><strong>tu</strong></span> <span class='ocrx_word' id='word_1_138' title='bbox 1574 1899 1750 1951; x_wconf 88' lang='lat' dir='ltr'><strong>domus</strong></span> <span class='ocrx_word' id='word_1_139' title='bbox 1767 1897 1863 1950; x_wconf 73' lang='grc' dir='ltr'><strong>,Ια-</strong></span> 
     </span>
    </p>
   </div>
   <div class='ocr_carea' id='block_1_18' title="bbox 299 1989 1864 2059">
    <p class='ocr_par' dir='ltr' id='par_1_18' title="bbox 299 1989 1864 2059">
     <span class='ocr_line' id='line_1_18' title="bbox 299 1989 1864 2059; baseline -0.005 -9"><span class='ocrx_word' id='word_1_140' title='bbox 299 1999 400 2058; x_wconf 83' lang='lat' dir='ltr'><strong>cob,</strong></span> <span class='ocrx_word' id='word_1_141' title='bbox 432 1995 612 2059; x_wconf 83' lang='lat' dir='ltr'><strong>venite,</strong></span> <span class='ocrx_word' id='word_1_142' title='bbox 643 1991 956 2047; x_wconf 82' lang='lat' dir='ltr'><strong>ambulemus</strong></span> <span class='ocrx_word' id='word_1_143' title='bbox 991 1993 1043 2046; x_wconf 90' lang='lat' dir='ltr'><strong>in</strong></span> <span class='ocrx_word' id='word_1_144' title='bbox 1083 1992 1194 2046; x_wconf 87' lang='lat' dir='ltr'><strong>luce</strong></span> <span class='ocrx_word' id='word_1_145' title='bbox 1237 1990 1457 2044; x_wconf 87' lang='lat' dir='ltr'><strong>Domini.</strong></span> <span class='ocrx_word' id='word_1_146' title='bbox 1508 1990 1682 2057; x_wconf 82' lang='lat' dir='ltr'><strong>Quare</strong></span> <span class='ocrx_word' id='word_1_147' title='bbox 1719 1989 1864 2044; x_wconf 88' lang='lat' dir='ltr'><strong>vobis</strong></span> 
     </span>
    </p>
   </div>
   <div class='ocr_carea' id='block_1_19' title="bbox 297 2079 1866 2153">
    <p class='ocr_par' dir='ltr' id='par_1_19' title="bbox 297 2079 1866 2153">
     <span class='ocr_line' id='line_1_19' title="bbox 297 2079 1866 2153; baseline -0.006 -11"><span class='ocrx_word' id='word_1_148' title='bbox 297 2087 431 2153; x_wconf 90' lang='lat' dir='ltr'><strong>dico,</strong></span> <span class='ocrx_word' id='word_1_149' title='bbox 485 2083 676 2150; x_wconf 78' lang='lat' dir='ltr'><strong>Venite,</strong></span> <span class='ocrx_word' id='word_1_150' title='bbox 709 2085 1018 2138; x_wconf 86' lang='lat' dir='ltr'><strong>ambulemus</strong></span> <span class='ocrx_word' id='word_1_151' title='bbox 1053 2083 1105 2136; x_wconf 88' lang='lat' dir='ltr'><strong>in</strong></span> <span class='ocrx_word' id='word_1_152' title='bbox 1147 2081 1258 2136; x_wconf 88' lang='lat' dir='ltr'><strong>luce</strong></span> <span class='ocrx_word' id='word_1_153' title='bbox 1294 2080 1536 2135; x_wconf 81' lang='lat' dir='ltr'><strong>Domini?</strong></span> <span class='ocrx_word' id='word_1_154' title='bbox 1577 2079 1654 2134; x_wconf 89' lang='lat' dir='ltr'><strong>Ne</strong></span> <span class='ocrx_word' id='word_1_155' title='bbox 1693 2095 1866 2134; x_wconf 86' lang='lat' dir='ltr'><strong>rema-</strong></span> 
     </span>
    </p>
   </div>
   <div class='ocr_carea' id='block_1_20' title="bbox 299 2173 1860 2247">
    <p class='ocr_par' dir='ltr' id='par_1_20' title="bbox 299 2173 1860 2247">
     <span class='ocr_line' id='line_1_20' title="bbox 299 2173 1860 2247; baseline -0.006 -11"><span class='ocrx_word' id='word_1_156' title='bbox 299 2181 465 2238; x_wconf 87' lang='lat' dir='ltr'><strong>nendo</strong></span> <span class='ocrx_word' id='word_1_157' title='bbox 523 2181 574 2234; x_wconf 92' lang='lat' dir='ltr'><strong>in</strong></span> <span class='ocrx_word' id='word_1_158' title='bbox 623 2178 914 2242; x_wconf 83' lang='lat' dir='ltr'><strong>Judaismo,</strong></span> <span class='ocrx_word' id='word_1_159' title='bbox 969 2193 1072 2233; x_wconf 87' lang='lat' dir='ltr'><strong>non</strong></span> <span class='ocrx_word' id='word_1_160' title='bbox 1109 2177 1426 2247; x_wconf 75' lang='lat' dir='ltr'><strong>pervenistis</strong></span> <span class='ocrx_word' id='word_1_161' title='bbox 1468 2176 1532 2231; x_wconf 87' lang='lat' dir='ltr'><strong>ad</strong></span> <span class='ocrx_word' id='word_1_162' title='bbox 1573 2173 1860 2230; x_wconf 87' lang='lat' dir='ltr'><strong>Christum.</strong></span> 
     </span>
    </p>
   </div>
   <div class='ocr_carea' id='block_1_21' title="bbox 297 2265 1862 2340">
    <p class='ocr_par' dir='ltr' id='par_1_21' title="bbox 297 2265 1862 2340">
     <span class='ocr_line' id='line_1_21' title="bbox 297 2265 1862 2340; baseline -0.004 -14"><span class='ocrx_word' id='word_1_163' title='bbox 297 2273 463 2340; x_wconf 86' lang='lat' dir='ltr'><strong>Quare</strong></span> <span class='ocrx_word' id='word_1_164' title='bbox 478 2271 618 2326; x_wconf 90' lang='lat' dir='ltr'><strong>enim</strong></span> <span class='ocrx_word' id='word_1_165' title='bbox 634 2271 657 2324; x_wconf 83' lang='lat' dir='ltr'><strong>‘l</strong></span> <span class='ocrx_word' id='word_1_166' title='bbox 677 2270 790 2325; x_wconf 91' lang='lat' dir='ltr'><strong>Non</strong></span> <span class='ocrx_word' id='word_1_167' title='bbox 813 2284 922 2326; x_wconf 86' lang='lat' dir='ltr'><strong>sem</strong></span> <span class='ocrx_word' id='word_1_168' title='bbox 931 2287 1023 2338; x_wconf 91' lang='lat' dir='ltr'><strong>per</strong></span> <span class='ocrx_word' id='word_1_169' title='bbox 1039 2269 1108 2324; x_wconf 91' lang='lat' dir='ltr'><strong>ibi</strong></span> <span class='ocrx_word' id='word_1_170' title='bbox 1132 2268 1472 2339; x_wconf 82' lang='lat' dir='ltr'><strong>prophetatus</strong></span> <span class='ocrx_word' id='word_1_171' title='bbox 1487 2277 1570 2322; x_wconf 85' lang='lat' dir='ltr'><strong>est</strong></span> <span class='ocrx_word' id='word_1_172' title='bbox 1587 2265 1862 2321; x_wconf 85' lang='lat' dir='ltr'><strong>Christus?</strong></span> 
     </span>
    </p>
   </div>
   <div class='ocr_carea' id='block_1_22' title="bbox 298 2359 1863 2434">
    <p class='ocr_par' dir='ltr' id='par_1_22' title="bbox 298 2359 1863 2434">
     <span class='ocr_line' id='line_1_22' title="bbox 298 2359 1863 2434; baseline -0.004 -15"><span class='ocrx_word' id='word_1_173' title='bbox 298 2364 396 2419; x_wconf 82' lang='lat' dir='ltr'><strong>Sed</strong></span> <span class='ocrx_word' id='word_1_174' title='bbox 428 2379 564 2418; x_wconf 84' lang='lat' dir='ltr'><strong>nunc</strong></span> <span class='ocrx_word' id='word_1_175' title='bbox 605 2363 790 2416; x_wconf 77' lang='lat' dir='ltr'><strong>dimisit</strong></span> <span class='ocrx_word' id='word_1_176' title='bbox 827 2363 1018 2434; x_wconf 82' lang='lat' dir='ltr'><strong>plebem</strong></span> <span class='ocrx_word' id='word_1_177' title='bbox 1051 2379 1194 2416; x_wconf 84' lang='lat' dir='ltr'><strong>suout</strong></span> <span class='ocrx_word' id='word_1_178' title='bbox 1215 2403 1230 2427; x_wconf 94' lang='lat'><strong>,</strong></span> <span class='ocrx_word' id='word_1_179' title='bbox 1261 2362 1464 2414; x_wconf 86' lang='lat' dir='ltr'><strong>domum</strong></span> <span class='ocrx_word' id='word_1_180' title='bbox 1487 2359 1666 2414; x_wconf 87' lang='lat' dir='ltr'><strong>Israel.</strong></span> <span class='ocrx_word' id='word_1_181' title='bbox 1697 2359 1863 2414; x_wconf 79' lang='lat' dir='ltr'><strong>Veni&#39;</strong></span> 
     </span>
    </p>
   </div>
   <div class='ocr_carea' id='block_1_23' title="bbox 298 2449 1864 2523">
    <p class='ocr_par' dir='ltr' id='par_1_23' title="bbox 298 2449 1864 2523">
     <span class='ocr_line' id='line_1_23' title="bbox 298 2449 1864 2523; baseline -0.001 -15"><span class='ocrx_word' id='word_1_182' title='bbox 298 2455 486 2510; x_wconf 90' lang='lat' dir='ltr'><strong>domus</strong></span> <span class='ocrx_word' id='word_1_183' title='bbox 517 2454 700 2519; x_wconf 86' lang='lat' dir='ltr'><strong>Jacoh,</strong></span> <span class='ocrx_word' id='word_1_184' title='bbox 737 2454 857 2523; x_wconf 85' lang='lat' dir='ltr'><strong>quia</strong></span> <span class='ocrx_word' id='word_1_185' title='bbox 885 2452 1085 2508; x_wconf 88' lang='lat' dir='ltr'><strong>dimisit</strong></span> <span class='ocrx_word' id='word_1_186' title='bbox 1121 2453 1324 2522; x_wconf 87' lang='lat' dir='ltr'><strong>plebem</strong></span> <span class='ocrx_word' id='word_1_187' title='bbox 1352 2468 1500 2507; x_wconf 88' lang='lat' dir='ltr'><strong>snam</strong></span> <span class='ocrx_word' id='word_1_188' title='bbox 1531 2452 1746 2506; x_wconf 88' lang='lat' dir='ltr'><strong>domum</strong></span> <span class='ocrx_word' id='word_1_189' title='bbox 1773 2449 1864 2506; x_wconf 77' lang='lat' dir='ltr'><strong>Ja-</strong></span> 
     </span>
    </p>
   </div>
   <div class='ocr_carea' id='block_1_24' title="bbox 299 2544 1865 2615">
    <p class='ocr_par' dir='ltr' id='par_1_24' title="bbox 299 2544 1865 2615">
     <span class='ocr_line' id='line_1_24' title="bbox 299 2544 1865 2615; baseline 0 -15"><span class='ocrx_word' id='word_1_190' title='bbox 299 2548 426 2612; x_wconf 87' lang='lat' dir='ltr'><strong>eob;</strong></span> <span class='ocrx_word' id='word_1_191' title='bbox 461 2547 575 2602; x_wconf 83' lang='lat' dir='ltr'><strong>veni</strong></span> <span class='ocrx_word' id='word_1_192' title='bbox 611 2547 800 2600; x_wconf 88' lang='lat' dir='ltr'><strong>domus</strong></span> <span class='ocrx_word' id='word_1_193' title='bbox 841 2545 1022 2611; x_wconf 86' lang='lat' dir='ltr'><strong>Israel,</strong></span> <span class='ocrx_word' id='word_1_194' title='bbox 1051 2545 1174 2615; x_wconf 90' lang='lat' dir='ltr'><strong>quia</strong></span> <span class='ocrx_word' id='word_1_195' title='bbox 1219 2544 1418 2598; x_wconf 87' lang='lat' dir='ltr'><strong>dimisit</strong></span> <span class='ocrx_word' id='word_1_196' title='bbox 1457 2545 1665 2614; x_wconf 88' lang='lat' dir='ltr'><strong>plebem</strong></span> <span class='ocrx_word' id='word_1_197' title='bbox 1712 2559 1865 2600; x_wconf 87' lang='lat' dir='ltr'><strong>suam</strong></span> 
     </span>
    </p>
   </div>
   <div class='ocr_carea' id='block_1_25' title="bbox 297 2638 1865 2707">
    <p class='ocr_par' dir='ltr' id='par_1_25' title="bbox 297 2638 1865 2707">
     <span class='ocr_line' id='line_1_25' title="bbox 297 2638 1865 2707; baseline 0.001 -15"><span class='ocrx_word' id='word_1_198' title='bbox 297 2641 511 2694; x_wconf 90' lang='lat' dir='ltr'><strong>domum</strong></span> <span class='ocrx_word' id='word_1_199' title='bbox 555 2641 732 2696; x_wconf 88' lang='lat' dir='ltr'><strong>Israel.</strong></span> <span class='ocrx_word' id='word_1_200' title='bbox 778 2639 906 2707; x_wconf 69' lang='lat' dir='ltr'><strong>Qua:</strong></span> <span class='ocrx_word' id='word_1_201' title='bbox 933 2639 1096 2704; x_wconf 89' lang='lat' dir='ltr'><strong>venit,</strong></span> <span class='ocrx_word' id='word_1_202' title='bbox 1127 2649 1180 2694; x_wconf 89' lang='lat' dir='ltr'><strong>et</strong></span> <span class='ocrx_word' id='word_1_203' title='bbox 1219 2653 1334 2707; x_wconf 67' lang='lat' dir='ltr'><strong>qua:</strong></span> <span class='ocrx_word' id='word_1_204' title='bbox 1365 2639 1592 2694; x_wconf 79' lang='lat' dir='ltr'><strong>dimissa</strong></span> <span class='ocrx_word' id='word_1_205' title='bbox 1631 2645 1732 2704; x_wconf 84' lang='lat' dir='ltr'><strong>est,</strong></span> <span class='ocrx_word' id='word_1_206' title='bbox 1765 2638 1865 2693; x_wconf 90' lang='lat' dir='ltr'><strong>nisi</strong></span> 
     </span>
    </p>
   </div>
   <div class='ocr_carea' id='block_1_26' title="bbox 297 2729 1866 2801">
    <p class='ocr_par' dir='ltr' id='par_1_26' title="bbox 297 2729 1866 2801">
     <span class='ocr_line' id='line_1_26' title="bbox 297 2729 1866 2801; baseline -0.001 -17"><span class='ocrx_word' id='word_1_207' title='bbox 297 2732 418 2801; x_wconf 87' lang='lat' dir='ltr'><strong>quia</strong></span> <span class='ocrx_word' id='word_1_208' title='bbox 457 2731 559 2785; x_wconf 91' lang='lat' dir='ltr'><strong>hoc</strong></span> <span class='ocrx_word' id='word_1_209' title='bbox 595 2740 677 2785; x_wconf 91' lang='lat' dir='ltr'><strong>est</strong></span> <span class='ocrx_word' id='word_1_210' title='bbox 711 2730 985 2800; x_wconf 87' lang='lat' dir='ltr'><strong>judicium,</strong></span> <span class='ocrx_word' id='word_1_211' title='bbox 1013 2739 1066 2784; x_wconf 85' lang='lat' dir='ltr'><strong>ut</strong></span> <span class='ocrx_word' id='word_1_212' title='bbox 1091 2731 1174 2796; x_wconf 88' lang='lat' dir='ltr'><strong>qui</strong></span> <span class='ocrx_word' id='word_1_213' title='bbox 1201 2747 1302 2784; x_wconf 87' lang='lat' dir='ltr'><strong>non</strong></span> <span class='ocrx_word' id='word_1_214' title='bbox 1331 2729 1516 2797; x_wconf 77' lang='lat' dir='ltr'><strong>uident,</strong></span> <span class='ocrx_word' id='word_1_215' title='bbox 1549 2729 1782 2795; x_wconf 84' lang='lat' dir='ltr'><strong>videant;</strong></span> <span class='ocrx_word' id='word_1_216' title='bbox 1819 2736 1866 2782; x_wconf 85' lang='lat' dir='ltr'><strong>et</strong></span> 
     </span>
    </p>
   </div>
   <div class='ocr_carea' id='block_1_27' title="bbox 295 2821 1866 2894">
    <p class='ocr_par' dir='ltr' id='par_1_27' title="bbox 295 2821 1866 2894">
     <span class='ocr_line' id='line_1_27' title="bbox 295 2821 1866 2894; baseline -0.002 -16"><span class='ocrx_word' id='word_1_217' title='bbox 295 2826 381 2894; x_wconf 88' lang='lat' dir='ltr'><strong>qui</strong></span> <span class='ocrx_word' id='word_1_218' title='bbox 407 2825 590 2890; x_wconf 81' lang='lat' dir='ltr'><strong>vident,</strong></span> <span class='ocrx_word' id='word_1_219' title='bbox 619 2825 737 2880; x_wconf 75' lang='grc' dir='ltr'><strong>ι·ωεὶ</strong></span> <span class='ocrx_word' id='word_1_220' title='bbox 775 2825 896 2893; x_wconf 79' lang='lat' dir='ltr'><strong>ﬁant</strong></span> <span class='ocrx_word' id='word_1_221' title='bbox 914 2823 940 2877; x_wconf 73' lang='lat'><strong>1’</strong></span> <span class='ocrx_word' id='word_1_222' title='bbox 971 2823 1222 2877; x_wconf 81' lang='lat' dir='ltr'><strong>Judicavit</strong></span> <span class='ocrx_word' id='word_1_223' title='bbox 1251 2837 1377 2892; x_wconf 85' lang='lat' dir='ltr'><strong>ergo</strong></span> <span class='ocrx_word' id='word_1_224' title='bbox 1405 2821 1652 2877; x_wconf 84' lang='lat' dir='ltr'><strong>Dominus</strong></span> <span class='ocrx_word' id='word_1_225' title='bbox 1677 2821 1866 2894; x_wconf 81' lang='lat' dir='ltr'><strong>plebem</strong></span> 
     </span>
    </p>
   </div>
   <div class='ocr_carea' id='block_1_28' title="bbox 295 2913 1866 2986">
    <p class='ocr_par' dir='ltr' id='par_1_28' title="bbox 295 2913 1866 2986">
     <span class='ocr_line' id='line_1_28' title="bbox 295 2913 1866 2986; baseline -0.003 -16"><span class='ocrx_word' id='word_1_226' title='bbox 295 2933 457 2970; x_wconf 86' lang='lat' dir='ltr'><strong>suam.</strong></span> <span class='ocrx_word' id='word_1_227' title='bbox 491 2915 762 2986; x_wconf 88' lang='lat' dir='ltr'><strong>Separavit</strong></span> <span class='ocrx_word' id='word_1_228' title='bbox 782 2929 928 2985; x_wconf 78' lang='lat' dir='ltr'><strong>ergo,</strong></span> <span class='ocrx_word' id='word_1_229' title='bbox 961 2923 1146 2969; x_wconf 89' lang='lat' dir='ltr'><strong>etnon</strong></span> <span class='ocrx_word' id='word_1_230' title='bbox 1179 2913 1246 2968; x_wconf 88' lang='lat' dir='ltr'><strong>ibi</strong></span> <span class='ocrx_word' id='word_1_231' title='bbox 1275 2913 1506 2968; x_wconf 89' lang='lat' dir='ltr'><strong>inveniet</strong></span> <span class='ocrx_word' id='word_1_232' title='bbox 1531 2927 1664 2983; x_wconf 92' lang='lat' dir='ltr'><strong>quos</strong></span> <span class='ocrx_word' id='word_1_233' title='bbox 1701 2913 1750 2966; x_wconf 90' lang='lat' dir='ltr'><strong>in</strong></span> <span class='ocrx_word' id='word_1_234' title='bbox 1779 2927 1866 2966; x_wconf 88' lang='lat' dir='ltr'><strong>re-</strong></span> 
     </span>
    </p>
   </div>
   <div class='ocr_carea' id='block_1_29' title="bbox 295 3005 1866 3080">
    <p class='ocr_par' dir='ltr' id='par_1_29' title="bbox 295 3005 1866 3080">
     <span class='ocr_line' id='line_1_29' title="bbox 295 3005 1866 3080; baseline -0.001 -18"><span class='ocrx_word' id='word_1_235' title='bbox 295 3025 454 3080; x_wconf 76' lang='lat' dir='ltr'><strong>gnum</strong></span> <span class='ocrx_word' id='word_1_236' title='bbox 505 3025 658 3064; x_wconf 89' lang='lat' dir='ltr'><strong>suum</strong></span> <span class='ocrx_word' id='word_1_237' title='bbox 700 3007 982 3064; x_wconf 86' lang='lat' dir='ltr'><strong>restituat?</strong></span> <span class='ocrx_word' id='word_1_238' title='bbox 1027 3007 1188 3062; x_wconf 88' lang='lat' dir='ltr'><strong>Plane</strong></span> <span class='ocrx_word' id='word_1_239' title='bbox 1217 3006 1482 3061; x_wconf 90' lang='lat' dir='ltr'><strong>inveniet:</strong></span> <span class='ocrx_word' id='word_1_240' title='bbox 1519 3005 1586 3059; x_wconf 86' lang='lat' dir='ltr'><strong>Et</strong></span> <span class='ocrx_word' id='word_1_241' title='bbox 1623 3007 1676 3059; x_wconf 88' lang='lat' dir='ltr'><strong>in</strong></span> <span class='ocrx_word' id='word_1_242' title='bbox 1716 3005 1866 3060; x_wconf 74' lang='lat' dir='ltr'><strong>servis</strong></span> 
     </span>
    </p>
   </div>
   <div class='ocr_carea' id='block_1_30' title="bbox 294 3095 1866 3168">
    <p class='ocr_par' dir='ltr' id='par_1_30' title="bbox 294 3095 1866 3168">
     <span class='ocr_line' id='line_1_30' title="bbox 294 3095 1866 3168; baseline -0.003 -14"><span class='ocrx_word' id='word_1_243' title='bbox 294 3103 396 3156; x_wconf 86' lang='lat' dir='ltr'><strong>suis</strong></span> <span class='ocrx_word' id='word_1_244' title='bbox 433 3100 776 3155; x_wconf 84' lang='lat' dir='ltr'><strong>adrocabitur.</strong></span> <span class='ocrx_word' id='word_1_245' title='bbox 825 3099 948 3154; x_wconf 88' lang='lat' dir='ltr'><strong>Non</strong></span> <span class='ocrx_word' id='word_1_246' title='bbox 986 3099 1190 3168; x_wconf 86' lang='lat' dir='ltr'><strong>repulit,</strong></span> <span class='ocrx_word' id='word_1_247' title='bbox 1231 3099 1306 3152; x_wconf 85' lang='lat' dir='ltr'><strong>ait</strong></span> <span class='ocrx_word' id='word_1_248' title='bbox 1343 3099 1648 3168; x_wconf 89' lang='lat' dir='ltr'><strong>Apostolus,</strong></span> <span class='ocrx_word' id='word_1_249' title='bbox 1675 3095 1866 3168; x_wconf 81' lang='lat' dir='ltr'><strong>plebem</strong></span> 
     </span>
    </p>
   </div>
   <div class='ocr_carea' id='block_1_31' title="bbox 292 3189 1866 3264">
    <p class='ocr_par' dir='ltr' id='par_1_31' title="bbox 292 3189 1866 3264">
     <span class='ocr_line' id='line_1_31' title="bbox 292 3189 1866 3264; baseline -0.003 -16"><span class='ocrx_word' id='word_1_250' title='bbox 292 3211 468 3260; x_wconf 86' lang='lat' dir='ltr'><strong>suam,</strong></span> <span class='ocrx_word' id='word_1_251' title='bbox 509 3210 660 3264; x_wconf 88' lang='lat' dir='ltr'><strong>quam</strong></span> <span class='ocrx_word' id='word_1_252' title='bbox 693 3194 958 3264; x_wconf 67' lang='lat' dir='ltr'><strong>praesciuit.</strong></span> <span class='ocrx_word' id='word_1_253' title='bbox 1005 3193 1072 3247; x_wconf 88' lang='lat' dir='ltr'><strong>Et</strong></span> <span class='ocrx_word' id='word_1_254' title='bbox 1109 3190 1248 3246; x_wconf 90' lang='lat' dir='ltr'><strong>unde</strong></span> <span class='ocrx_word' id='word_1_255' title='bbox 1279 3189 1500 3261; x_wconf 84' lang='lat' dir='ltr'><strong>probat?</strong></span> <span class='ocrx_word' id='word_1_256' title='bbox 1542 3189 1680 3244; x_wconf 84' lang='lat' dir='ltr'><strong>Nam</strong></span> <span class='ocrx_word' id='word_1_257' title='bbox 1701 3199 1749 3243; x_wconf 89' lang='lat' dir='ltr'><strong>et</strong></span> <span class='ocrx_word' id='word_1_258' title='bbox 1775 3206 1866 3260; x_wconf 85' lang='lat' dir='ltr'><strong>ego</strong></span> 
     </span>
    </p>
   </div>
   <div class='ocr_carea' id='block_1_32' title="bbox 293 3279 1866 3354">
    <p class='ocr_par' dir='ltr' id='par_1_32' title="bbox 293 3279 1866 3354">
     <span class='ocr_line' id='line_1_32' title="bbox 293 3279 1866 3354; baseline -0.003 -15"><span class='ocrx_word' id='word_1_259' title='bbox 293 3283 530 3339; x_wconf 83' lang='lat' dir='ltr'><strong>Israelita</strong></span> <span class='ocrx_word' id='word_1_260' title='bbox 555 3301 666 3340; x_wconf 89' lang='lat' dir='ltr'><strong>sum</strong></span> <span class='ocrx_word' id='word_1_261' title='bbox 697 3284 872 3354; x_wconf 84' lang='lat' dir='ltr'><strong>(Rom.</strong></span> <span class='ocrx_word' id='word_1_262' title='bbox 902 3299 970 3348; x_wconf 64' lang='grc' dir='ltr'><strong>χι,</strong></span> <span class='ocrx_word' id='word_1_263' title='bbox 997 3285 1048 3350; x_wconf 81' lang='lat' dir='ltr'><strong>I,</strong></span> <span class='ocrx_word' id='word_1_264' title='bbox 1068 3281 1148 3354; x_wconf 68' lang='grc'><strong>2).</strong></span> <span class='ocrx_word' id='word_1_265' title='bbox 1175 3282 1312 3352; x_wconf 85' lang='lat' dir='ltr'><strong>Ergo</strong></span> <span class='ocrx_word' id='word_1_266' title='bbox 1335 3281 1588 3336; x_wconf 79' lang='lat' dir='ltr'><strong>Judicavit</strong></span> <span class='ocrx_word' id='word_1_267' title='bbox 1617 3279 1866 3335; x_wconf 85' lang='lat' dir='ltr'><strong>Dominus</strong></span> 
     </span>
    </p>
   </div>
   <div class='ocr_carea' id='block_1_33' title="bbox 292 3372 1866 3446">
    <p class='ocr_par' dir='ltr' id='par_1_33' title="bbox 292 3372 1866 3446">
     <span class='ocr_line' id='line_1_33' title="bbox 292 3372 1866 3446; baseline -0.004 -15"><span class='ocrx_word' id='word_1_268' title='bbox 292 3378 484 3446; x_wconf 68' lang='lat' dir='ltr'><strong>plebem</strong></span> <span class='ocrx_word' id='word_1_269' title='bbox 513 3393 676 3442; x_wconf 86' lang='lat' dir='ltr'><strong>suam,</strong></span> <span class='ocrx_word' id='word_1_270' title='bbox 701 3374 996 3446; x_wconf 87' lang='lat' dir='ltr'><strong>separando</strong></span> <span class='ocrx_word' id='word_1_271' title='bbox 1021 3373 1188 3428; x_wconf 88' lang='lat' dir='ltr'><strong>honos</strong></span> <span class='ocrx_word' id='word_1_272' title='bbox 1208 3388 1240 3427; x_wconf 91' lang='lat' dir='ltr'><strong>a</strong></span> <span class='ocrx_word' id='word_1_273' title='bbox 1260 3373 1412 3428; x_wconf 89' lang='lat' dir='ltr'><strong>malis</strong></span> <span class='ocrx_word' id='word_1_274' title='bbox 1436 3391 1447 3426; x_wconf 88' lang='lat'><strong>:</strong></span> <span class='ocrx_word' id='word_1_275' title='bbox 1475 3373 1574 3427; x_wconf 92' lang='lat' dir='ltr'><strong>hoc</strong></span> <span class='ocrx_word' id='word_1_276' title='bbox 1593 3380 1692 3437; x_wconf 88' lang='lat' dir='ltr'><strong>est,</strong></span> <span class='ocrx_word' id='word_1_277' title='bbox 1727 3372 1789 3425; x_wconf 84' lang='lat' dir='ltr'><strong>Et</strong></span> <span class='ocrx_word' id='word_1_278' title='bbox 1813 3373 1866 3426; x_wconf 87' lang='lat' dir='ltr'><strong>in</strong></span> 
     </span>
    </p>
   </div>
   <div class='ocr_carea' id='block_1_34' title="bbox 293 3467 1868 3540">
    <p class='ocr_par' dir='ltr' id='par_1_34' title="bbox 293 3467 1868 3540">
     <span class='ocr_line' id='line_1_34' title="bbox 293 3467 1868 3540; baseline -0.001 -14"><span class='ocrx_word' id='word_1_279' title='bbox 293 3475 442 3527; x_wconf 83' lang='lat' dir='ltr'><strong>seruis</strong></span> <span class='ocrx_word' id='word_1_280' title='bbox 465 3473 570 3527; x_wconf 88' lang='lat' dir='ltr'><strong>suis</strong></span> <span class='ocrx_word' id='word_1_281' title='bbox 594 3469 934 3526; x_wconf 84' lang='lat' dir='ltr'><strong>advocabitur.</strong></span> <span class='ocrx_word' id='word_1_282' title='bbox 963 3471 1002 3525; x_wconf 78' lang='grc' dir='ltr'><strong>Α</strong></span> <span class='ocrx_word' id='word_1_283' title='bbox 1024 3469 1250 3540; x_wconf 87' lang='lat' dir='ltr'><strong>quibus?</strong></span> <span class='ocrx_word' id='word_1_284' title='bbox 1269 3470 1312 3522; x_wconf 85' lang='lat' dir='ltr'><strong>A</strong></span> <span class='ocrx_word' id='word_1_285' title='bbox 1339 3467 1614 3524; x_wconf 84' lang='lat' dir='ltr'><strong>Gentibus.</strong></span> <span class='ocrx_word' id='word_1_286' title='bbox 1647 3469 1868 3536; x_wconf 62' lang='lat' dir='ltr'><strong>Quanta;</strong></span> 
     </span>
    </p>
   </div>
   <div class='ocr_carea' id='block_1_35' title="bbox 294 3561 1868 3636">
    <p class='ocr_par' dir='ltr' id='par_1_35' title="bbox 294 3561 1868 3636">
     <span class='ocr_line' id='line_1_35' title="bbox 294 3561 1868 3636; baseline -0.003 -14"><span class='ocrx_word' id='word_1_287' title='bbox 294 3567 432 3622; x_wconf 88' lang='lat' dir='ltr'><strong>enim</strong></span> <span class='ocrx_word' id='word_1_288' title='bbox 459 3573 646 3636; x_wconf 81' lang='lat' dir='ltr'><strong>gentes</strong></span> <span class='ocrx_word' id='word_1_289' title='bbox 665 3565 930 3620; x_wconf 90' lang='lat' dir='ltr'><strong>credendo</strong></span> <span class='ocrx_word' id='word_1_290' title='bbox 951 3564 1233 3618; x_wconf 85' lang='lat' dir='ltr'><strong>venerunt!</strong></span> <span class='ocrx_word' id='word_1_291' title='bbox 1267 3563 1446 3631; x_wconf 87' lang='lat' dir='ltr'><strong>quanti</strong></span> <span class='ocrx_word' id='word_1_292' title='bbox 1475 3561 1639 3628; x_wconf 80' lang='lat' dir='ltr'><strong>fundi,</strong></span> <span class='ocrx_word' id='word_1_293' title='bbox 1671 3569 1868 3632; x_wconf 83' lang='lat' dir='ltr'><strong>quanta</strong></span> 
     </span>
    </p>
   </div>
   <div class='ocr_carea' id='block_1_36' title="bbox 293 3655 1868 3714">
    <p class='ocr_par' dir='ltr' id='par_1_36' title="bbox 293 3655 1868 3714">
     <span class='ocr_line' id='line_1_36' title="bbox 293 3655 1868 3714; baseline -0.001 -2"><span class='ocrx_word' id='word_1_294' title='bbox 293 3659 404 3712; x_wconf 87' lang='lat' dir='ltr'><strong>loca</strong></span> <span class='ocrx_word' id='word_1_295' title='bbox 459 3659 670 3714; x_wconf 87' lang='lat' dir='ltr'><strong>deserta</strong></span> <span class='ocrx_word' id='word_1_296' title='bbox 727 3657 885 3712; x_wconf 89' lang='lat' dir='ltr'><strong>modo</strong></span> <span class='ocrx_word' id='word_1_297' title='bbox 925 3656 1174 3712; x_wconf 86' lang='lat' dir='ltr'><strong>veniunt!</strong></span> <span class='ocrx_word' id='word_1_298' title='bbox 1237 3655 1462 3709; x_wconf 85' lang='lat' dir='ltr'><strong>Veniunt</strong></span> <span class='ocrx_word' id='word_1_299' title='bbox 1509 3655 1631 3708; x_wconf 89' lang='lat' dir='ltr'><strong>inde</strong></span> <span class='ocrx_word' id='word_1_300' title='bbox 1686 3655 1868 3710; x_wconf 87' lang='lat' dir='ltr'><strong>nescio</strong></span> 
     </span>
    </p>
   </div>
   <div class='ocr_carea' id='block_1_37' title="bbox 293 3745 1869 3820">
    <p class='ocr_par' dir='ltr' id='par_1_37' title="bbox 293 3745 1869 3820">
     <span class='ocr_line' id='line_1_37' title="bbox 293 3745 1869 3820; baseline -0.002 -17"><span class='ocrx_word' id='word_1_301' title='bbox 293 3751 511 3820; x_wconf 90' lang='lat' dir='ltr'><strong>quanti,</strong></span> <span class='ocrx_word' id='word_1_302' title='bbox 563 3749 782 3804; x_wconf 89' lang='lat' dir='ltr'><strong>credere</strong></span> <span class='ocrx_word' id='word_1_303' title='bbox 823 3749 1038 3813; x_wconf 89' lang='lat' dir='ltr'><strong>volunt,</strong></span> <span class='ocrx_word' id='word_1_304' title='bbox 1083 3746 1304 3802; x_wconf 89' lang='lat' dir='ltr'><strong>dicimus</strong></span> <span class='ocrx_word' id='word_1_305' title='bbox 1347 3747 1425 3800; x_wconf 90' lang='lat' dir='ltr'><strong>eis</strong></span> <span class='ocrx_word' id='word_1_306' title='bbox 1453 3765 1464 3801; x_wconf 94' lang='lat'>:</span> <span class='ocrx_word' id='word_1_307' title='bbox 1493 3745 1627 3812; x_wconf 86' lang='lat' dir='ltr'><strong>Quid</strong></span> <span class='ocrx_word' id='word_1_308' title='bbox 1673 3745 1869 3802; x_wconf 79' lang='lat' dir='ltr'><strong>vultis?</strong></span> 
     </span>
    </p>
   </div>
   <div class='ocr_carea' id='block_1_38' title="bbox 293 3835 1870 3912">
    <p class='ocr_par' dir='ltr' id='par_1_38' title="bbox 293 3835 1870 3912">
     <span class='ocr_line' id='line_1_38' title="bbox 293 3835 1870 3912; baseline -0.001 -18"><span class='ocrx_word' id='word_1_309' title='bbox 293 3841 638 3912; x_wconf 79' lang='lat' dir='ltr'><strong>Respondent</strong></span> <span class='ocrx_word' id='word_1_310' title='bbox 670 3858 680 3892; x_wconf 96' lang='lat'>:</span> <span class='ocrx_word' id='word_1_311' title='bbox 711 3839 876 3894; x_wconf 86' lang='lat' dir='ltr'><strong>Nosse</strong></span> <span class='ocrx_word' id='word_1_312' title='bbox 893 3838 1114 3908; x_wconf 78' lang='lat' dir='ltr'><strong>gloriam</strong></span> <span class='ocrx_word' id='word_1_313' title='bbox 1143 3838 1253 3892; x_wconf 88' lang='lat' dir='ltr'><strong>Dei.</strong></span> <span class='ocrx_word' id='word_1_314' title='bbox 1281 3835 1510 3901; x_wconf 89' lang='lat' dir='ltr'><strong>Credite,</strong></span> <span class='ocrx_word' id='word_1_315' title='bbox 1543 3837 1750 3902; x_wconf 83' lang='lat' dir='ltr'><strong>fratres,</strong></span> <span class='ocrx_word' id='word_1_316' title='bbox 1771 3837 1870 3892; x_wconf 90' lang='lat' dir='ltr'><strong>mi-</strong></span> 
     </span>
    </p>
   </div>
   <div class='ocr_carea' id='block_1_39' title="bbox 291 3930 1864 4002">
    <p class='ocr_par' dir='ltr' id='par_1_39' title="bbox 291 3930 1864 4002">
     <span class='ocr_line' id='line_1_39' title="bbox 291 3930 1864 4002; baseline -0.003 -14"><span class='ocrx_word' id='word_1_317' title='bbox 291 3935 396 3988; x_wconf 89' lang='lat' dir='ltr'><strong>rari</strong></span> <span class='ocrx_word' id='word_1_318' title='bbox 449 3948 549 3988; x_wconf 88' lang='lat' dir='ltr'><strong>nos</strong></span> <span class='ocrx_word' id='word_1_319' title='bbox 590 3941 644 3986; x_wconf 91' lang='lat' dir='ltr'><strong>et</strong></span> <span class='ocrx_word' id='word_1_320' title='bbox 681 3932 912 4002; x_wconf 77' lang='lat' dir='ltr'><strong>gaudere</strong></span> <span class='ocrx_word' id='word_1_321' title='bbox 952 3931 1016 3984; x_wconf 89' lang='lat' dir='ltr'><strong>ad</strong></span> <span class='ocrx_word' id='word_1_322' title='bbox 1061 3930 1214 3984; x_wconf 91' lang='lat' dir='ltr'><strong>talem</strong></span> <span class='ocrx_word' id='word_1_323' title='bbox 1245 3943 1428 3984; x_wconf 90' lang='lat' dir='ltr'><strong>vocem</strong></span> <span class='ocrx_word' id='word_1_324' title='bbox 1461 3930 1864 3984; x_wconf 90' lang='lat' dir='ltr'><strong>rusticanorum.</strong></span> 
     </span>
    </p>
   </div>
   <div class='ocr_carea' id='block_1_40' title="bbox 294 4023 1870 4093">
    <p class='ocr_par' dir='ltr' id='par_1_40' title="bbox 294 4023 1870 4093">
     <span class='ocr_line' id='line_1_40' title="bbox 294 4023 1870 4093; baseline -0.001 -13"><span class='ocrx_word' id='word_1_325' title='bbox 294 4027 532 4082; x_wconf 80' lang='lat' dir='ltr'><strong>Veniunt</strong></span> <span class='ocrx_word' id='word_1_326' title='bbox 562 4026 740 4080; x_wconf 87' lang='lat' dir='ltr'><strong>nescio</strong></span> <span class='ocrx_word' id='word_1_327' title='bbox 769 4024 928 4088; x_wconf 88' lang='lat' dir='ltr'><strong>unde,</strong></span> <span class='ocrx_word' id='word_1_328' title='bbox 953 4023 1166 4078; x_wconf 86' lang='lat' dir='ltr'><strong>excitati</strong></span> <span class='ocrx_word' id='word_1_329' title='bbox 1195 4039 1224 4076; x_wconf 92' lang='lat' dir='ltr'><strong>a</strong></span> <span class='ocrx_word' id='word_1_330' title='bbox 1251 4024 1431 4078; x_wconf 90' lang='lat' dir='ltr'><strong>nescio</strong></span> <span class='ocrx_word' id='word_1_331' title='bbox 1459 4037 1563 4092; x_wconf 89' lang='lat' dir='ltr'><strong>quo</strong></span> <span class='ocrx_word' id='word_1_332' title='bbox 1592 4041 1603 4075; x_wconf 94' lang='lat'>:</span> <span class='ocrx_word' id='word_1_333' title='bbox 1638 4023 1760 4093; x_wconf 86' lang='lat' dir='ltr'><strong>quid</strong></span> <span class='ocrx_word' id='word_1_334' title='bbox 1789 4024 1870 4078; x_wconf 89' lang='lat' dir='ltr'><strong>di-</strong></span> 
     </span>
    </p>
   </div>
   <div class='ocr_carea' id='block_1_41' title="bbox 289 4115 1866 4188">
    <p class='ocr_par' dir='ltr' id='par_1_41' title="bbox 289 4115 1866 4188">
     <span class='ocr_line' id='line_1_41' title="bbox 289 4115 1866 4188; baseline -0.003 -14"><span class='ocrx_word' id='word_1_335' title='bbox 289 4135 433 4185; x_wconf 88' lang='lat' dir='ltr'><strong>cam,</strong></span> <span class='ocrx_word' id='word_1_336' title='bbox 455 4135 484 4171; x_wconf 89' lang='lat' dir='ltr'><strong>a</strong></span> <span class='ocrx_word' id='word_1_337' title='bbox 509 4119 687 4172; x_wconf 84' lang='lat' dir='ltr'><strong>nescio</strong></span> <span class='ocrx_word' id='word_1_338' title='bbox 705 4115 842 4188; x_wconf 87' lang='lat' dir='ltr'><strong>quo?</strong></span> <span class='ocrx_word' id='word_1_339' title='bbox 873 4117 982 4170; x_wconf 91' lang='lat' dir='ltr'><strong>lmo</strong></span> <span class='ocrx_word' id='word_1_340' title='bbox 1003 4117 1112 4170; x_wconf 87' lang='lat' dir='ltr'><strong>seio</strong></span> <span class='ocrx_word' id='word_1_341' title='bbox 1139 4131 1167 4170; x_wconf 92' lang='lat' dir='ltr'><strong>a</strong></span> <span class='ocrx_word' id='word_1_342' title='bbox 1193 4131 1326 4186; x_wconf 91' lang='lat' dir='ltr'><strong>quo;</strong></span> <span class='ocrx_word' id='word_1_343' title='bbox 1357 4115 1498 4184; x_wconf 89' lang='lat' dir='ltr'><strong>quia,</strong></span> <span class='ocrx_word' id='word_1_344' title='bbox 1530 4115 1691 4170; x_wconf 87' lang='lat' dir='ltr'><strong>Nemo</strong></span> <span class='ocrx_word' id='word_1_345' title='bbox 1717 4117 1866 4184; x_wconf 84' lang='lat' dir='ltr'><strong>venit,</strong></span> 
     </span>
    </p>
   </div>
   <div class='ocr_carea' id='block_1_42' title="bbox 291 4207 1872 4281">
    <p class='ocr_par' dir='ltr' id='par_1_42' title="bbox 291 4207 1872 4281">
     <span class='ocr_line' id='line_1_42' title="bbox 291 4207 1872 4281; baseline -0.001 -17"><span class='ocrx_word' id='word_1_346' title='bbox 291 4212 498 4281; x_wconf 87' lang='lat' dir='ltr'><strong>inquit,</strong></span> <span class='ocrx_word' id='word_1_347' title='bbox 555 4210 622 4263; x_wconf 89' lang='lat' dir='ltr'><strong>ad</strong></span> <span class='ocrx_word' id='word_1_348' title='bbox 664 4227 774 4272; x_wconf 89' lang='lat' dir='ltr'><strong>me,</strong></span> <span class='ocrx_word' id='word_1_349' title='bbox 819 4209 916 4262; x_wconf 85' lang='lat' dir='ltr'><strong>nisi</strong></span> <span class='ocrx_word' id='word_1_350' title='bbox 952 4225 1096 4278; x_wconf 87' lang='lat' dir='ltr'><strong>quem</strong></span> <span class='ocrx_word' id='word_1_351' title='bbox 1145 4208 1297 4261; x_wconf 90' lang='lat' dir='ltr'><strong>Pater</strong></span> <span class='ocrx_word' id='word_1_352' title='bbox 1333 4209 1611 4262; x_wconf 71' lang='lat' dir='ltr'><strong>attraxerit.</strong></span> <span class='ocrx_word' id='word_1_353' title='bbox 1645 4207 1872 4262; x_wconf 78' lang='lat' dir='ltr'><strong>Veniunt</strong></span> 
     </span>
    </p>
   </div>
   <div class='ocr_carea' id='block_1_43' title="bbox 211 4299 1872 4368">
    <p class='ocr_par' dir='ltr' id='par_1_43' title="bbox 211 4299 1872 4368">
     <span class='ocr_line' id='line_1_43' title="bbox 211 4299 1872 4368; baseline -0.002 -10"><span class='ocrx_word' id='word_1_354' title='bbox 211 4319 214 4322; x_wconf 53' lang='grc' dir='ltr'><em>ί</em></span> <span class='ocrx_word' id='word_1_355' title='bbox 293 4305 474 4358; x_wconf 86' lang='lat' dir='ltr'><strong>subito</strong></span> <span class='ocrx_word' id='word_1_356' title='bbox 499 4302 564 4357; x_wconf 87' lang='lat' dir='ltr'><strong>de</strong></span> <span class='ocrx_word' id='word_1_357' title='bbox 594 4302 721 4357; x_wconf 87' lang='lat' dir='ltr'><strong>silva</strong></span> <span class='ocrx_word' id='word_1_358' title='bbox 743 4344 758 4368; x_wconf 95' lang='lat'><strong>,</strong></span> <span class='ocrx_word' id='word_1_359' title='bbox 803 4301 870 4355; x_wconf 89' lang='lat' dir='ltr'><strong>de</strong></span> <span class='ocrx_word' id='word_1_360' title='bbox 916 4300 1149 4366; x_wconf 83' lang='lat' dir='ltr'><strong>deserto,</strong></span> <span class='ocrx_word' id='word_1_361' title='bbox 1193 4299 1260 4354; x_wconf 88' lang='lat' dir='ltr'><strong>de</strong></span> <span class='ocrx_word' id='word_1_362' title='bbox 1299 4299 1668 4354; x_wconf 87' lang='lat' dir='ltr'><strong>remotissimis</strong></span> <span class='ocrx_word' id='word_1_363' title='bbox 1699 4307 1754 4354; x_wconf 88' lang='lat' dir='ltr'><strong>et</strong></span> <span class='ocrx_word' id='word_1_364' title='bbox 1786 4315 1872 4354; x_wconf 83' lang='lat' dir='ltr'><strong>ar-</strong></span> 
     </span>
    </p>
   </div>
   <div class='ocr_carea' id='block_1_44' title="bbox 292 4390 1872 4456">
    <p class='ocr_par' dir='ltr' id='par_1_44' title="bbox 292 4390 1872 4456">
     <span class='ocr_line' id='line_1_44' title="bbox 292 4390 1872 4456; baseline -0.003 -5"><span class='ocrx_word' id='word_1_365' title='bbox 292 4397 410 4451; x_wconf 85' lang='lat' dir='ltr'><strong>duis</strong></span> <span class='ocrx_word' id='word_1_366' title='bbox 450 4395 720 4450; x_wconf 84' lang='lat' dir='ltr'><strong>montibus</strong></span> <span class='ocrx_word' id='word_1_367' title='bbox 757 4393 822 4447; x_wconf 91' lang='lat' dir='ltr'><strong>ad</strong></span> <span class='ocrx_word' id='word_1_368' title='bbox 868 4392 1182 4456; x_wconf 54' lang='lat' dir='ltr'><strong>Ecclesiam,</strong></span> <span class='ocrx_word' id='word_1_369' title='bbox 1214 4401 1266 4446; x_wconf 91' lang='lat' dir='ltr'><strong>et</strong></span> <span class='ocrx_word' id='word_1_370' title='bbox 1295 4391 1428 4446; x_wconf 90' lang='lat' dir='ltr'><strong>hanc</strong></span> <span class='ocrx_word' id='word_1_371' title='bbox 1450 4405 1633 4446; x_wconf 89' lang='lat' dir='ltr'><strong>vocem</strong></span> <span class='ocrx_word' id='word_1_372' title='bbox 1677 4390 1872 4446; x_wconf 86' lang='lat' dir='ltr'><strong>habent</strong></span> 
     </span>
    </p>
   </div>
   <div class='ocr_carea' id='block_1_45' title="bbox 295 4483 1870 4557">
    <p class='ocr_par' dir='ltr' id='par_1_45' title="bbox 295 4483 1870 4557">
     <span class='ocr_line' id='line_1_45' title="bbox 295 4483 1870 4557; baseline -0.003 -15"><span class='ocrx_word' id='word_1_373' title='bbox 295 4488 536 4557; x_wconf 84' lang='lat' dir='ltr'><strong>plerique</strong></span> <span class='ocrx_word' id='word_1_374' title='bbox 562 4497 614 4541; x_wconf 89' lang='lat' dir='ltr'><strong>et</strong></span> <span class='ocrx_word' id='word_1_375' title='bbox 642 4501 776 4555; x_wconf 86' lang='lat' dir='ltr'><strong>pene</strong></span> <span class='ocrx_word' id='word_1_376' title='bbox 805 4499 989 4539; x_wconf 91' lang='lat' dir='ltr'><strong>omnes</strong></span> <span class='ocrx_word' id='word_1_377' title='bbox 1017 4499 1222 4550; x_wconf 84' lang='lat' dir='ltr'><strong>eorum,</strong></span> <span class='ocrx_word' id='word_1_378' title='bbox 1255 4491 1311 4536; x_wconf 89' lang='lat' dir='ltr'><strong>ut</strong></span> <span class='ocrx_word' id='word_1_379' title='bbox 1335 4483 1605 4537; x_wconf 83' lang='lat' dir='ltr'><strong>videamus</strong></span> <span class='ocrx_word' id='word_1_380' title='bbox 1630 4497 1758 4538; x_wconf 85' lang='lat' dir='ltr'><strong>vere</strong></span> <span class='ocrx_word' id='word_1_381' title='bbox 1790 4483 1870 4538; x_wconf 84' lang='lat' dir='ltr'><strong>in-</strong></span> 
     </span>
    </p>
   </div>
   <div class='ocr_carea' id='block_1_46' title="bbox 293 4573 1868 4644">
    <p class='ocr_par' dir='ltr' id='par_1_46' title="bbox 293 4573 1868 4644">
     <span class='ocr_line' id='line_1_46' title="bbox 293 4573 1868 4644; baseline -0.003 -10"><span class='ocrx_word' id='word_1_382' title='bbox 293 4591 376 4634; x_wconf 90' lang='lat' dir='ltr'><strong>tns</strong></span> <span class='ocrx_word' id='word_1_383' title='bbox 417 4580 700 4635; x_wconf 88' lang='lat' dir='ltr'><strong>docentem</strong></span> <span class='ocrx_word' id='word_1_384' title='bbox 740 4579 943 4631; x_wconf 87' lang='lat' dir='ltr'><strong>Deum:</strong></span> <span class='ocrx_word' id='word_1_385' title='bbox 972 4576 1220 4644; x_wconf 89' lang='lat' dir='ltr'><strong>impletur</strong></span> <span class='ocrx_word' id='word_1_386' title='bbox 1257 4574 1524 4643; x_wconf 86' lang='lat' dir='ltr'><strong>Scriptura</strong></span> <span class='ocrx_word' id='word_1_387' title='bbox 1561 4573 1868 4644; x_wconf 81' lang='lat' dir='ltr'><strong>prephetica</strong></span> 
     </span>
    </p>
   </div>
   <div class='ocr_carea' id='block_1_47' title="bbox 292 4664 1865 4743">
    <p class='ocr_par' dir='ltr' id='par_1_47' title="bbox 292 4664 1865 4743">
     <span class='ocr_line' id='line_1_47' title="bbox 292 4664 1865 4743; baseline -0.003 -19"><span class='ocrx_word' id='word_1_388' title='bbox 292 4689 392 4743; x_wconf 88' lang='lat' dir='ltr'><strong>qua</strong></span> <span class='ocrx_word' id='word_1_389' title='bbox 422 4675 627 4728; x_wconf 88' lang='lat' dir='ltr'><strong>dictum</strong></span> <span class='ocrx_word' id='word_1_390' title='bbox 658 4680 758 4736; x_wconf 90' lang='lat' dir='ltr'><strong>est,</strong></span> <span class='ocrx_word' id='word_1_391' title='bbox 791 4669 956 4723; x_wconf 86' lang='lat' dir='ltr'><strong>Erunt</strong></span> <span class='ocrx_word' id='word_1_392' title='bbox 987 4685 1156 4722; x_wconf 88' lang='lat' dir='ltr'><strong>omnes</strong></span> <span class='ocrx_word' id='word_1_393' title='bbox 1178 4667 1410 4720; x_wconf 82' lang='lat' dir='ltr'><strong>docibiles</strong></span> <span class='ocrx_word' id='word_1_394' title='bbox 1439 4664 1546 4719; x_wconf 87' lang='lat' dir='ltr'><strong>Deo</strong></span> <span class='ocrx_word' id='word_1_395' title='bbox 1575 4665 1727 4734; x_wconf 83' lang='lat' dir='ltr'><strong>(Isai.</strong></span> <span class='ocrx_word' id='word_1_396' title='bbox 1759 4681 1865 4732; x_wconf 83' lang='lat' dir='ltr'><strong>Ltv,</strong></span> 
     </span>
    </p>
   </div>
   <div class='ocr_carea' id='block_1_48' title="bbox 295 4756 1869 4831">
    <p class='ocr_par' dir='ltr' id='par_1_48' title="bbox 295 4756 1869 4831">
     <span class='ocr_line' id='line_1_48' title="bbox 295 4756 1869 4831; baseline -0.004 -13"><span class='ocrx_word' id='word_1_397' title='bbox 295 4765 391 4828; x_wconf 82' lang='lat' dir='ltr'><strong>l5;</strong></span> <span class='ocrx_word' id='word_1_398' title='bbox 421 4764 584 4817; x_wconf 84' lang='lat' dir='ltr'><strong>Joan.</strong></span> <span class='ocrx_word' id='word_1_399' title='bbox 610 4778 680 4827; x_wconf 77' lang='grc' dir='ltr'><strong>γι,</strong></span> <span class='ocrx_word' id='word_1_400' title='bbox 703 4761 794 4825; x_wconf 72' lang='grc'><strong>44,</strong></span> <span class='ocrx_word' id='word_1_401' title='bbox 817 4759 927 4831; x_wconf 79' lang='grc'><strong>45).</strong></span> <span class='ocrx_word' id='word_1_402' title='bbox 955 4759 1090 4826; x_wconf 83' lang='lat' dir='ltr'><strong>Quid</strong></span> <span class='ocrx_word' id='word_1_403' title='bbox 1120 4756 1452 4822; x_wconf 88' lang='lat' dir='ltr'><strong>desideratis,</strong></span> <span class='ocrx_word' id='word_1_404' title='bbox 1477 4757 1698 4812; x_wconf 87' lang='lat' dir='ltr'><strong>dicimus</strong></span> <span class='ocrx_word' id='word_1_405' title='bbox 1724 4757 1869 4812; x_wconf 88' lang='lat' dir='ltr'><strong>illis?</strong></span> 
     </span>
    </p>
   </div>
   <div class='ocr_carea' id='block_1_49' title="bbox 291 4845 1866 4920">
    <p class='ocr_par' dir='ltr' id='par_1_49' title="bbox 291 4845 1866 4920">
     <span class='ocr_line' id='line_1_49' title="bbox 291 4845 1866 4920; baseline -0.005 -12"><span class='ocrx_word' id='word_1_406' title='bbox 291 4853 358 4908; x_wconf 87' lang='lat' dir='ltr'><strong>Et</strong></span> <span class='ocrx_word' id='word_1_407' title='bbox 385 4854 458 4908; x_wconf 92' lang='lat' dir='ltr'><strong>illi</strong></span> <span class='ocrx_word' id='word_1_408' title='bbox 495 4872 514 4908; x_wconf 89' lang='lat'><strong>:</strong></span> <span class='ocrx_word' id='word_1_409' title='bbox 549 4852 740 4906; x_wconf 81' lang='lat' dir='ltr'><strong>Videre</strong></span> <span class='ocrx_word' id='word_1_410' title='bbox 763 4851 980 4920; x_wconf 79' lang='lat' dir='ltr'><strong>gloriam</strong></span> <span class='ocrx_word' id='word_1_411' title='bbox 1013 4848 1127 4902; x_wconf 89' lang='lat' dir='ltr'><strong>Dei.</strong></span> <span class='ocrx_word' id='word_1_412' title='bbox 1159 4845 1342 4902; x_wconf 84' lang='lat' dir='ltr'><strong>Omnes</strong></span> <span class='ocrx_word' id='word_1_413' title='bbox 1361 4848 1490 4901; x_wconf 65' lang='lat' dir='ltr'><strong>estita</strong></span> <span class='ocrx_word' id='word_1_414' title='bbox 1523 4857 1866 4916; x_wconf 79' lang='lat' dir='ltr'><strong>peccaverunt,</strong></span> 
     </span>
    </p>
   </div>
   <div class='ocr_carea' id='block_1_50' title="bbox 293 4941 1870 5017">
    <p class='ocr_par' dir='ltr' id='par_1_50' title="bbox 293 4941 1870 5017">
     <span class='ocr_line' id='line_1_50' title="bbox 293 4941 1870 5017; baseline -0.003 -17"><span class='ocrx_word' id='word_1_415' title='bbox 293 4956 336 5000; x_wconf 77' lang='lat' dir='ltr'><strong>et</strong></span> <span class='ocrx_word' id='word_1_416' title='bbox 363 4955 508 5017; x_wconf 86' lang='lat' dir='ltr'><strong>egent</strong></span> <span class='ocrx_word' id='word_1_417' title='bbox 537 4946 697 5016; x_wconf 88' lang='lat' dir='ltr'><strong>gloria</strong></span> <span class='ocrx_word' id='word_1_418' title='bbox 719 4944 810 4998; x_wconf 81' lang='lat' dir='ltr'><strong>Dei</strong></span> <span class='ocrx_word' id='word_1_419' title='bbox 838 4943 1012 5014; x_wconf 83' lang='lat' dir='ltr'><strong>(Rom.</strong></span> <span class='ocrx_word' id='word_1_420' title='bbox 1038 4959 1114 5006; x_wconf 89' lang='grc' dir='ltr'>ιιι,</span> <span class='ocrx_word' id='word_1_421' title='bbox 1133 4941 1246 5014; x_wconf 71' lang='grc'><strong>25).</strong></span> <span class='ocrx_word' id='word_1_422' title='bbox 1277 4941 1528 5006; x_wconf 85' lang='lat' dir='ltr'><strong>Credunt,</strong></span> <span class='ocrx_word' id='word_1_423' title='bbox 1555 4957 1870 4996; x_wconf 89' lang='lat' dir='ltr'><strong>consecran-</strong></span> 
     </span>
    </p>
   </div>
   <div class='ocr_carea' id='block_1_51' title="bbox 294 5033 1867 5108">
    <p class='ocr_par' dir='ltr' id='par_1_51' title="bbox 294 5033 1867 5108">
     <span class='ocr_line' id='line_1_51' title="bbox 294 5033 1867 5108; baseline -0.006 -13"><span class='ocrx_word' id='word_1_424' title='bbox 294 5052 410 5108; x_wconf 89' lang='lat' dir='ltr'><strong>tur,</strong></span> <span class='ocrx_word' id='word_1_425' title='bbox 455 5040 684 5094; x_wconf 88' lang='lat' dir='ltr'><strong>clericos</strong></span> <span class='ocrx_word' id='word_1_426' title='bbox 718 5039 816 5093; x_wconf 83' lang='lat' dir='ltr'><strong>sibi</strong></span> <span class='ocrx_word' id='word_1_427' title='bbox 859 5036 1092 5092; x_wconf 89' lang='lat' dir='ltr'><strong>ordinari</strong></span> <span class='ocrx_word' id='word_1_428' title='bbox 1122 5037 1358 5105; x_wconf 82' lang='lat' dir='ltr'><strong>exigunt.</strong></span> <span class='ocrx_word' id='word_1_429' title='bbox 1389 5033 1572 5088; x_wconf 87' lang='lat' dir='ltr'><strong>Nonne</strong></span> <span class='ocrx_word' id='word_1_430' title='bbox 1600 5034 1867 5103; x_wconf 88' lang='lat' dir='ltr'><strong>impletur,</strong></span> 
     </span>
    </p>
   </div>
   <div class='ocr_carea' id='block_1_52' title="bbox 301 5127 1139 5188">
    <p class='ocr_par' dir='ltr' id='par_1_52' title="bbox 301 5127 1139 5188">
     <span class='ocr_line' id='line_1_52' title="bbox 301 5127 1139 5188; baseline -0.01 0"><span class='ocrx_word' id='word_1_431' title='bbox 301 5132 360 5188; x_wconf 78' lang='lat' dir='ltr'><strong>Et</strong></span> <span class='ocrx_word' id='word_1_432' title='bbox 386 5133 438 5186; x_wconf 84' lang='lat' dir='ltr'><strong>in</strong></span> <span class='ocrx_word' id='word_1_433' title='bbox 463 5132 622 5186; x_wconf 77' lang='lat' dir='ltr'><strong>seruis</strong></span> <span class='ocrx_word' id='word_1_434' title='bbox 646 5131 749 5184; x_wconf 85' lang='lat' dir='ltr'><strong>suis</strong></span> <span class='ocrx_word' id='word_1_435' title='bbox 774 5128 1092 5184; x_wconf 83' lang='lat' dir='ltr'><strong>advocabitur</strong></span> <span class='ocrx_word' id='word_1_436' title='bbox 1113 5127 1139 5180; x_wconf 85' lang='lat'><strong><em>?</em></strong></span> 
     </span>
    </p>
   </div>
   <div class='ocr_carea' id='block_1_53' title="bbox 361 5217 1871 5298">
    <p class='ocr_par' dir='ltr' id='par_1_53' title="bbox 361 5217 1871 5298">
     <span class='ocr_line' id='line_1_53' title="bbox 361 5217 1871 5298; baseline -0.004 -19"><span class='ocrx_word' id='word_1_437' title='bbox 361 5225 452 5280; x_wconf 76' lang='lat'><strong>25.</strong></span> <span class='ocrx_word' id='word_1_438' title='bbox 488 5223 642 5296; x_wconf 64' lang='lat' dir='ltr'><strong>[rem</strong></span> <span class='ocrx_word' id='word_1_439' title='bbox 666 5217 879 5293; x_wconf 71' lang='lat'><strong>15-17.]</strong></span> <span class='ocrx_word' id='word_1_440' title='bbox 902 5221 1132 5289; x_wconf 88' lang='lat' dir='ltr'><strong>Denique</strong></span> <span class='ocrx_word' id='word_1_441' title='bbox 1161 5228 1278 5289; x_wconf 88' lang='lat' dir='ltr'><strong>post</strong></span> <span class='ocrx_word' id='word_1_442' title='bbox 1322 5219 1474 5273; x_wconf 89' lang='lat' dir='ltr'><strong>istam</strong></span> <span class='ocrx_word' id='word_1_443' title='bbox 1498 5227 1660 5298; x_wconf 84' lang='lat' dir='ltr'><strong>totam</strong></span> <span class='ocrx_word' id='word_1_444' title='bbox 1689 5217 1871 5289; x_wconf 91' lang='lat' dir='ltr'><strong>dispo-</strong></span> 
     </span>
    </p>
   </div>
   <div class='ocr_carea' id='block_1_54' title="bbox 295 5311 1870 5384">
    <p class='ocr_par' dir='ltr' id='par_1_54' title="bbox 295 5311 1870 5384">
     <span class='ocr_line' id='line_1_54' title="bbox 295 5311 1870 5384; baseline -0.003 -12"><span class='ocrx_word' id='word_1_445' title='bbox 295 5320 545 5374; x_wconf 87' lang='lat' dir='ltr'><strong>sitionem</strong></span> <span class='ocrx_word' id='word_1_446' title='bbox 574 5325 629 5370; x_wconf 88' lang='lat' dir='ltr'><strong>et</strong></span> <span class='ocrx_word' id='word_1_447' title='bbox 653 5314 1120 5384; x_wconf 82' lang='lat' dir='ltr'><strong>dispensationem,</strong></span> <span class='ocrx_word' id='word_1_448' title='bbox 1152 5312 1413 5366; x_wconf 88' lang='lat' dir='ltr'><strong>convertit</strong></span> <span class='ocrx_word' id='word_1_449' title='bbox 1443 5326 1500 5365; x_wconf 91' lang='lat' dir='ltr'><strong>se</strong></span> <span class='ocrx_word' id='word_1_450' title='bbox 1525 5311 1754 5380; x_wconf 88' lang='lat' dir='ltr'><strong>Spiritus</strong></span> <span class='ocrx_word' id='word_1_451' title='bbox 1777 5312 1870 5367; x_wconf 90' lang='lat' dir='ltr'><strong>Dei</strong></span> 
     </span>
    </p>
   </div>
   <div class='ocr_carea' id='block_1_55' title="bbox 295 5403 1871 5480">
    <p class='ocr_par' dir='ltr' id='par_1_55' title="bbox 295 5403 1871 5480">
     <span class='ocr_line' id='line_1_55' title="bbox 295 5403 1871 5480; baseline -0.003 -16"><span class='ocrx_word' id='word_1_452' title='bbox 295 5409 360 5464; x_wconf 88' lang='lat' dir='ltr'><strong>ad</strong></span> <span class='ocrx_word' id='word_1_453' title='bbox 386 5407 762 5480; x_wconf 86' lang='lat' dir='ltr'><strong>exprobranda</strong></span> <span class='ocrx_word' id='word_1_454' title='bbox 787 5416 836 5461; x_wconf 90' lang='lat' dir='ltr'><strong>et</strong></span> <span class='ocrx_word' id='word_1_455' title='bbox 865 5404 1126 5460; x_wconf 82' lang='lat' dir='ltr'><strong>irridenda</strong></span> <span class='ocrx_word' id='word_1_456' title='bbox 1154 5404 1290 5458; x_wconf 89' lang='lat' dir='ltr'><strong>idola</strong></span> <span class='ocrx_word' id='word_1_457' title='bbox 1309 5445 1322 5468; x_wconf 91' lang='lat'><strong>,</strong></span> <span class='ocrx_word' id='word_1_458' title='bbox 1361 5419 1478 5472; x_wconf 72' lang='lat' dir='ltr'><strong>qua:</strong></span> <span class='ocrx_word' id='word_1_459' title='bbox 1499 5405 1607 5472; x_wconf 89' lang='lat' dir='ltr'><strong>jam</strong></span> <span class='ocrx_word' id='word_1_460' title='bbox 1639 5403 1871 5459; x_wconf 87' lang='lat' dir='ltr'><strong>irriden-</strong></span> 
     </span>
    </p>
   </div>
   <div class='ocr_carea' id='block_1_56' title="bbox 297 5497 1867 5569">
    <p class='ocr_par' dir='ltr' id='par_1_56' title="bbox 297 5497 1867 5569">
     <span class='ocr_line' id='line_1_56' title="bbox 297 5497 1867 5569; baseline -0.004 -11"><span class='ocrx_word' id='word_1_461' title='bbox 297 5512 384 5559; x_wconf 91' lang='lat' dir='ltr'><strong>tur</strong></span> <span class='ocrx_word' id='word_1_462' title='bbox 409 5520 440 5558; x_wconf 91' lang='lat' dir='ltr'><strong>a</strong></span> <span class='ocrx_word' id='word_1_463' title='bbox 462 5502 758 5558; x_wconf 87' lang='lat' dir='ltr'><strong>cultoribus</strong></span> <span class='ocrx_word' id='word_1_464' title='bbox 785 5499 892 5555; x_wconf 91' lang='lat' dir='ltr'><strong>suis</strong></span> <span class='ocrx_word' id='word_1_465' title='bbox 917 5517 930 5550; x_wconf 91' lang='lat'><strong>:</strong></span> <span class='ocrx_word' id='word_1_466' title='bbox 959 5497 1112 5552; x_wconf 83' lang='lat' dir='ltr'><strong>ldola</strong></span> <span class='ocrx_word' id='word_1_467' title='bbox 1133 5497 1364 5552; x_wconf 81' lang='lat' dir='ltr'><strong>Gentium</strong></span> <span class='ocrx_word' id='word_1_468' title='bbox 1389 5509 1654 5569; x_wconf 85' lang='lat' dir='ltr'><strong>argentum</strong></span> <span class='ocrx_word' id='word_1_469' title='bbox 1690 5509 1736 5552; x_wconf 89' lang='lat' dir='ltr'><strong>et</strong></span> <span class='ocrx_word' id='word_1_470' title='bbox 1769 5514 1867 5552; x_wconf 88' lang='lat' dir='ltr'><strong>au-</strong></span> 
     </span>
    </p>
   </div>
   <div class='ocr_carea' id='block_1_57' title="bbox 297 5589 1871 5660">
    <p class='ocr_par' dir='ltr' id='par_1_57' title="bbox 297 5589 1871 5660">
     <span class='ocr_line' id='line_1_57' title="bbox 297 5589 1871 5660; baseline -0.004 -9"><span class='ocrx_word' id='word_1_471' title='bbox 297 5613 430 5651; x_wconf 78' lang='lat' dir='ltr'><strong>rum.</strong></span> <span class='ocrx_word' id='word_1_472' title='bbox 462 5596 564 5651; x_wconf 87' lang='lat' dir='ltr'><strong>Ista</strong></span> <span class='ocrx_word' id='word_1_473' title='bbox 592 5594 768 5650; x_wconf 87' lang='lat' dir='ltr'><strong>omnia</strong></span> <span class='ocrx_word' id='word_1_474' title='bbox 803 5592 913 5647; x_wconf 89' lang='lat' dir='ltr'><strong>Deo</strong></span> <span class='ocrx_word' id='word_1_475' title='bbox 937 5590 1181 5655; x_wconf 87' lang='lat' dir='ltr'><strong>faciente,</strong></span> <span class='ocrx_word' id='word_1_476' title='bbox 1206 5591 1294 5660; x_wconf 90' lang='lat' dir='ltr'><strong>qui</strong></span> <span class='ocrx_word' id='word_1_477' title='bbox 1327 5590 1378 5643; x_wconf 94' lang='lat' dir='ltr'><strong>in</strong></span> <span class='ocrx_word' id='word_1_478' title='bbox 1405 5589 1543 5644; x_wconf 66' lang='lat' dir='ltr'><strong>caelo</strong></span> <span class='ocrx_word' id='word_1_479' title='bbox 1574 5600 1628 5644; x_wconf 88' lang='lat' dir='ltr'><strong>et</strong></span> <span class='ocrx_word' id='word_1_480' title='bbox 1657 5593 1708 5643; x_wconf 92' lang='lat' dir='ltr'><strong>in</strong></span> <span class='ocrx_word' id='word_1_481' title='bbox 1732 5597 1871 5644; x_wconf 90' lang='lat' dir='ltr'><strong>terra</strong></span> 
     </span>
    </p>
   </div>
   <div class='ocr_carea' id='block_1_58' title="bbox 297 5679 1870 5757">
    <p class='ocr_par' dir='ltr' id='par_1_58' title="bbox 297 5679 1870 5757">
     <span class='ocr_line' id='line_1_58' title="bbox 297 5679 1870 5757; baseline -0.004 -15"><span class='ocrx_word' id='word_1_482' title='bbox 297 5687 477 5742; x_wconf 85' lang='lat' dir='ltr'><strong>omnia</strong></span> <span class='ocrx_word' id='word_1_483' title='bbox 515 5698 862 5757; x_wconf 61' lang='lat' dir='ltr'><strong>quaecumque</strong></span> <span class='ocrx_word' id='word_1_484' title='bbox 887 5681 1048 5736; x_wconf 82' lang='lat' dir='ltr'><strong>voluit</strong></span> <span class='ocrx_word' id='word_1_485' title='bbox 1075 5679 1219 5748; x_wconf 91' lang='lat' dir='ltr'><strong>fecit,</strong></span> <span class='ocrx_word' id='word_1_486' title='bbox 1253 5682 1342 5749; x_wconf 90' lang='lat' dir='ltr'><strong>qui</strong></span> <span class='ocrx_word' id='word_1_487' title='bbox 1379 5679 1633 5749; x_wconf 87' lang='lat' dir='ltr'><strong>judicavit</strong></span> <span class='ocrx_word' id='word_1_488' title='bbox 1662 5680 1870 5750; x_wconf 90' lang='lat' dir='ltr'><strong>plebem</strong></span> 
     </span>
    </p>
   </div>
   <div class='ocr_carea' id='block_1_59' title="bbox 361 5811 1595 5875">
    <p class='ocr_par' dir='ltr' id='par_1_59' title="bbox 361 5811 1595 5875">
     <span class='ocr_line' id='line_1_59' title="bbox 361 5811 1595 5875; baseline -0.006 -6"><span class='ocrx_word' id='word_1_489' title='bbox 361 5819 380 5852; x_wconf 78' lang='grc'>³</span> <span class='ocrx_word' id='word_1_490' title='bbox 415 5821 491 5869; x_wconf 84' lang='lat' dir='ltr'><strong>Sic</strong></span> <span class='ocrx_word' id='word_1_491' title='bbox 513 5827 616 5869; x_wconf 79' lang='lat' dir='ltr'><strong>Mss.</strong></span> <span class='ocrx_word' id='word_1_492' title='bbox 644 5825 698 5868; x_wconf 74' lang='lat' dir='ltr'><strong>At</strong></span> <span class='ocrx_word' id='word_1_493' title='bbox 713 5816 846 5874; x_wconf 81' lang='lat' dir='ltr'><strong>Edd.,</strong></span> <span class='ocrx_word' id='word_1_494' title='bbox 859 5811 1174 5865; x_wconf 83' lang='lat' dir='ltr'><strong>testimonium</strong></span> <span class='ocrx_word' id='word_1_495' title='bbox 1193 5825 1258 5864; x_wconf 78' lang='lat' dir='ltr'><strong>ea:</strong></span> <span class='ocrx_word' id='word_1_496' title='bbox 1274 5818 1318 5863; x_wconf 85' lang='lat' dir='ltr'><strong>te</strong></span> <span class='ocrx_word' id='word_1_497' title='bbox 1339 5823 1595 5875; x_wconf 76' lang='lat' dir='ltr'><strong>exponere.</strong></span> 
     </span>
    </p>
   </div>
   <div class='ocr_carea' id='block_1_60' title="bbox 365 5875 1560 5938">
    <p class='ocr_par' dir='ltr' id='par_1_60' title="bbox 365 5875 1560 5938">
     <span class='ocr_line' id='line_1_60' title="bbox 365 5875 1560 5938; baseline -0.007 -7"><span class='ocrx_word' id='word_1_498' title='bbox 365 5881 390 5914; x_wconf 65' lang='grc' dir='ltr'>θ</span> <span class='ocrx_word' id='word_1_499' title='bbox 420 5882 496 5931; x_wconf 82' lang='lat' dir='ltr'><strong>Sic</strong></span> <span class='ocrx_word' id='word_1_500' title='bbox 516 5889 623 5932; x_wconf 74' lang='lat' dir='ltr'><strong>Mss.</strong></span> <span class='ocrx_word' id='word_1_501' title='bbox 657 5889 716 5930; x_wconf 84' lang='grc' dir='ltr'>Αι</span> <span class='ocrx_word' id='word_1_502' title='bbox 736 5879 847 5928; x_wconf 72' lang='lat' dir='ltr'><strong>Fdd.</strong></span> <span class='ocrx_word' id='word_1_503' title='bbox 864 5879 954 5928; x_wconf 88' lang='lat' dir='ltr'><strong>hoc</strong></span> <span class='ocrx_word' id='word_1_504' title='bbox 973 5884 1025 5926; x_wconf 85' lang='lat' dir='ltr'><strong>et</strong></span> <span class='ocrx_word' id='word_1_505' title='bbox 1041 5879 1258 5938; x_wconf 87' lang='lat' dir='ltr'><strong>proximo</strong></span> <span class='ocrx_word' id='word_1_506' title='bbox 1281 5875 1406 5935; x_wconf 84' lang='lat' dir='ltr'><strong>loco,</strong></span> <span class='ocrx_word' id='word_1_507' title='bbox 1421 5875 1560 5925; x_wconf 71' lang='lat' dir='ltr'><strong>uertit.</strong></span> 
     </span>
    </p>
   </div>
   <div class='ocr_carea' id='block_1_61' title="bbox 1349 389 2515 454">
    <p class='ocr_par' dir='ltr' id='par_1_61' title="bbox 1349 389 2515 454">
     <span class='ocr_line' id='line_1_61' title="bbox 1349 389 2515 454; baseline -0.003 0"><span class='ocrx_word' id='word_1_508' title='bbox 1349 391 1744 454; x_wconf 76' lang='lat' dir='ltr'><strong>ENARRATIO</strong></span> <span class='ocrx_word' id='word_1_509' title='bbox 1781 389 1845 448; x_wconf 81' lang='lat' dir='ltr'><strong>IN</strong></span> <span class='ocrx_word' id='word_1_510' title='bbox 1881 389 2200 448; x_wconf 70' lang='lat' dir='ltr'><strong>PSALMUM</strong></span> <span class='ocrx_word' id='word_1_511' title='bbox 2237 393 2515 451; x_wconf 86' lang='lat' dir='ltr'><strong>CXXXIV.</strong></span> 
     </span>
    </p>
   </div>
   <div class='ocr_carea' id='block_1_62' title="bbox 3411 396 3546 455">
    <p class='ocr_par' dir='ltr' id='par_1_62' title="bbox 3411 396 3546 455">
     <span class='ocr_line' id='line_1_62' title="bbox 3411 396 3546 455; baseline -0.007 0"><span class='ocrx_word' id='word_1_512' title='bbox 3411 396 3546 455; x_wconf 69' lang='grc'><strong>1754</strong></span> 
     </span>
    </p>
   </div>
   <div class='ocr_carea' id='block_1_63' title="bbox 1979 509 3541 588">
    <p class='ocr_par' dir='ltr' id='par_1_63' title="bbox 1979 509 3541 588">
     <span class='ocr_line' id='line_1_63' title="bbox 1979 509 3541 588; baseline 0.006 -28"><span class='ocrx_word' id='word_1_513' title='bbox 1979 521 2152 575; x_wconf 89' lang='lat' dir='ltr'><strong>suam,</strong></span> <span class='ocrx_word' id='word_1_514' title='bbox 2181 509 2315 564; x_wconf 91' lang='lat' dir='ltr'><strong>etin</strong></span> <span class='ocrx_word' id='word_1_515' title='bbox 2355 510 2522 566; x_wconf 90' lang='lat' dir='ltr'><strong>servis</strong></span> <span class='ocrx_word' id='word_1_516' title='bbox 2559 511 2668 566; x_wconf 88' lang='lat' dir='ltr'><strong>suis</strong></span> <span class='ocrx_word' id='word_1_517' title='bbox 2707 511 3074 582; x_wconf 83' lang='lat' dir='ltr'><strong>advocabitur;</strong></span> <span class='ocrx_word' id='word_1_518' title='bbox 3100 517 3224 587; x_wconf 90' lang='lat' dir='ltr'><strong>quid</strong></span> <span class='ocrx_word' id='word_1_519' title='bbox 3255 529 3420 574; x_wconf 89' lang='lat' dir='ltr'><strong>restat</strong></span> <span class='ocrx_word' id='word_1_520' title='bbox 3445 519 3541 588; x_wconf 72' lang='lat' dir='ltr'><strong>lig-</strong></span> 
     </span>
    </p>
   </div>
   <div class='ocr_carea' id='block_1_64' title="bbox 1975 603 3545 674">
    <p class='ocr_par' dir='ltr' id='par_1_64' title="bbox 1975 603 3545 674">
     <span class='ocr_line' id='line_1_64' title="bbox 1975 603 3545 674; baseline 0.01 -20"><span class='ocrx_word' id='word_1_521' title='bbox 1975 610 2210 656; x_wconf 89' lang='lat' dir='ltr'><strong>mentum</strong></span> <span class='ocrx_word' id='word_1_522' title='bbox 2231 645 2246 670; x_wconf 92' lang='lat'><strong>,</strong></span> <span class='ocrx_word' id='word_1_523' title='bbox 2284 603 2384 658; x_wconf 91' lang='lat' dir='ltr'><strong>nisi</strong></span> <span class='ocrx_word' id='word_1_524' title='bbox 2413 604 2723 674; x_wconf 88' lang='lat' dir='ltr'><strong>ridendum,</strong></span> <span class='ocrx_word' id='word_1_525' title='bbox 2745 623 2851 662; x_wconf 88' lang='lat' dir='ltr'><strong>non</strong></span> <span class='ocrx_word' id='word_1_526' title='bbox 2877 610 3228 666; x_wconf 86' lang='lat' dir='ltr'><strong>adorandum?</strong></span> <span class='ocrx_word' id='word_1_527' title='bbox 3247 612 3388 667; x_wconf 85' lang='lat' dir='ltr'><strong>Idola</strong></span> <span class='ocrx_word' id='word_1_528' title='bbox 3406 613 3545 670; x_wconf 87' lang='lat' dir='ltr'><strong>Gen-</strong></span> 
     </span>
    </p>
   </div>
   <div class='ocr_carea' id='block_1_65' title="bbox 1983 695 3545 766">
    <p class='ocr_par' dir='ltr' id='par_1_65' title="bbox 1983 695 3545 766">
     <span class='ocr_line' id='line_1_65' title="bbox 1983 695 3545 766; baseline 0.011 -18"><span class='ocrx_word' id='word_1_529' title='bbox 1983 695 2112 749; x_wconf 89' lang='lat' dir='ltr'><strong>tium</strong></span> <span class='ocrx_word' id='word_1_530' title='bbox 2138 696 2376 750; x_wconf 83' lang='lat' dir='ltr'><strong>dicturus</strong></span> <span class='ocrx_word' id='word_1_531' title='bbox 2409 708 2524 753; x_wconf 90' lang='lat' dir='ltr'><strong>erat</strong></span> <span class='ocrx_word' id='word_1_532' title='bbox 2561 699 2816 766; x_wconf 89' lang='lat' dir='ltr'><strong>fortasse,</strong></span> <span class='ocrx_word' id='word_1_533' title='bbox 2852 711 2910 756; x_wconf 92' lang='lat' dir='ltr'><strong>ut</strong></span> <span class='ocrx_word' id='word_1_534' title='bbox 2955 714 3419 762; x_wconf 82' lang='lat' dir='ltr'><strong>contemneremus</strong></span> <span class='ocrx_word' id='word_1_535' title='bbox 3447 709 3545 766; x_wconf 86' lang='lat' dir='ltr'><strong>ista</strong></span> 
     </span>
    </p>
   </div>
   <div class='ocr_carea' id='block_1_66' title="bbox 1974 777 3541 870">
    <p class='ocr_par' dir='ltr' id='par_1_66' title="bbox 1974 777 3541 870">
     <span class='ocr_line' id='line_1_66' title="bbox 1974 777 3541 870; baseline 0.01 -33"><span class='ocrx_word' id='word_1_536' title='bbox 1974 787 2151 840; x_wconf 91' lang='lat' dir='ltr'><strong>omnia</strong></span> <span class='ocrx_word' id='word_1_537' title='bbox 2176 804 2190 851; x_wconf 87' lang='lat'><strong>;</strong></span> <span class='ocrx_word' id='word_1_538' title='bbox 2217 777 2455 844; x_wconf 88' lang='lat' dir='ltr'><strong>dicturus</strong></span> <span class='ocrx_word' id='word_1_539' title='bbox 2480 801 2592 844; x_wconf 89' lang='lat' dir='ltr'><strong>erat</strong></span> <span class='ocrx_word' id='word_1_540' title='bbox 2623 791 2759 845; x_wconf 89' lang='lat' dir='ltr'><strong>idola</strong></span> <span class='ocrx_word' id='word_1_541' title='bbox 2785 791 3054 862; x_wconf 87' lang='lat' dir='ltr'><strong>Gentium,</strong></span> <span class='ocrx_word' id='word_1_542' title='bbox 3081 796 3278 866; x_wconf 83' lang='lat' dir='ltr'><strong>lapides</strong></span> <span class='ocrx_word' id='word_1_543' title='bbox 3309 811 3358 852; x_wconf 88' lang='lat' dir='ltr'><strong>et</strong></span> <span class='ocrx_word' id='word_1_544' title='bbox 3383 799 3541 870; x_wconf 84' lang='lat' dir='ltr'><strong>ligna,</strong></span> 
     </span>
    </p>
   </div>
   <div class='ocr_carea' id='block_1_67' title="bbox 1974 882 3539 948">
    <p class='ocr_par' dir='ltr' id='par_1_67' title="bbox 1974 882 3539 948">
     <span class='ocr_line' id='line_1_67' title="bbox 1974 882 3539 948; baseline 0.009 -17"><span class='ocrx_word' id='word_1_545' title='bbox 1974 892 2194 948; x_wconf 77' lang='lat' dir='ltr'><strong>gypsum</strong></span> <span class='ocrx_word' id='word_1_546' title='bbox 2219 889 2272 934; x_wconf 90' lang='lat' dir='ltr'><strong>et</strong></span> <span class='ocrx_word' id='word_1_547' title='bbox 2303 883 2529 934; x_wconf 86' lang='lat' dir='ltr'><strong>testam?</strong></span> <span class='ocrx_word' id='word_1_548' title='bbox 2553 882 2667 937; x_wconf 87' lang='lat' dir='ltr'><strong>Non</strong></span> <span class='ocrx_word' id='word_1_549' title='bbox 2703 883 2814 937; x_wconf 55' lang='lat' dir='ltr'><strong>haec</strong></span> <span class='ocrx_word' id='word_1_550' title='bbox 2843 885 2994 948; x_wconf 83' lang='lat' dir='ltr'><strong>dico;</strong></span> <span class='ocrx_word' id='word_1_551' title='bbox 3029 886 3148 942; x_wconf 81' lang='lat' dir='ltr'><strong>vilis</strong></span> <span class='ocrx_word' id='word_1_552' title='bbox 3172 890 3390 944; x_wconf 88' lang='lat' dir='ltr'><strong>materia</strong></span> <span class='ocrx_word' id='word_1_553' title='bbox 3413 900 3493 945; x_wconf 87' lang='lat' dir='ltr'><strong>est</strong></span> <span class='ocrx_word' id='word_1_554' title='bbox 3525 911 3539 946; x_wconf 94' lang='lat'>:</span> 
     </span>
    </p>
   </div>
   <div class='ocr_carea' id='block_1_68' title="bbox 1973 968 3542 1048">
    <p class='ocr_par' dir='ltr' id='par_1_68' title="bbox 1973 968 3542 1048">
     <span class='ocr_line' id='line_1_68' title="bbox 1973 968 3542 1048; baseline 0.01 -27"><span class='ocrx_word' id='word_1_555' title='bbox 1973 968 2100 1022; x_wconf 91' lang='lat' dir='ltr'><strong>illud</strong></span> <span class='ocrx_word' id='word_1_556' title='bbox 2117 971 2256 1039; x_wconf 89' lang='lat' dir='ltr'><strong>quod</strong></span> <span class='ocrx_word' id='word_1_557' title='bbox 2279 971 2428 1025; x_wconf 83' lang='lat' dir='ltr'><strong>valde</strong></span> <span class='ocrx_word' id='word_1_558' title='bbox 2458 985 2656 1038; x_wconf 82' lang='lat' dir='ltr'><strong>amant,</strong></span> <span class='ocrx_word' id='word_1_559' title='bbox 2674 974 2755 1029; x_wconf 87' lang='lat' dir='ltr'><strong>vel</strong></span> <span class='ocrx_word' id='word_1_560' title='bbox 2775 975 2915 1046; x_wconf 89' lang='lat' dir='ltr'><strong>quod</strong></span> <span class='ocrx_word' id='word_1_561' title='bbox 2945 976 3094 1032; x_wconf 83' lang='lat' dir='ltr'><strong>valde</strong></span> <span class='ocrx_word' id='word_1_562' title='bbox 3116 978 3380 1035; x_wconf 88' lang='lat' dir='ltr'><strong>honorant</strong></span> <span class='ocrx_word' id='word_1_563' title='bbox 3400 981 3542 1048; x_wconf 90' lang='lat' dir='ltr'><strong>dico,</strong></span> 
     </span>
    </p>
   </div>
   <div class='ocr_carea' id='block_1_69' title="bbox 1973 1057 3540 1142">
    <p class='ocr_par' dir='ltr' id='par_1_69' title="bbox 1973 1057 3540 1142">
     <span class='ocr_line' id='line_1_69' title="bbox 1973 1057 3540 1142; baseline 0.01 -30"><span class='ocrx_word' id='word_1_564' title='bbox 1973 1058 2127 1113; x_wconf 83' lang='lat' dir='ltr'><strong>ldola</strong></span> <span class='ocrx_word' id='word_1_565' title='bbox 2153 1059 2384 1116; x_wconf 83' lang='lat' dir='ltr'><strong>Gentium</strong></span> <span class='ocrx_word' id='word_1_566' title='bbox 2411 1076 2672 1136; x_wconf 84' lang='lat' dir='ltr'><strong>argentum</strong></span> <span class='ocrx_word' id='word_1_567' title='bbox 2701 1079 2744 1121; x_wconf 83' lang='lat' dir='ltr'><strong>et</strong></span> <span class='ocrx_word' id='word_1_568' title='bbox 2771 1086 2974 1122; x_wconf 85' lang='lat' dir='ltr'><strong>aurum.</strong></span> <span class='ocrx_word' id='word_1_569' title='bbox 3005 1057 3164 1126; x_wconf 84' lang='lat' dir='ltr'><strong>Certe</strong></span> <span class='ocrx_word' id='word_1_570' title='bbox 3207 1088 3394 1128; x_wconf 89' lang='lat' dir='ltr'><strong>aurum</strong></span> <span class='ocrx_word' id='word_1_571' title='bbox 3423 1084 3504 1130; x_wconf 85' lang='lat' dir='ltr'><strong>est</strong></span> <span class='ocrx_word' id='word_1_572' title='bbox 3525 1116 3540 1142; x_wconf 92' lang='lat'><strong>,</strong></span> 
     </span>
    </p>
   </div>
   <div class='ocr_carea' id='block_1_70' title="bbox 1973 1161 3540 1234">
    <p class='ocr_par' dir='ltr' id='par_1_70' title="bbox 1973 1161 3540 1234">
     <span class='ocr_line' id='line_1_70' title="bbox 1973 1161 3540 1234; baseline 0.009 -29"><span class='ocrx_word' id='word_1_573' title='bbox 1973 1162 2120 1206; x_wconf 89' lang='lat' dir='ltr'><strong>certe</strong></span> <span class='ocrx_word' id='word_1_574' title='bbox 2165 1163 2437 1222; x_wconf 77' lang='lat' dir='ltr'><strong>argentum</strong></span> <span class='ocrx_word' id='word_1_575' title='bbox 2472 1167 2589 1222; x_wconf 90' lang='lat' dir='ltr'><strong>est;</strong></span> <span class='ocrx_word' id='word_1_576' title='bbox 2623 1161 2876 1230; x_wconf 88' lang='lat' dir='ltr'><strong>numquid</strong></span> <span class='ocrx_word' id='word_1_577' title='bbox 2908 1161 3028 1231; x_wconf 90' lang='lat' dir='ltr'><strong>quia</strong></span> <span class='ocrx_word' id='word_1_578' title='bbox 3053 1163 3194 1218; x_wconf 86' lang='lat' dir='ltr'><strong>lucet</strong></span> <span class='ocrx_word' id='word_1_579' title='bbox 3223 1176 3498 1234; x_wconf 81' lang='lat' dir='ltr'><strong>argentum</strong></span> <span class='ocrx_word' id='word_1_580' title='bbox 3525 1208 3540 1233; x_wconf 96' lang='lat'><strong>,</strong></span> 
     </span>
    </p>
   </div>
   <div class='ocr_carea' id='block_1_71' title="bbox 1973 1244 3542 1329">
    <p class='ocr_par' dir='ltr' id='par_1_71' title="bbox 1973 1244 3542 1329">
     <span class='ocr_line' id='line_1_71' title="bbox 1973 1244 3542 1329; baseline 0.01 -31"><span class='ocrx_word' id='word_1_581' title='bbox 1973 1244 2116 1299; x_wconf 88' lang='lat' dir='ltr'><strong>lucet</strong></span> <span class='ocrx_word' id='word_1_582' title='bbox 2143 1261 2348 1312; x_wconf 89' lang='lat' dir='ltr'><strong>aurum,</strong></span> <span class='ocrx_word' id='word_1_583' title='bbox 2383 1249 2500 1303; x_wconf 91' lang='lat' dir='ltr'><strong>ideo</strong></span> <span class='ocrx_word' id='word_1_584' title='bbox 2525 1251 2708 1306; x_wconf 91' lang='lat' dir='ltr'><strong>oculos</strong></span> <span class='ocrx_word' id='word_1_585' title='bbox 2733 1252 2932 1309; x_wconf 86' lang='lat' dir='ltr'><strong>habent</strong></span> <span class='ocrx_word' id='word_1_586' title='bbox 2959 1263 3012 1309; x_wconf 88' lang='lat' dir='ltr'><strong>et</strong></span> <span class='ocrx_word' id='word_1_587' title='bbox 3033 1256 3250 1311; x_wconf 86' lang='lat' dir='ltr'><strong>vident?</strong></span> <span class='ocrx_word' id='word_1_588' title='bbox 3274 1257 3379 1323; x_wconf 90' lang='lat' dir='ltr'><strong>Sic,</strong></span> <span class='ocrx_word' id='word_1_589' title='bbox 3413 1274 3542 1329; x_wconf 78' lang='lat' dir='ltr'><strong>quo-</strong></span> 
     </span>
    </p>
   </div>
   <div class='ocr_carea' id='block_1_72' title="bbox 1977 1336 3544 1416">
    <p class='ocr_par' dir='ltr' id='par_1_72' title="bbox 1977 1336 3544 1416">
     <span class='ocr_line' id='line_1_72' title="bbox 1977 1336 3544 1416; baseline 0.011 -28"><span class='ocrx_word' id='word_1_590' title='bbox 1977 1336 2135 1390; x_wconf 90' lang='lat' dir='ltr'><strong>modo</strong></span> <span class='ocrx_word' id='word_1_591' title='bbox 2155 1347 2428 1408; x_wconf 77' lang='lat' dir='ltr'><strong>argentum</strong></span> <span class='ocrx_word' id='word_1_592' title='bbox 2453 1349 2537 1395; x_wconf 84' lang='lat' dir='ltr'><strong>est</strong></span> <span class='ocrx_word' id='word_1_593' title='bbox 2559 1385 2573 1408; x_wconf 95' lang='lat'><strong>,</strong></span> <span class='ocrx_word' id='word_1_594' title='bbox 2603 1346 2869 1412; x_wconf 91' lang='lat' dir='ltr'><strong>quomodo</strong></span> <span class='ocrx_word' id='word_1_595' title='bbox 2895 1363 3082 1403; x_wconf 91' lang='lat' dir='ltr'><strong>aurum</strong></span> <span class='ocrx_word' id='word_1_596' title='bbox 3105 1358 3188 1403; x_wconf 92' lang='lat' dir='ltr'><strong>est</strong></span> <span class='ocrx_word' id='word_1_597' title='bbox 3211 1391 3233 1416; x_wconf 54' lang='grc' dir='ltr'><strong>ι</strong></span> <span class='ocrx_word' id='word_1_598' title='bbox 3252 1352 3378 1405; x_wconf 89' lang='lat' dir='ltr'><strong>utile</strong></span> <span class='ocrx_word' id='word_1_599' title='bbox 3408 1351 3544 1407; x_wconf 92' lang='lat' dir='ltr'><strong>forte</strong></span> 
     </span>
    </p>
   </div>
   <div class='ocr_carea' id='block_1_73' title="bbox 1974 1419 3540 1508">
    <p class='ocr_par' dir='ltr' id='par_1_73' title="bbox 1974 1419 3540 1508">
     <span class='ocr_line' id='line_1_73' title="bbox 1974 1419 3540 1508; baseline 0.01 -27"><span class='ocrx_word' id='word_1_600' title='bbox 1974 1442 2156 1494; x_wconf 90' lang='lat' dir='ltr'><strong>avaro,</strong></span> <span class='ocrx_word' id='word_1_601' title='bbox 2187 1444 2292 1484; x_wconf 89' lang='lat' dir='ltr'><strong>non</strong></span> <span class='ocrx_word' id='word_1_602' title='bbox 2323 1432 2567 1502; x_wconf 78' lang='lat' dir='ltr'><strong>religiosc</strong></span> <span class='ocrx_word' id='word_1_603' title='bbox 2596 1451 2610 1499; x_wconf 91' lang='lat'><strong>;</strong></span> <span class='ocrx_word' id='word_1_604' title='bbox 2641 1437 2747 1489; x_wconf 92' lang='lat' dir='ltr'><strong>imo</strong></span> <span class='ocrx_word' id='word_1_605' title='bbox 2777 1453 2905 1492; x_wconf 84' lang='lat' dir='ltr'><strong>vero</strong></span> <span class='ocrx_word' id='word_1_606' title='bbox 2948 1454 3046 1494; x_wconf 91' lang='lat' dir='ltr'><strong>nec</strong></span> <span class='ocrx_word' id='word_1_607' title='bbox 3072 1455 3240 1496; x_wconf 70' lang='lat' dir='ltr'><strong>avaro</strong></span> <span class='ocrx_word' id='word_1_608' title='bbox 3265 1419 3393 1496; x_wconf 76' lang='lat' dir='ltr'><strong>utile</strong></span> <span class='ocrx_word' id='word_1_609' title='bbox 3414 1484 3429 1508; x_wconf 95' lang='lat'><strong>,</strong></span> <span class='ocrx_word' id='word_1_610' title='bbox 3449 1443 3540 1497; x_wconf 87' lang='lat' dir='ltr'><strong>sed</strong></span> 
     </span>
    </p>
   </div>
   <div class='ocr_carea' id='block_1_74' title="bbox 1973 1518 3540 1600">
    <p class='ocr_par' dir='ltr' id='par_1_74' title="bbox 1973 1518 3540 1600">
     <span class='ocr_line' id='line_1_74' title="bbox 1973 1518 3540 1600; baseline 0.01 -28"><span class='ocrx_word' id='word_1_611' title='bbox 1973 1518 2104 1574; x_wconf 89' lang='lat' dir='ltr'><strong>utile</strong></span> <span class='ocrx_word' id='word_1_612' title='bbox 2133 1519 2269 1576; x_wconf 89' lang='lat' dir='ltr'><strong>bene</strong></span> <span class='ocrx_word' id='word_1_613' title='bbox 2299 1523 2465 1576; x_wconf 89' lang='lat' dir='ltr'><strong>utenti</strong></span> <span class='ocrx_word' id='word_1_614' title='bbox 2486 1565 2502 1588; x_wconf 90' lang='lat'><strong>,</strong></span> <span class='ocrx_word' id='word_1_615' title='bbox 2531 1532 2585 1578; x_wconf 91' lang='lat' dir='ltr'><strong>et</strong></span> <span class='ocrx_word' id='word_1_616' title='bbox 2614 1539 2706 1593; x_wconf 91' lang='lat' dir='ltr'><strong>per</strong></span> <span class='ocrx_word' id='word_1_617' title='bbox 2731 1526 2846 1596; x_wconf 91' lang='lat' dir='ltr'><strong>ejus</strong></span> <span class='ocrx_word' id='word_1_618' title='bbox 2883 1531 3239 1600; x_wconf 79' lang='lat' dir='ltr'><strong>erogationem</strong></span> <span class='ocrx_word' id='word_1_619' title='bbox 3267 1533 3540 1588; x_wconf 63' lang='lat' dir='ltr'><strong>caelestem</strong></span> 
     </span>
    </p>
   </div>
   <div class='ocr_carea' id='block_1_75' title="bbox 1974 1611 3541 1685">
    <p class='ocr_par' dir='ltr' id='par_1_75' title="bbox 1974 1611 3541 1685">
     <span class='ocr_line' id='line_1_75' title="bbox 1974 1611 3541 1685; baseline 0.009 -19"><span class='ocrx_word' id='word_1_620' title='bbox 1974 1611 2282 1668; x_wconf 86' lang='lat' dir='ltr'><strong>thesaurum</strong></span> <span class='ocrx_word' id='word_1_621' title='bbox 2313 1616 2606 1685; x_wconf 88' lang='lat' dir='ltr'><strong>acquirenti</strong></span> <span class='ocrx_word' id='word_1_622' title='bbox 2635 1635 2648 1671; x_wconf 90' lang='lat'>:</span> <span class='ocrx_word' id='word_1_623' title='bbox 2685 1627 2860 1674; x_wconf 88' lang='lat' dir='ltr'><strong>tamen</strong></span> <span class='ocrx_word' id='word_1_624' title='bbox 2895 1637 3034 1676; x_wconf 90' lang='lat' dir='ltr'><strong>nunc</strong></span> <span class='ocrx_word' id='word_1_625' title='bbox 3076 1639 3196 1678; x_wconf 91' lang='lat' dir='ltr'><strong>cum</strong></span> <span class='ocrx_word' id='word_1_626' title='bbox 3227 1625 3328 1680; x_wconf 90' lang='lat' dir='ltr'><strong>ista</strong></span> <span class='ocrx_word' id='word_1_627' title='bbox 3358 1627 3541 1681; x_wconf 90' lang='lat' dir='ltr'><strong>insen-</strong></span> 
     </span>
    </p>
   </div>
   <div class='ocr_carea' id='block_1_76' title="bbox 1971 1709 3541 1790">
    <p class='ocr_par' dir='ltr' id='par_1_76' title="bbox 1971 1709 3541 1790">
     <span class='ocr_line' id='line_1_76' title="bbox 1971 1709 3541 1790; baseline 0.008 -28"><span class='ocrx_word' id='word_1_628' title='bbox 1971 1718 2086 1762; x_wconf 87' lang='lat' dir='ltr'><strong>sala</strong></span> <span class='ocrx_word' id='word_1_629' title='bbox 2115 1709 2256 1774; x_wconf 87' lang='lat' dir='ltr'><strong>sint,</strong></span> <span class='ocrx_word' id='word_1_630' title='bbox 2283 1711 2408 1781; x_wconf 91' lang='lat' dir='ltr'><strong>quid</strong></span> <span class='ocrx_word' id='word_1_631' title='bbox 2439 1711 2610 1768; x_wconf 83' lang='lat' dir='ltr'><strong>facitis</strong></span> <span class='ocrx_word' id='word_1_632' title='bbox 2663 1714 2905 1770; x_wconf 89' lang='lat' dir='ltr'><strong>homines</strong></span> <span class='ocrx_word' id='word_1_633' title='bbox 2953 1717 3021 1773; x_wconf 90' lang='lat' dir='ltr'><strong>de</strong></span> <span class='ocrx_word' id='word_1_634' title='bbox 3057 1727 3274 1790; x_wconf 73' lang='lat' dir='ltr'><strong>argento</strong></span> <span class='ocrx_word' id='word_1_635' title='bbox 3313 1731 3365 1774; x_wconf 91' lang='lat' dir='ltr'><strong>et</strong></span> <span class='ocrx_word' id='word_1_636' title='bbox 3411 1735 3541 1778; x_wconf 89' lang='lat' dir='ltr'><strong>auro</strong></span> 
     </span>
    </p>
   </div>
   <div class='ocr_carea' id='block_1_77' title="bbox 1971 1800 3541 1882">
    <p class='ocr_par' dir='ltr' id='par_1_77' title="bbox 1971 1800 3541 1882">
     <span class='ocr_line' id='line_1_77' title="bbox 1971 1800 3541 1882; baseline 0.009 -27"><span class='ocrx_word' id='word_1_637' title='bbox 1971 1800 2136 1856; x_wconf 87' lang='lat' dir='ltr'><strong>deos?</strong></span> <span class='ocrx_word' id='word_1_638' title='bbox 2157 1803 2302 1869; x_wconf 89' lang='lat' dir='ltr'><strong>Quos</strong></span> <span class='ocrx_word' id='word_1_639' title='bbox 2339 1804 2470 1860; x_wconf 88' lang='lat' dir='ltr'><strong>deos</strong></span> <span class='ocrx_word' id='word_1_640' title='bbox 2499 1805 2669 1861; x_wconf 86' lang='lat' dir='ltr'><strong>facitis</strong></span> <span class='ocrx_word' id='word_1_641' title='bbox 2689 1847 2704 1873; x_wconf 97' lang='lat'><strong>,</strong></span> <span class='ocrx_word' id='word_1_642' title='bbox 2735 1824 2912 1864; x_wconf 89' lang='lat' dir='ltr'><strong>nonne</strong></span> <span class='ocrx_word' id='word_1_643' title='bbox 2938 1809 3124 1866; x_wconf 84' lang='lat' dir='ltr'><strong>videtis</strong></span> <span class='ocrx_word' id='word_1_644' title='bbox 3157 1813 3295 1882; x_wconf 86' lang='lat' dir='ltr'><strong>quod</strong></span> <span class='ocrx_word' id='word_1_645' title='bbox 3333 1829 3437 1870; x_wconf 89' lang='lat' dir='ltr'><strong>non</strong></span> <span class='ocrx_word' id='word_1_646' title='bbox 3464 1817 3541 1869; x_wconf 83' lang='lat' dir='ltr'><strong>vi-</strong></span> 
     </span>
    </p>
   </div>
   <div class='ocr_carea' id='block_1_78' title="bbox 1970 1893 3538 1976">
    <p class='ocr_par' dir='ltr' id='par_1_78' title="bbox 1970 1893 3538 1976">
     <span class='ocr_line' id='line_1_78' title="bbox 1970 1893 3538 1976; baseline 0.01 -28"><span class='ocrx_word' id='word_1_647' title='bbox 1970 1893 2130 1949; x_wconf 84' lang='lat' dir='ltr'><strong>deant</strong></span> <span class='ocrx_word' id='word_1_648' title='bbox 2153 1894 2306 1968; x_wconf 84' lang='lat' dir='ltr'><strong>(Sap.</strong></span> <span class='ocrx_word' id='word_1_649' title='bbox 2340 1913 2424 1964; x_wconf 87' lang='lat' dir='ltr'><strong>xv,</strong></span> <span class='ocrx_word' id='word_1_650' title='bbox 2460 1899 2550 1970; x_wconf 81' lang='grc'><strong>15)</strong></span> <span class='ocrx_word' id='word_1_651' title='bbox 2571 1899 2596 1952; x_wconf 82' lang='lat' dir='ltr'><strong>‘l</strong></span> <span class='ocrx_word' id='word_1_652' title='bbox 2615 1898 2800 1956; x_wconf 80' lang='lat' dir='ltr'><strong>Oculos</strong></span> <span class='ocrx_word' id='word_1_653' title='bbox 2823 1903 3023 1970; x_wconf 78' lang='lat' dir='ltr'><strong>habent,</strong></span> <span class='ocrx_word' id='word_1_654' title='bbox 3054 1913 3220 1960; x_wconf 87' lang='lat' dir='ltr'><strong>etnon</strong></span> <span class='ocrx_word' id='word_1_655' title='bbox 3245 1907 3538 1976; x_wconf 79' lang='lat' dir='ltr'><strong>videbunt‘;</strong></span> 
     </span>
    </p>
   </div>
   <div class='ocr_carea' id='block_1_79' title="bbox 1969 1986 3544 2062">
    <p class='ocr_par' dir='ltr' id='par_1_79' title="bbox 1969 1986 3544 2062">
     <span class='ocr_line' id='line_1_79' title="bbox 1969 1986 3544 2062; baseline 0.012 -26"><span class='ocrx_word' id='word_1_656' title='bbox 1969 2000 2116 2040; x_wconf 87' lang='lat' dir='ltr'><strong>aures</strong></span> <span class='ocrx_word' id='word_1_657' title='bbox 2145 1986 2344 2052; x_wconf 82' lang='lat' dir='ltr'><strong>habent,</strong></span> <span class='ocrx_word' id='word_1_658' title='bbox 2364 1997 2410 2042; x_wconf 86' lang='lat' dir='ltr'><strong>el</strong></span> <span class='ocrx_word' id='word_1_659' title='bbox 2430 2006 2530 2043; x_wconf 84' lang='lat' dir='ltr'><strong>non</strong></span> <span class='ocrx_word' id='word_1_660' title='bbox 2555 1993 2796 2058; x_wconf 83' lang='lat' dir='ltr'><strong>audient;</strong></span> <span class='ocrx_word' id='word_1_661' title='bbox 2817 2011 2962 2049; x_wconf 88' lang='lat' dir='ltr'><strong>nares</strong></span> <span class='ocrx_word' id='word_1_662' title='bbox 2985 1995 3184 2062; x_wconf 85' lang='lat' dir='ltr'><strong>habent,</strong></span> <span class='ocrx_word' id='word_1_663' title='bbox 3213 2006 3256 2050; x_wconf 90' lang='lat' dir='ltr'><strong>et</strong></span> <span class='ocrx_word' id='word_1_664' title='bbox 3287 2015 3386 2052; x_wconf 86' lang='lat' dir='ltr'><strong>non</strong></span> <span class='ocrx_word' id='word_1_665' title='bbox 3420 2001 3544 2054; x_wconf 88' lang='lat' dir='ltr'><strong>odo-</strong></span> 
     </span>
    </p>
   </div>
   <div class='ocr_carea' id='block_1_80' title="bbox 1969 2075 3545 2158">
    <p class='ocr_par' dir='ltr' id='par_1_80' title="bbox 1969 2075 3545 2158">
     <span class='ocr_line' id='line_1_80' title="bbox 1969 2075 3545 2158; baseline 0.011 -30"><span class='ocrx_word' id='word_1_666' title='bbox 1969 2075 2150 2130; x_wconf 86' lang='lat' dir='ltr'><strong>rabunt</strong></span> <span class='ocrx_word' id='word_1_667' title='bbox 2174 2095 2194 2143; x_wconf 88' lang='lat'><strong><em>;</em></strong></span> <span class='ocrx_word' id='word_1_668' title='bbox 2219 2093 2274 2132; x_wconf 85' lang='lat' dir='ltr'><strong>os</strong></span> <span class='ocrx_word' id='word_1_669' title='bbox 2299 2079 2508 2148; x_wconf 87' lang='lat' dir='ltr'><strong>habent,</strong></span> <span class='ocrx_word' id='word_1_670' title='bbox 2539 2092 2704 2137; x_wconf 88' lang='lat' dir='ltr'><strong>etnon</strong></span> <span class='ocrx_word' id='word_1_671' title='bbox 2732 2085 2996 2154; x_wconf 84' lang='lat' dir='ltr'><strong>loquentur</strong></span> <span class='ocrx_word' id='word_1_672' title='bbox 3018 2105 3038 2154; x_wconf 88' lang='lat'><strong><em>;</em></strong></span> <span class='ocrx_word' id='word_1_673' title='bbox 3063 2104 3241 2142; x_wconf 88' lang='lat' dir='ltr'><strong>manus</strong></span> <span class='ocrx_word' id='word_1_674' title='bbox 3271 2089 3471 2158; x_wconf 85' lang='lat' dir='ltr'><strong>habent,</strong></span> <span class='ocrx_word' id='word_1_675' title='bbox 3497 2101 3545 2146; x_wconf 85' lang='lat' dir='ltr'><strong>et</strong></span> 
     </span>
    </p>
   </div>
   <div class='ocr_carea' id='block_1_81' title="bbox 1970 2171 3538 2246">
    <p class='ocr_par' dir='ltr' id='par_1_81' title="bbox 1970 2171 3538 2246">
     <span class='ocr_line' id='line_1_81' title="bbox 1970 2171 3538 2246; baseline 0.011 -26"><span class='ocrx_word' id='word_1_676' title='bbox 1970 2185 2072 2222; x_wconf 88' lang='lat' dir='ltr'><strong>non</strong></span> <span class='ocrx_word' id='word_1_677' title='bbox 2115 2171 2492 2238; x_wconf 84' lang='lat' dir='ltr'><strong>operabuntur;</strong></span> <span class='ocrx_word' id='word_1_678' title='bbox 2537 2176 2685 2246; x_wconf 86' lang='lat' dir='ltr'><strong>pedes</strong></span> <span class='ocrx_word' id='word_1_679' title='bbox 2733 2177 2949 2245; x_wconf 87' lang='lat' dir='ltr'><strong>habent,</strong></span> <span class='ocrx_word' id='word_1_680' title='bbox 2975 2187 3019 2232; x_wconf 88' lang='lat' dir='ltr'><strong>et</strong></span> <span class='ocrx_word' id='word_1_681' title='bbox 3054 2197 3155 2234; x_wconf 87' lang='lat' dir='ltr'><strong>non</strong></span> <span class='ocrx_word' id='word_1_682' title='bbox 3193 2181 3538 2237; x_wconf 84' lang='lat' dir='ltr'><strong>ambulabunt.</strong></span> 
     </span>
    </p>
   </div>
   <div class='ocr_carea' id='block_1_82' title="bbox 1970 2260 3542 2340">
    <p class='ocr_par' dir='ltr' id='par_1_82' title="bbox 1970 2260 3542 2340">
     <span class='ocr_line' id='line_1_82' title="bbox 1970 2260 3542 2340; baseline 0.011 -26"><span class='ocrx_word' id='word_1_683' title='bbox 1970 2260 2156 2317; x_wconf 89' lang='lat' dir='ltr'><strong>Omnia</strong></span> <span class='ocrx_word' id='word_1_684' title='bbox 2187 2265 2285 2319; x_wconf 89' lang='lat' dir='ltr'><strong>ista</strong></span> <span class='ocrx_word' id='word_1_685' title='bbox 2306 2266 2496 2321; x_wconf 80' lang='lat' dir='ltr'><strong>artifex</strong></span> <span class='ocrx_word' id='word_1_686' title='bbox 2517 2309 2531 2334; x_wconf 94' lang='lat'><strong>,</strong></span> <span class='ocrx_word' id='word_1_687' title='bbox 2561 2266 2710 2323; x_wconf 90' lang='lat' dir='ltr'><strong>faber</strong></span> <span class='ocrx_word' id='word_1_688' title='bbox 2738 2271 3066 2340; x_wconf 77' lang='lat' dir='ltr'><strong>argentarius</strong></span> <span class='ocrx_word' id='word_1_689' title='bbox 3090 2314 3105 2340; x_wconf 92' lang='lat'><strong>,</strong></span> <span class='ocrx_word' id='word_1_690' title='bbox 3136 2273 3339 2328; x_wconf 83' lang='lat' dir='ltr'><strong>aurifex</strong></span> <span class='ocrx_word' id='word_1_691' title='bbox 3363 2273 3542 2332; x_wconf 89' lang='lat' dir='ltr'><strong>facere</strong></span> 
     </span>
    </p>
   </div>
   <div class='ocr_carea' id='block_1_83' title="bbox 1970 2354 3538 2434">
    <p class='ocr_par' dir='ltr' id='par_1_83' title="bbox 1970 2354 3538 2434">
     <span class='ocr_line' id='line_1_83' title="bbox 1970 2354 3538 2434; baseline 0.008 -26"><span class='ocrx_word' id='word_1_692' title='bbox 1970 2354 2160 2426; x_wconf 89' lang='lat' dir='ltr'><strong>potuit,</strong></span> <span class='ocrx_word' id='word_1_693' title='bbox 2190 2365 2244 2410; x_wconf 92' lang='lat' dir='ltr'><strong>et</strong></span> <span class='ocrx_word' id='word_1_694' title='bbox 2269 2358 2471 2425; x_wconf 91' lang='lat' dir='ltr'><strong>oculos,</strong></span> <span class='ocrx_word' id='word_1_695' title='bbox 2497 2369 2550 2413; x_wconf 90' lang='lat' dir='ltr'><strong>et</strong></span> <span class='ocrx_word' id='word_1_696' title='bbox 2569 2374 2747 2429; x_wconf 90' lang='lat' dir='ltr'><strong>aures,</strong></span> <span class='ocrx_word' id='word_1_697' title='bbox 2775 2371 2830 2416; x_wconf 89' lang='lat' dir='ltr'><strong>et</strong></span> <span class='ocrx_word' id='word_1_698' title='bbox 2851 2377 3026 2430; x_wconf 88' lang='lat' dir='ltr'><strong>nares,</strong></span> <span class='ocrx_word' id='word_1_699' title='bbox 3057 2374 3111 2418; x_wconf 94' lang='lat' dir='ltr'><strong>et</strong></span> <span class='ocrx_word' id='word_1_700' title='bbox 3142 2379 3224 2430; x_wconf 88' lang='lat' dir='ltr'><strong>os,</strong></span> <span class='ocrx_word' id='word_1_701' title='bbox 3254 2374 3308 2420; x_wconf 90' lang='lat' dir='ltr'><strong>et</strong></span> <span class='ocrx_word' id='word_1_702' title='bbox 3328 2381 3538 2434; x_wconf 87' lang='lat' dir='ltr'><strong>manus,</strong></span> 
     </span>
    </p>
   </div>
   <div class='ocr_carea' id='block_1_84' title="bbox 1970 2447 3536 2528">
    <p class='ocr_par' dir='ltr' id='par_1_84' title="bbox 1970 2447 3536 2528">
     <span class='ocr_line' id='line_1_84' title="bbox 1970 2447 3536 2528; baseline 0.008 -27"><span class='ocrx_word' id='word_1_703' title='bbox 1970 2455 2025 2502; x_wconf 90' lang='lat' dir='ltr'><strong>et</strong></span> <span class='ocrx_word' id='word_1_704' title='bbox 2043 2447 2226 2518; x_wconf 89' lang='lat' dir='ltr'><strong>pedes;</strong></span> <span class='ocrx_word' id='word_1_705' title='bbox 2255 2449 2346 2504; x_wconf 83' lang='lat' dir='ltr'><strong>sed</strong></span> <span class='ocrx_word' id='word_1_706' title='bbox 2375 2465 2474 2506; x_wconf 89' lang='lat' dir='ltr'><strong>nec</strong></span> <span class='ocrx_word' id='word_1_707' title='bbox 2501 2451 2673 2507; x_wconf 91' lang='lat' dir='ltr'><strong>lucem</strong></span> <span class='ocrx_word' id='word_1_708' title='bbox 2703 2453 2892 2519; x_wconf 88' lang='lat' dir='ltr'><strong>oculis,</strong></span> <span class='ocrx_word' id='word_1_709' title='bbox 2919 2470 3017 2511; x_wconf 91' lang='lat' dir='ltr'><strong>nec</strong></span> <span class='ocrx_word' id='word_1_710' title='bbox 3043 2456 3278 2512; x_wconf 89' lang='lat' dir='ltr'><strong>auditum</strong></span> <span class='ocrx_word' id='word_1_711' title='bbox 3300 2459 3536 2528; x_wconf 88' lang='lat' dir='ltr'><strong>auribus,</strong></span> 
     </span>
    </p>
   </div>
   <div class='ocr_carea' id='block_1_85' title="bbox 1971 2541 3542 2614">
    <p class='ocr_par' dir='ltr' id='par_1_85' title="bbox 1971 2541 3542 2614">
     <span class='ocr_line' id='line_1_85' title="bbox 1971 2541 3542 2614; baseline 0.008 -20"><span class='ocrx_word' id='word_1_712' title='bbox 1971 2555 2072 2596; x_wconf 89' lang='lat' dir='ltr'><strong>nec</strong></span> <span class='ocrx_word' id='word_1_713' title='bbox 2095 2555 2280 2596; x_wconf 88' lang='lat' dir='ltr'><strong>vocem</strong></span> <span class='ocrx_word' id='word_1_714' title='bbox 2308 2541 2408 2609; x_wconf 91' lang='lat' dir='ltr'><strong>ori,</strong></span> <span class='ocrx_word' id='word_1_715' title='bbox 2446 2559 2543 2598; x_wconf 89' lang='lat' dir='ltr'><strong>nec</strong></span> <span class='ocrx_word' id='word_1_716' title='bbox 2569 2559 2782 2599; x_wconf 87' lang='lat' dir='ltr'><strong>sensum</strong></span> <span class='ocrx_word' id='word_1_717' title='bbox 2813 2547 3047 2614; x_wconf 86' lang='lat' dir='ltr'><strong>naribus,</strong></span> <span class='ocrx_word' id='word_1_718' title='bbox 3083 2563 3179 2604; x_wconf 90' lang='lat' dir='ltr'><strong>nec</strong></span> <span class='ocrx_word' id='word_1_719' title='bbox 3208 2561 3406 2604; x_wconf 88' lang='lat' dir='ltr'><strong>motum</strong></span> <span class='ocrx_word' id='word_1_720' title='bbox 3429 2566 3542 2606; x_wconf 87' lang='lat' dir='ltr'><strong>ma-</strong></span> 
     </span>
    </p>
   </div>
   <div class='ocr_carea' id='block_1_86' title="bbox 1971 2631 3021 2709">
    <p class='ocr_par' dir='ltr' id='par_1_86' title="bbox 1971 2631 3021 2709">
     <span class='ocr_line' id='line_1_86' title="bbox 1971 2631 3021 2709; baseline 0.009 -24"><span class='ocrx_word' id='word_1_721' title='bbox 1971 2631 2145 2702; x_wconf 86' lang='lat' dir='ltr'><strong>nibus,</strong></span> <span class='ocrx_word' id='word_1_722' title='bbox 2179 2648 2276 2688; x_wconf 85' lang='lat' dir='ltr'><strong>nec</strong></span> <span class='ocrx_word' id='word_1_723' title='bbox 2301 2635 2400 2689; x_wconf 90' lang='lat' dir='ltr'><strong>iter</strong></span> <span class='ocrx_word' id='word_1_724' title='bbox 2429 2635 2648 2704; x_wconf 90' lang='lat' dir='ltr'><strong>pedibus</strong></span> <span class='ocrx_word' id='word_1_725' title='bbox 2676 2637 2807 2693; x_wconf 88' lang='lat' dir='ltr'><strong>dare</strong></span> <span class='ocrx_word' id='word_1_726' title='bbox 2833 2639 3021 2709; x_wconf 89' lang='lat' dir='ltr'><strong>potuit.</strong></span> 
     </span>
    </p>
   </div>
   <div class='ocr_carea' id='block_1_87' title="bbox 2039 2723 3543 2804">
    <p class='ocr_par' dir='ltr' id='par_1_87' title="bbox 2039 2723 3543 2804">
     <span class='ocr_line' id='line_1_87' title="bbox 2039 2723 3543 2804; baseline 0.006 -24"><span class='ocrx_word' id='word_1_727' title='bbox 2039 2723 2129 2780; x_wconf 76' lang='grc'><strong>24.</strong></span> <span class='ocrx_word' id='word_1_728' title='bbox 2175 2723 2546 2800; x_wconf 71' lang='lat' dir='ltr'><strong>[vers.18.]0</strong></span> <span class='ocrx_word' id='word_1_729' title='bbox 2593 2728 2784 2797; x_wconf 91' lang='lat' dir='ltr'><strong>homo,</strong></span> <span class='ocrx_word' id='word_1_730' title='bbox 2827 2732 2969 2787; x_wconf 90' lang='lat' dir='ltr'><strong>rides</strong></span> <span class='ocrx_word' id='word_1_731' title='bbox 3009 2733 3117 2802; x_wconf 89' lang='lat' dir='ltr'><strong>jam</strong></span> <span class='ocrx_word' id='word_1_732' title='bbox 3161 2733 3342 2804; x_wconf 89' lang='lat' dir='ltr'><strong>procul</strong></span> <span class='ocrx_word' id='word_1_733' title='bbox 3381 2733 3543 2790; x_wconf 87' lang='lat' dir='ltr'><strong>dubio</strong></span> 
     </span>
    </p>
   </div>
   <div class='ocr_carea' id='block_1_88' title="bbox 1971 2813 3543 2896">
    <p class='ocr_par' dir='ltr' id='par_1_88' title="bbox 1971 2813 3543 2896">
     <span class='ocr_line' id='line_1_88' title="bbox 1971 2813 3543 2896; baseline 0.009 -28"><span class='ocrx_word' id='word_1_734' title='bbox 1971 2813 2114 2886; x_wconf 87' lang='lat' dir='ltr'><strong>quod</strong></span> <span class='ocrx_word' id='word_1_735' title='bbox 2163 2817 2368 2886; x_wconf 85' lang='lat' dir='ltr'><strong>fecisti,</strong></span> <span class='ocrx_word' id='word_1_736' title='bbox 2397 2819 2440 2874; x_wconf 92' lang='lat' dir='ltr'><strong>si</strong></span> <span class='ocrx_word' id='word_1_737' title='bbox 2487 2835 2517 2874; x_wconf 88' lang='lat' dir='ltr'><strong>a</strong></span> <span class='ocrx_word' id='word_1_738' title='bbox 2547 2836 2652 2892; x_wconf 91' lang='lat' dir='ltr'><strong>quo</strong></span> <span class='ocrx_word' id='word_1_739' title='bbox 2706 2824 2875 2878; x_wconf 88' lang='lat' dir='ltr'><strong>factus</strong></span> <span class='ocrx_word' id='word_1_740' title='bbox 2918 2839 2976 2878; x_wconf 91' lang='lat' dir='ltr'><strong>es</strong></span> <span class='ocrx_word' id='word_1_741' title='bbox 3021 2827 3307 2896; x_wconf 79' lang='lat' dir='ltr'><strong>agnovisti.</strong></span> <span class='ocrx_word' id='word_1_742' title='bbox 3341 2827 3412 2882; x_wconf 91' lang='lat' dir='ltr'><strong>De</strong></span> <span class='ocrx_word' id='word_1_743' title='bbox 3439 2827 3543 2883; x_wconf 87' lang='lat' dir='ltr'><strong>illis</strong></span> 
     </span>
    </p>
   </div>
   <div class='ocr_carea' id='block_1_89' title="bbox 1971 2909 3544 2985">
    <p class='ocr_par' dir='ltr' id='par_1_89' title="bbox 1971 2909 3544 2985">
     <span class='ocr_line' id='line_1_89' title="bbox 1971 2909 3544 2985; baseline 0.008 -24"><span class='ocrx_word' id='word_1_744' title='bbox 1971 2915 2148 2964; x_wconf 85' lang='lat' dir='ltr'><strong>autem</strong></span> <span class='ocrx_word' id='word_1_745' title='bbox 2175 2909 2266 2980; x_wconf 89' lang='lat' dir='ltr'><strong>qui</strong></span> <span class='ocrx_word' id='word_1_746' title='bbox 2295 2926 2401 2964; x_wconf 89' lang='lat' dir='ltr'><strong>non</strong></span> <span class='ocrx_word' id='word_1_747' title='bbox 2426 2923 2775 2982; x_wconf 82' lang='lat' dir='ltr'><strong>agnoverunt,</strong></span> <span class='ocrx_word' id='word_1_748' title='bbox 2803 2915 2926 2985; x_wconf 88' lang='lat' dir='ltr'><strong>quid</strong></span> <span class='ocrx_word' id='word_1_749' title='bbox 2950 2916 3186 2971; x_wconf 88' lang='lat' dir='ltr'><strong>dicitur?</strong></span> <span class='ocrx_word' id='word_1_750' title='bbox 3207 2918 3413 2974; x_wconf 88' lang='lat' dir='ltr'><strong>Similes</strong></span> <span class='ocrx_word' id='word_1_751' title='bbox 3440 2920 3544 2974; x_wconf 89' lang='lat' dir='ltr'><strong>illis</strong></span> 
     </span>
    </p>
   </div>
   <div class='ocr_carea' id='block_1_90' title="bbox 1970 2999 3540 3079">
    <p class='ocr_par' dir='ltr' id='par_1_90' title="bbox 1970 2999 3540 3079">
     <span class='ocr_line' id='line_1_90' title="bbox 1970 2999 3540 3079; baseline 0.008 -25"><span class='ocrx_word' id='word_1_752' title='bbox 1970 2999 2070 3054; x_wconf 87' lang='lat' dir='ltr'><strong>sint</strong></span> <span class='ocrx_word' id='word_1_753' title='bbox 2096 3017 2267 3056; x_wconf 87' lang='lat' dir='ltr'><strong>omnes</strong></span> <span class='ocrx_word' id='word_1_754' title='bbox 2284 3003 2370 3072; x_wconf 90' lang='lat' dir='ltr'><strong>qui</strong></span> <span class='ocrx_word' id='word_1_755' title='bbox 2391 3005 2582 3075; x_wconf 79' lang='lat' dir='ltr'><strong>faciunt</strong></span> <span class='ocrx_word' id='word_1_756' title='bbox 2607 3021 2686 3072; x_wconf 90' lang='lat' dir='ltr'><strong>ea,</strong></span> <span class='ocrx_word' id='word_1_757' title='bbox 2701 3015 2746 3060; x_wconf 91' lang='lat' dir='ltr'><strong>et</strong></span> <span class='ocrx_word' id='word_1_758' title='bbox 2763 3023 2931 3062; x_wconf 89' lang='lat' dir='ltr'><strong>omnes</strong></span> <span class='ocrx_word' id='word_1_759' title='bbox 2943 3009 3026 3079; x_wconf 88' lang='lat' dir='ltr'><strong>qui</strong></span> <span class='ocrx_word' id='word_1_760' title='bbox 3049 3011 3311 3079; x_wconf 80' lang='lat' dir='ltr'><strong>conﬁdunt</strong></span> <span class='ocrx_word' id='word_1_761' title='bbox 3341 3011 3392 3065; x_wconf 88' lang='lat' dir='ltr'><strong>in</strong></span> <span class='ocrx_word' id='word_1_762' title='bbox 3417 3011 3540 3068; x_wconf 87' lang='lat' dir='ltr'><strong>illis.</strong></span> 
     </span>
    </p>
   </div>
   <div class='ocr_carea' id='block_1_91' title="bbox 1971 3091 3545 3172">
    <p class='ocr_par' dir='ltr' id='par_1_91' title="bbox 1971 3091 3545 3172">
     <span class='ocr_line' id='line_1_91' title="bbox 1971 3091 3545 3172; baseline 0.006 -24"><span class='ocrx_word' id='word_1_763' title='bbox 1971 3091 2040 3148; x_wconf 79' lang='lat' dir='ltr'><strong>Et</strong></span> <span class='ocrx_word' id='word_1_764' title='bbox 2065 3094 2284 3150; x_wconf 87' lang='lat' dir='ltr'><strong>creditis</strong></span> <span class='ocrx_word' id='word_1_765' title='bbox 2306 3137 2319 3160; x_wconf 93' lang='lat'><strong>,</strong></span> <span class='ocrx_word' id='word_1_766' title='bbox 2346 3096 2536 3152; x_wconf 85' lang='lat' dir='ltr'><strong>fratres</strong></span> <span class='ocrx_word' id='word_1_767' title='bbox 2556 3139 2571 3164; x_wconf 93' lang='lat'><strong>,</strong></span> <span class='ocrx_word' id='word_1_768' title='bbox 2603 3099 2827 3168; x_wconf 82' lang='lat' dir='ltr'><strong>exprimi</strong></span> <span class='ocrx_word' id='word_1_769' title='bbox 2857 3100 2910 3154; x_wconf 92' lang='lat' dir='ltr'><strong>in</strong></span> <span class='ocrx_word' id='word_1_770' title='bbox 2941 3101 3020 3156; x_wconf 88' lang='lat' dir='ltr'><strong>eis</strong></span> <span class='ocrx_word' id='word_1_771' title='bbox 3057 3101 3338 3172; x_wconf 86' lang='lat' dir='ltr'><strong>quamdam</strong></span> <span class='ocrx_word' id='word_1_772' title='bbox 3362 3104 3545 3158; x_wconf 84' lang='lat' dir='ltr'><strong>simili-</strong></span> 
     </span>
    </p>
   </div>
   <div class='ocr_carea' id='block_1_92' title="bbox 1973 3185 3538 3264">
    <p class='ocr_par' dir='ltr' id='par_1_92' title="bbox 1973 3185 3538 3264">
     <span class='ocr_line' id='line_1_92' title="bbox 1973 3185 3538 3264; baseline 0.009 -25"><span class='ocrx_word' id='word_1_773' title='bbox 1973 3185 2210 3242; x_wconf 90' lang='lat' dir='ltr'><strong>tudinem</strong></span> <span class='ocrx_word' id='word_1_774' title='bbox 2235 3188 2518 3256; x_wconf 88' lang='lat' dir='ltr'><strong>idolorum,</strong></span> <span class='ocrx_word' id='word_1_775' title='bbox 2546 3205 2650 3246; x_wconf 87' lang='lat' dir='ltr'><strong>non</strong></span> <span class='ocrx_word' id='word_1_776' title='bbox 2679 3192 2890 3262; x_wconf 88' lang='lat' dir='ltr'><strong>quidem</strong></span> <span class='ocrx_word' id='word_1_777' title='bbox 2923 3194 2974 3247; x_wconf 92' lang='lat' dir='ltr'><strong>in</strong></span> <span class='ocrx_word' id='word_1_778' title='bbox 3004 3209 3164 3250; x_wconf 90' lang='lat' dir='ltr'><strong>carne</strong></span> <span class='ocrx_word' id='word_1_779' title='bbox 3190 3211 3373 3252; x_wconf 90' lang='lat' dir='ltr'><strong>eorum</strong></span> <span class='ocrx_word' id='word_1_780' title='bbox 3399 3239 3415 3264; x_wconf 95' lang='lat'><strong>,</strong></span> <span class='ocrx_word' id='word_1_781' title='bbox 3443 3197 3538 3253; x_wconf 88' lang='lat' dir='ltr'><strong>sed</strong></span> 
     </span>
    </p>
   </div>
   <div class='ocr_carea' id='block_1_93' title="bbox 1972 3279 3544 3356">
    <p class='ocr_par' dir='ltr' id='par_1_93' title="bbox 1972 3279 3544 3356">
     <span class='ocr_line' id='line_1_93' title="bbox 1972 3279 3544 3356; baseline 0.008 -23"><span class='ocrx_word' id='word_1_782' title='bbox 1972 3279 2025 3333; x_wconf 91' lang='lat' dir='ltr'><strong>in</strong></span> <span class='ocrx_word' id='word_1_783' title='bbox 2055 3281 2307 3337; x_wconf 88' lang='lat' dir='ltr'><strong>interiore</strong></span> <span class='ocrx_word' id='word_1_784' title='bbox 2335 3283 2549 3339; x_wconf 90' lang='lat' dir='ltr'><strong>homine</strong></span> <span class='ocrx_word' id='word_1_785' title='bbox 2565 3299 2772 3340; x_wconf 91' lang='lat' dir='ltr'><strong>eorum.</strong></span> <span class='ocrx_word' id='word_1_786' title='bbox 2800 3285 2930 3340; x_wconf 91' lang='lat' dir='ltr'><strong>Nam</strong></span> <span class='ocrx_word' id='word_1_787' title='bbox 2957 3303 3113 3344; x_wconf 89' lang='lat' dir='ltr'><strong>aures</strong></span> <span class='ocrx_word' id='word_1_788' title='bbox 3136 3287 3351 3356; x_wconf 88' lang='lat' dir='ltr'><strong>habent,</strong></span> <span class='ocrx_word' id='word_1_789' title='bbox 3366 3298 3421 3344; x_wconf 87' lang='lat' dir='ltr'><strong>et</strong></span> <span class='ocrx_word' id='word_1_790' title='bbox 3441 3305 3544 3346; x_wconf 90' lang='lat' dir='ltr'><strong>non</strong></span> 
     </span>
    </p>
   </div>
   <div class='ocr_carea' id='block_1_94' title="bbox 1975 3373 3548 3448">
    <p class='ocr_par' dir='ltr' id='par_1_94' title="bbox 1975 3373 3548 3448">
     <span class='ocr_line' id='line_1_94' title="bbox 1975 3373 3548 3448; baseline 0.008 -23"><span class='ocrx_word' id='word_1_791' title='bbox 1975 3373 2196 3427; x_wconf 87' lang='lat' dir='ltr'><strong>audiunt</strong></span> <span class='ocrx_word' id='word_1_792' title='bbox 2222 3392 2236 3427; x_wconf 88' lang='lat'><strong>:</strong></span> <span class='ocrx_word' id='word_1_793' title='bbox 2259 3373 2324 3427; x_wconf 90' lang='lat' dir='ltr'><strong>ad</strong></span> <span class='ocrx_word' id='word_1_794' title='bbox 2356 3375 2475 3428; x_wconf 90' lang='lat' dir='ltr'><strong>illos</strong></span> <span class='ocrx_word' id='word_1_795' title='bbox 2504 3376 2700 3446; x_wconf 89' lang='lat' dir='ltr'><strong>quippe</strong></span> <span class='ocrx_word' id='word_1_796' title='bbox 2726 3378 2922 3432; x_wconf 88' lang='lat' dir='ltr'><strong>clamat</strong></span> <span class='ocrx_word' id='word_1_797' title='bbox 2947 3379 3087 3435; x_wconf 89' lang='lat' dir='ltr'><strong>Deus</strong></span> <span class='ocrx_word' id='word_1_798' title='bbox 3115 3423 3130 3448; x_wconf 94' lang='lat'><strong>,</strong></span> <span class='ocrx_word' id='word_1_799' title='bbox 3167 3380 3265 3446; x_wconf 78' lang='lat' dir='ltr'><strong>Qui</strong></span> <span class='ocrx_word' id='word_1_800' title='bbox 3286 3382 3430 3436; x_wconf 88' lang='lat' dir='ltr'><strong>habet</strong></span> <span class='ocrx_word' id='word_1_801' title='bbox 3455 3399 3548 3437; x_wconf 87' lang='lat' dir='ltr'><strong>au-</strong></span> 
     </span>
    </p>
   </div>
   <div class='ocr_carea' id='block_1_95' title="bbox 1972 3465 3550 3543">
    <p class='ocr_par' dir='ltr' id='par_1_95' title="bbox 1972 3465 3550 3543">
     <span class='ocr_line' id='line_1_95' title="bbox 1972 3465 3550 3543; baseline 0.008 -25"><span class='ocrx_word' id='word_1_802' title='bbox 1972 3481 2052 3520; x_wconf 87' lang='lat' dir='ltr'><strong>res</strong></span> <span class='ocrx_word' id='word_1_803' title='bbox 2077 3465 2338 3534; x_wconf 84' lang='lat' dir='ltr'><strong>audiendi,</strong></span> <span class='ocrx_word' id='word_1_804' title='bbox 2364 3468 2539 3520; x_wconf 87' lang='lat' dir='ltr'><strong>audiat</strong></span> <span class='ocrx_word' id='word_1_805' title='bbox 2558 3467 2771 3540; x_wconf 86' lang='lat' dir='ltr'><strong>(Matth.</strong></span> <span class='ocrx_word' id='word_1_806' title='bbox 2802 3486 2877 3536; x_wconf 86' lang='lat' dir='ltr'><strong>xt,</strong></span> <span class='ocrx_word' id='word_1_807' title='bbox 2898 3473 3008 3543; x_wconf 82' lang='grc'><strong>15).</strong></span> <span class='ocrx_word' id='word_1_808' title='bbox 3035 3469 3230 3529; x_wconf 89' lang='lat' dir='ltr'><strong>Oculos</strong></span> <span class='ocrx_word' id='word_1_809' title='bbox 3254 3473 3470 3542; x_wconf 87' lang='lat' dir='ltr'><strong>habent,</strong></span> <span class='ocrx_word' id='word_1_810' title='bbox 3493 3483 3550 3532; x_wconf 86' lang='lat' dir='ltr'><strong>et</strong></span> 
     </span>
    </p>
   </div>
   <div class='ocr_carea' id='block_1_96' title="bbox 1971 3559 3547 3637">
    <p class='ocr_par' dir='ltr' id='par_1_96' title="bbox 1971 3559 3547 3637">
     <span class='ocr_line' id='line_1_96' title="bbox 1971 3559 3547 3637; baseline 0.006 -23"><span class='ocrx_word' id='word_1_811' title='bbox 1971 3575 2076 3614; x_wconf 88' lang='lat' dir='ltr'><strong>non</strong></span> <span class='ocrx_word' id='word_1_812' title='bbox 2109 3559 2292 3614; x_wconf 87' lang='lat' dir='ltr'><strong>vident</strong></span> <span class='ocrx_word' id='word_1_813' title='bbox 2319 3579 2333 3614; x_wconf 75' lang='grc' dir='ltr'>ε</span> <span class='ocrx_word' id='word_1_814' title='bbox 2365 3560 2564 3616; x_wconf 87' lang='lat' dir='ltr'><strong>habent</strong></span> <span class='ocrx_word' id='word_1_815' title='bbox 2609 3563 2751 3617; x_wconf 91' lang='lat' dir='ltr'><strong>enim</strong></span> <span class='ocrx_word' id='word_1_816' title='bbox 2801 3565 2988 3619; x_wconf 91' lang='lat' dir='ltr'><strong>oculos</strong></span> <span class='ocrx_word' id='word_1_817' title='bbox 3029 3567 3289 3637; x_wconf 90' lang='lat' dir='ltr'><strong>corporis,</strong></span> <span class='ocrx_word' id='word_1_818' title='bbox 3320 3567 3414 3622; x_wconf 89' lang='lat' dir='ltr'><strong>sed</strong></span> <span class='ocrx_word' id='word_1_819' title='bbox 3443 3583 3547 3623; x_wconf 90' lang='lat' dir='ltr'><strong>non</strong></span> 
     </span>
    </p>
   </div>
   <div class='ocr_carea' id='block_1_97' title="bbox 1974 3651 3548 3730">
    <p class='ocr_par' dir='ltr' id='par_1_97' title="bbox 1974 3651 3548 3730">
     <span class='ocr_line' id='line_1_97' title="bbox 1974 3651 3548 3730; baseline 0.006 -25"><span class='ocrx_word' id='word_1_820' title='bbox 1974 3651 2170 3707; x_wconf 88' lang='lat' dir='ltr'><strong>habent</strong></span> <span class='ocrx_word' id='word_1_821' title='bbox 2195 3651 2378 3706; x_wconf 90' lang='lat' dir='ltr'><strong>oculos</strong></span> <span class='ocrx_word' id='word_1_822' title='bbox 2417 3651 2559 3708; x_wconf 85' lang='lat' dir='ltr'><strong>fidei.</strong></span> <span class='ocrx_word' id='word_1_823' title='bbox 2585 3655 2824 3725; x_wconf 87' lang='lat' dir='ltr'><strong>Denique</strong></span> <span class='ocrx_word' id='word_1_824' title='bbox 2845 3657 3099 3726; x_wconf 88' lang='lat' dir='ltr'><strong>impletur</strong></span> <span class='ocrx_word' id='word_1_825' title='bbox 3135 3660 3251 3714; x_wconf 89' lang='lat' dir='ltr'><strong>ha-c</strong></span> <span class='ocrx_word' id='word_1_826' title='bbox 3273 3658 3548 3730; x_wconf 86' lang='lat' dir='ltr'><strong>prophetia</strong></span> 
     </span>
    </p>
   </div>
   <div class='ocr_carea' id='block_1_98' title="bbox 1974 3747 3550 3822">
    <p class='ocr_par' dir='ltr' id='par_1_98' title="bbox 1974 3747 3550 3822">
     <span class='ocr_line' id='line_1_98' title="bbox 1974 3747 3550 3822; baseline 0.006 -25"><span class='ocrx_word' id='word_1_827' title='bbox 1974 3760 2070 3816; x_wconf 90' lang='lat' dir='ltr'><strong>per</strong></span> <span class='ocrx_word' id='word_1_828' title='bbox 2103 3760 2294 3800; x_wconf 87' lang='lat' dir='ltr'><strong>omnes</strong></span> <span class='ocrx_word' id='word_1_829' title='bbox 2333 3755 2559 3815; x_wconf 85' lang='lat' dir='ltr'><strong>gentes:</strong></span> <span class='ocrx_word' id='word_1_830' title='bbox 2611 3747 2788 3802; x_wconf 84' lang='lat' dir='ltr'><strong>videte</strong></span> <span class='ocrx_word' id='word_1_831' title='bbox 2825 3749 3092 3818; x_wconf 86' lang='lat' dir='ltr'><strong>quomodo</strong></span> <span class='ocrx_word' id='word_1_832' title='bbox 3121 3749 3316 3804; x_wconf 90' lang='lat' dir='ltr'><strong>dictum</strong></span> <span class='ocrx_word' id='word_1_833' title='bbox 3358 3751 3426 3805; x_wconf 89' lang='lat' dir='ltr'><strong>sit</strong></span> <span class='ocrx_word' id='word_1_834' title='bbox 3455 3767 3550 3822; x_wconf 85' lang='lat' dir='ltr'><strong>per</strong></span> 
     </span>
    </p>
   </div>
   <div class='ocr_carea' id='block_1_99' title="bbox 1979 3837 3551 3915">
    <p class='ocr_par' dir='ltr' id='par_1_99' title="bbox 1979 3837 3551 3915">
     <span class='ocr_line' id='line_1_99' title="bbox 1979 3837 3551 3915; baseline 0.006 -26"><span class='ocrx_word' id='word_1_835' title='bbox 1979 3837 2312 3907; x_wconf 87' lang='lat' dir='ltr'><strong>prophetam.</strong></span> <span class='ocrx_word' id='word_1_836' title='bbox 2345 3838 2483 3892; x_wconf 90' lang='lat' dir='ltr'><strong>Nihil</strong></span> <span class='ocrx_word' id='word_1_837' title='bbox 2514 3841 2884 3910; x_wconf 85' lang='lat' dir='ltr'><strong>allegorieum,</strong></span> <span class='ocrx_word' id='word_1_838' title='bbox 2918 3843 3052 3899; x_wconf 82' lang='lat' dir='ltr'><strong>nihil</strong></span> <span class='ocrx_word' id='word_1_839' title='bbox 3097 3845 3374 3915; x_wconf 78' lang='lat' dir='ltr'><strong>figuratum</strong></span> <span class='ocrx_word' id='word_1_840' title='bbox 3403 3859 3551 3898; x_wconf 87' lang='lat' dir='ltr'><strong>com-</strong></span> 
     </span>
    </p>
   </div>
   <div class='ocr_carea' id='block_1_100' title="bbox 1974 3933 3549 4006">
    <p class='ocr_par' dir='ltr' id='par_1_100' title="bbox 1974 3933 3549 4006">
     <span class='ocr_line' id='line_1_100' title="bbox 1974 3933 3549 4006; baseline 0.004 -20"><span class='ocrx_word' id='word_1_841' title='bbox 1974 3947 2214 3987; x_wconf 91' lang='lat' dir='ltr'><strong>memoro</strong></span> <span class='ocrx_word' id='word_1_842' title='bbox 2247 3948 2260 3984; x_wconf 92' lang='lat'><strong>:</strong></span> <span class='ocrx_word' id='word_1_843' title='bbox 2312 3933 2599 4002; x_wconf 84' lang='lat' dir='ltr'><strong>propriam,</strong></span> <span class='ocrx_word' id='word_1_844' title='bbox 2631 3950 2958 4005; x_wconf 85' lang='lat' dir='ltr'><strong>expressam,</strong></span> <span class='ocrx_word' id='word_1_845' title='bbox 2985 3939 3298 4006; x_wconf 85' lang='lat' dir='ltr'><strong>simplicem,</strong></span> <span class='ocrx_word' id='word_1_846' title='bbox 3330 3937 3549 3993; x_wconf 87' lang='lat' dir='ltr'><strong>manife-</strong></span> 
     </span>
    </p>
   </div>
   <div class='ocr_carea' id='block_1_101' title="bbox 1975 4025 3546 4100">
    <p class='ocr_par' dir='ltr' id='par_1_101' title="bbox 1975 4025 3546 4100">
     <span class='ocr_line' id='line_1_101' title="bbox 1975 4025 3546 4100; baseline 0.004 -23"><span class='ocrx_word' id='word_1_847' title='bbox 1975 4033 2109 4078; x_wconf 87' lang='lat' dir='ltr'><strong>stam</strong></span> <span class='ocrx_word' id='word_1_848' title='bbox 2131 4025 2308 4079; x_wconf 91' lang='lat' dir='ltr'><strong>audite</strong></span> <span class='ocrx_word' id='word_1_849' title='bbox 2324 4025 2657 4094; x_wconf 85' lang='lat' dir='ltr'><strong>prophetiam</strong></span> <span class='ocrx_word' id='word_1_850' title='bbox 2679 4027 3005 4096; x_wconf 78' lang='lat' dir='ltr'><strong>przedictam,</strong></span> <span class='ocrx_word' id='word_1_851' title='bbox 3026 4027 3196 4083; x_wconf 80' lang='lat' dir='ltr'><strong>videte</strong></span> <span class='ocrx_word' id='word_1_852' title='bbox 3209 4031 3546 4100; x_wconf 88' lang='lat' dir='ltr'><strong>completam.</strong></span> 
     </span>
    </p>
   </div>
   <div class='ocr_carea' id='block_1_102' title="bbox 1983 4115 3551 4190">
    <p class='ocr_par' dir='ltr' id='par_1_102' title="bbox 1983 4115 3551 4190">
     <span class='ocr_line' id='line_1_102' title="bbox 1983 4115 3551 4190; baseline 0.005 -21"><span class='ocrx_word' id='word_1_853' title='bbox 1983 4115 2274 4184; x_wconf 77' lang='lat' dir='ltr'><strong>Prwvaluit,</strong></span> <span class='ocrx_word' id='word_1_854' title='bbox 2305 4118 2494 4187; x_wconf 91' lang='lat' dir='ltr'><strong>inquit,</strong></span> <span class='ocrx_word' id='word_1_855' title='bbox 2522 4118 2766 4172; x_wconf 89' lang='lat' dir='ltr'><strong>Dominus</strong></span> <span class='ocrx_word' id='word_1_856' title='bbox 2787 4118 3024 4173; x_wconf 83' lang='lat' dir='ltr'><strong>adversus</strong></span> <span class='ocrx_word' id='word_1_857' title='bbox 3046 4137 3128 4174; x_wconf 89' lang='lat' dir='ltr'><strong>cos</strong></span> <span class='ocrx_word' id='word_1_858' title='bbox 3150 4138 3170 4187; x_wconf 86' lang='lat'><em>;</em></span> <span class='ocrx_word' id='word_1_859' title='bbox 3201 4121 3453 4190; x_wconf 90' lang='lat' dir='ltr'><strong>propheta</strong></span> <span class='ocrx_word' id='word_1_860' title='bbox 3470 4123 3551 4177; x_wconf 88' lang='lat' dir='ltr'><strong>di-</strong></span> 
     </span>
    </p>
   </div>
   <div class='ocr_carea' id='block_1_103' title="bbox 1977 4211 3550 4284">
    <p class='ocr_par' dir='ltr' id='par_1_103' title="bbox 1977 4211 3550 4284">
     <span class='ocr_line' id='line_1_103' title="bbox 1977 4211 3550 4284; baseline 0.003 -19"><span class='ocrx_word' id='word_1_861' title='bbox 1977 4213 2048 4266; x_wconf 86' lang='lat' dir='ltr'><strong>cit</strong></span> <span class='ocrx_word' id='word_1_862' title='bbox 2087 4211 2405 4281; x_wconf 90' lang='lat' dir='ltr'><strong>Sophonias.</strong></span> <span class='ocrx_word' id='word_1_863' title='bbox 2454 4211 2730 4266; x_wconf 86' lang='lat' dir='ltr'><strong>Adversus</strong></span> <span class='ocrx_word' id='word_1_864' title='bbox 2757 4223 3114 4284; x_wconf 77' lang='lat' dir='ltr'><strong>repugnantes</strong></span> <span class='ocrx_word' id='word_1_865' title='bbox 3142 4256 3155 4278; x_wconf 92' lang='lat'><strong>,</strong></span> <span class='ocrx_word' id='word_1_866' title='bbox 3189 4215 3443 4270; x_wconf 79' lang='lat' dir='ltr'><strong>adversus</strong></span> <span class='ocrx_word' id='word_1_867' title='bbox 3466 4231 3550 4270; x_wconf 86' lang='lat' dir='ltr'><strong>re-</strong></span> 
     </span>
    </p>
   </div>
   <div class='ocr_carea' id='block_1_104' title="bbox 1976 4305 3551 4378">
    <p class='ocr_par' dir='ltr' id='par_1_104' title="bbox 1976 4305 3551 4378">
     <span class='ocr_line' id='line_1_104' title="bbox 1976 4305 3551 4378; baseline 0.003 -19"><span class='ocrx_word' id='word_1_868' title='bbox 1976 4305 2239 4360; x_wconf 86' lang='lat' dir='ltr'><strong>bellantes</strong></span> <span class='ocrx_word' id='word_1_869' title='bbox 2264 4347 2278 4369; x_wconf 92' lang='lat'><strong>,</strong></span> <span class='ocrx_word' id='word_1_870' title='bbox 2311 4313 2364 4360; x_wconf 90' lang='lat' dir='ltr'><strong>et</strong></span> <span class='ocrx_word' id='word_1_871' title='bbox 2393 4305 2458 4360; x_wconf 92' lang='lat' dir='ltr'><strong>de</strong></span> <span class='ocrx_word' id='word_1_872' title='bbox 2489 4307 2762 4362; x_wconf 81' lang='lat' dir='ltr'><strong>occisione</strong></span> <span class='ocrx_word' id='word_1_873' title='bbox 2791 4307 3025 4362; x_wconf 82' lang='lat' dir='ltr'><strong>fidelium</strong></span> <span class='ocrx_word' id='word_1_874' title='bbox 3065 4317 3324 4378; x_wconf 83' lang='lat' dir='ltr'><strong>martyres</strong></span> <span class='ocrx_word' id='word_1_875' title='bbox 3354 4307 3551 4364; x_wconf 86' lang='lat' dir='ltr'><strong>facien-</strong></span> 
     </span>
    </p>
   </div>
   <div class='ocr_carea' id='block_1_105' title="bbox 1979 4398 3550 4464">
    <p class='ocr_par' dir='ltr' id='par_1_105' title="bbox 1979 4398 3550 4464">
     <span class='ocr_line' id='line_1_105' title="bbox 1979 4398 3550 4464; baseline 0.005 -15"><span class='ocrx_word' id='word_1_876' title='bbox 1979 4405 2054 4450; x_wconf 90' lang='lat' dir='ltr'><strong>tes</strong></span> <span class='ocrx_word' id='word_1_877' title='bbox 2081 4439 2097 4463; x_wconf 95' lang='lat'><strong>,</strong></span> <span class='ocrx_word' id='word_1_878' title='bbox 2137 4398 2229 4452; x_wconf 88' lang='lat' dir='ltr'><strong>sed</strong></span> <span class='ocrx_word' id='word_1_879' title='bbox 2271 4407 2448 4453; x_wconf 90' lang='lat' dir='ltr'><strong>tamen</strong></span> <span class='ocrx_word' id='word_1_880' title='bbox 2477 4400 2780 4454; x_wconf 89' lang='lat' dir='ltr'><strong>nescientes</strong></span> <span class='ocrx_word' id='word_1_881' title='bbox 2810 4417 2824 4464; x_wconf 90' lang='lat'><strong>;</strong></span> <span class='ocrx_word' id='word_1_882' title='bbox 2866 4398 3144 4454; x_wconf 76' lang='lat' dir='ltr'><strong>Prwvalnit</strong></span> <span class='ocrx_word' id='word_1_883' title='bbox 3181 4400 3431 4456; x_wconf 87' lang='lat' dir='ltr'><strong>Dominus</strong></span> <span class='ocrx_word' id='word_1_884' title='bbox 3452 4404 3550 4457; x_wconf 82' lang='lat' dir='ltr'><strong>ad-</strong></span> 
     </span>
    </p>
   </div>
   <div class='ocr_carea' id='block_1_106' title="bbox 1975 4491 3548 4561">
    <p class='ocr_par' dir='ltr' id='par_1_106' title="bbox 1975 4491 3548 4561">
     <span class='ocr_line' id='line_1_106' title="bbox 1975 4491 3548 4561; baseline 0.004 -19"><span class='ocrx_word' id='word_1_885' title='bbox 1975 4505 2142 4543; x_wconf 81' lang='lat' dir='ltr'><strong>versus</strong></span> <span class='ocrx_word' id='word_1_886' title='bbox 2171 4507 2275 4544; x_wconf 88' lang='lat' dir='ltr'><strong>eos.</strong></span> <span class='ocrx_word' id='word_1_887' title='bbox 2309 4491 2374 4545; x_wconf 85' lang='lat' dir='ltr'><strong>Et</strong></span> <span class='ocrx_word' id='word_1_888' title='bbox 2424 4491 2692 4561; x_wconf 90' lang='lat' dir='ltr'><strong>quomodo</strong></span> <span class='ocrx_word' id='word_1_889' title='bbox 2722 4493 3043 4560; x_wconf 59' lang='lat' dir='ltr'><strong>praevaluit?</strong></span> <span class='ocrx_word' id='word_1_890' title='bbox 3087 4491 3141 4546; x_wconf 92' lang='lat' dir='ltr'><strong>In</strong></span> <span class='ocrx_word' id='word_1_891' title='bbox 3189 4493 3420 4546; x_wconf 82' lang='lat' dir='ltr'><strong>Ecclesia</strong></span> <span class='ocrx_word' id='word_1_892' title='bbox 3453 4509 3548 4548; x_wconf 88' lang='lat' dir='ltr'><strong>sua</strong></span> 
     </span>
    </p>
   </div>
   <div class='ocr_carea' id='block_1_107' title="bbox 1975 4581 3551 4656">
    <p class='ocr_par' dir='ltr' id='par_1_107' title="bbox 1975 4581 3551 4656">
     <span class='ocr_line' id='line_1_107' title="bbox 1975 4581 3551 4656; baseline 0.001 -20"><span class='ocrx_word' id='word_1_893' title='bbox 1975 4581 2218 4636; x_wconf 85' lang='lat' dir='ltr'><strong>videmus</strong></span> <span class='ocrx_word' id='word_1_894' title='bbox 2245 4584 2364 4651; x_wconf 89' lang='lat' dir='ltr'><strong>quia</strong></span> <span class='ocrx_word' id='word_1_895' title='bbox 2397 4583 2678 4652; x_wconf 69' lang='lat' dir='ltr'><strong>praavaluit</strong></span> <span class='ocrx_word' id='word_1_896' title='bbox 2697 4582 2956 4637; x_wconf 86' lang='lat' dir='ltr'><strong>adversus</strong></span> <span class='ocrx_word' id='word_1_897' title='bbox 2983 4599 3096 4638; x_wconf 90' lang='lat' dir='ltr'><strong>eos.</strong></span> <span class='ocrx_word' id='word_1_898' title='bbox 3133 4583 3394 4638; x_wconf 80' lang='lat' dir='ltr'><strong>Volebam</strong></span> <span class='ocrx_word' id='word_1_899' title='bbox 3419 4599 3551 4656; x_wconf 88' lang='lat' dir='ltr'><strong>pau-</strong></span> 
     </span>
    </p>
   </div>
   <div class='ocr_carea' id='block_1_108' title="bbox 1975 4675 3549 4748">
    <p class='ocr_par' dir='ltr' id='par_1_108' title="bbox 1975 4675 3549 4748">
     <span class='ocr_line' id='line_1_108' title="bbox 1975 4675 3549 4748; baseline 0.003 -20"><span class='ocrx_word' id='word_1_900' title='bbox 1975 4689 2067 4728; x_wconf 88' lang='lat' dir='ltr'><strong>cos</strong></span> <span class='ocrx_word' id='word_1_901' title='bbox 2109 4675 2444 4728; x_wconf 72' lang='lat' dir='ltr'><strong>Chrisdanos</strong></span> <span class='ocrx_word' id='word_1_902' title='bbox 2473 4675 2855 4746; x_wconf 80' lang='lat' dir='ltr'><strong>exstinguere,</strong></span> <span class='ocrx_word' id='word_1_903' title='bbox 2906 4675 3188 4743; x_wconf 87' lang='lat' dir='ltr'><strong>occidere;</strong></span> <span class='ocrx_word' id='word_1_904' title='bbox 3237 4677 3549 4748; x_wconf 85' lang='lat' dir='ltr'><strong>sanguinem</strong></span> 
     </span>
    </p>
   </div>
   <div class='ocr_carea' id='block_1_109' title="bbox 1976 4767 3550 4836">
    <p class='ocr_par' dir='ltr' id='par_1_109' title="bbox 1976 4767 3550 4836">
     <span class='ocr_line' id='line_1_109' title="bbox 1976 4767 3550 4836; baseline 0 -14"><span class='ocrx_word' id='word_1_905' title='bbox 1976 4767 2261 4822; x_wconf 90' lang='lat' dir='ltr'><strong>fuderunt:</strong></span> <span class='ocrx_word' id='word_1_906' title='bbox 2294 4767 2360 4821; x_wconf 91' lang='lat' dir='ltr'><strong>de</strong></span> <span class='ocrx_word' id='word_1_907' title='bbox 2406 4768 2661 4836; x_wconf 79' lang='lat' dir='ltr'><strong>sanguine</strong></span> <span class='ocrx_word' id='word_1_908' title='bbox 2710 4767 3008 4822; x_wconf 86' lang='lat' dir='ltr'><strong>occisorum</strong></span> <span class='ocrx_word' id='word_1_909' title='bbox 3054 4769 3182 4822; x_wconf 90' lang='lat' dir='ltr'><strong>tanti</strong></span> <span class='ocrx_word' id='word_1_910' title='bbox 3228 4783 3550 4823; x_wconf 86' lang='lat' dir='ltr'><strong>exsurrexe-</strong></span> 
     </span>
    </p>
   </div>
   <div class='ocr_carea' id='block_1_110' title="bbox 1975 4860 3552 4932">
    <p class='ocr_par' dir='ltr' id='par_1_110' title="bbox 1975 4860 3552 4932">
     <span class='ocr_line' id='line_1_110' title="bbox 1975 4860 3552 4932; baseline -0.003 -16"><span class='ocrx_word' id='word_1_911' title='bbox 1975 4873 2098 4916; x_wconf 90' lang='lat' dir='ltr'><strong>runt</strong></span> <span class='ocrx_word' id='word_1_912' title='bbox 2128 4903 2142 4927; x_wconf 90' lang='lat'><strong>,</strong></span> <span class='ocrx_word' id='word_1_913' title='bbox 2188 4877 2219 4916; x_wconf 88' lang='lat' dir='ltr'><strong>a</strong></span> <span class='ocrx_word' id='word_1_914' title='bbox 2269 4861 2461 4931; x_wconf 88' lang='lat' dir='ltr'><strong>quibus</strong></span> <span class='ocrx_word' id='word_1_915' title='bbox 2490 4860 2562 4915; x_wconf 86' lang='lat' dir='ltr'><strong>illi</strong></span> <span class='ocrx_word' id='word_1_916' title='bbox 2594 4860 2969 4915; x_wconf 88' lang='lat' dir='ltr'><strong>interfectores</strong></span> <span class='ocrx_word' id='word_1_917' title='bbox 2998 4871 3292 4932; x_wconf 86' lang='lat' dir='ltr'><strong>martyrum</strong></span> <span class='ocrx_word' id='word_1_918' title='bbox 3332 4874 3552 4930; x_wconf 87' lang='lat' dir='ltr'><strong>supera-</strong></span> 
     </span>
    </p>
   </div>
   <div class='ocr_carea' id='block_1_111' title="bbox 1976 4951 3550 5024">
    <p class='ocr_par' dir='ltr' id='par_1_111' title="bbox 1976 4951 3550 5024">
     <span class='ocr_line' id='line_1_111' title="bbox 1976 4951 3550 5024; baseline -0.004 -13"><span class='ocrx_word' id='word_1_919' title='bbox 1976 4967 2178 5012; x_wconf 89' lang='lat' dir='ltr'><strong>rentur.</strong></span> <span class='ocrx_word' id='word_1_920' title='bbox 2201 4955 2402 5022; x_wconf 85' lang='lat' dir='ltr'><strong>Tamen</strong></span> <span class='ocrx_word' id='word_1_921' title='bbox 2427 4964 2480 5009; x_wconf 92' lang='lat' dir='ltr'><strong>et</strong></span> <span class='ocrx_word' id='word_1_922' title='bbox 2506 4954 2666 5009; x_wconf 90' lang='lat' dir='ltr'><strong>modo</strong></span> <span class='ocrx_word' id='word_1_923' title='bbox 2686 4963 2930 5024; x_wconf 82' lang='lat' dir='ltr'><strong>quaerunt</strong></span> <span class='ocrx_word' id='word_1_924' title='bbox 2955 4954 3044 5009; x_wconf 87' lang='lat' dir='ltr'><strong>ubi</strong></span> <span class='ocrx_word' id='word_1_925' title='bbox 3067 4951 3396 5008; x_wconf 89' lang='lat' dir='ltr'><strong>abscondant</strong></span> <span class='ocrx_word' id='word_1_926' title='bbox 3411 4951 3550 5004; x_wconf 89' lang='lat' dir='ltr'><strong>idola</strong></span> 
     </span>
    </p>
   </div>
   <div class='ocr_carea' id='block_1_112' title="bbox 1977 5040 3548 5120">
    <p class='ocr_par' dir='ltr' id='par_1_112' title="bbox 1977 5040 3548 5120">
     <span class='ocr_line' id='line_1_112' title="bbox 1977 5040 3548 5120; baseline -0.006 -17"><span class='ocrx_word' id='word_1_927' title='bbox 1977 5065 2089 5114; x_wconf 90' lang='lat' dir='ltr'><strong>sua,</strong></span> <span class='ocrx_word' id='word_1_928' title='bbox 2121 5051 2208 5120; x_wconf 87' lang='lat' dir='ltr'><strong>qui</strong></span> <span class='ocrx_word' id='word_1_929' title='bbox 2233 5051 2402 5117; x_wconf 86' lang='lat' dir='ltr'><strong>primo</strong></span> <span class='ocrx_word' id='word_1_930' title='bbox 2423 5045 2755 5102; x_wconf 83' lang='lat' dir='ltr'><strong>Christianos</strong></span> <span class='ocrx_word' id='word_1_931' title='bbox 2789 5053 3008 5116; x_wconf 85' lang='lat' dir='ltr'><strong>prOpter</strong></span> <span class='ocrx_word' id='word_1_932' title='bbox 3030 5044 3169 5098; x_wconf 84' lang='lat' dir='ltr'><strong>idola</strong></span> <span class='ocrx_word' id='word_1_933' title='bbox 3191 5040 3548 5096; x_wconf 85' lang='lat' dir='ltr'><strong>trucidabant.</strong></span> 
     </span>
    </p>
   </div>
   <div class='ocr_carea' id='block_1_113' title="bbox 1977 5129 3548 5210">
    <p class='ocr_par' dir='ltr' id='par_1_113' title="bbox 1977 5129 3548 5210">
     <span class='ocr_line' id='line_1_113' title="bbox 1977 5129 3548 5210; baseline -0.009 -14"><span class='ocrx_word' id='word_1_934' title='bbox 1977 5141 2165 5196; x_wconf 88' lang='lat' dir='ltr'><strong>Nonne</strong></span> <span class='ocrx_word' id='word_1_935' title='bbox 2220 5139 2494 5210; x_wconf 76' lang='lat' dir='ltr'><strong>prmvaluit</strong></span> <span class='ocrx_word' id='word_1_936' title='bbox 2537 5139 2795 5193; x_wconf 88' lang='lat' dir='ltr'><strong>adversus</strong></span> <span class='ocrx_word' id='word_1_937' title='bbox 2837 5152 2931 5190; x_wconf 90' lang='lat' dir='ltr'><strong>eos</strong></span> <span class='ocrx_word' id='word_1_938' title='bbox 2987 5131 3289 5188; x_wconf 85' lang='lat' dir='ltr'><strong>Dominus?</strong></span> <span class='ocrx_word' id='word_1_939' title='bbox 3330 5129 3458 5184; x_wconf 80' lang='lat' dir='ltr'><strong>Vide</strong></span> <span class='ocrx_word' id='word_1_940' title='bbox 3503 5129 3548 5183; x_wconf 88' lang='lat' dir='ltr'><strong>si</strong></span> 
     </span>
    </p>
   </div>
   <div class='ocr_carea' id='block_1_114' title="bbox 1979 5221 3546 5305">
    <p class='ocr_par' dir='ltr' id='par_1_114' title="bbox 1979 5221 3546 5305">
     <span class='ocr_line' id='line_1_114' title="bbox 1979 5221 3546 5305; baseline -0.011 -17"><span class='ocrx_word' id='word_1_941' title='bbox 1979 5235 2099 5288; x_wconf 87' lang='lat' dir='ltr'><strong>facit</strong></span> <span class='ocrx_word' id='word_1_942' title='bbox 2125 5233 2268 5305; x_wconf 85' lang='lat' dir='ltr'><strong>quod</strong></span> <span class='ocrx_word' id='word_1_943' title='bbox 2314 5233 2574 5303; x_wconf 85' lang='lat' dir='ltr'><strong>sequitur,</strong></span> <span class='ocrx_word' id='word_1_944' title='bbox 2600 5228 2876 5284; x_wconf 78' lang='lat' dir='ltr'><strong>Prtevaluit</strong></span> <span class='ocrx_word' id='word_1_945' title='bbox 2903 5225 3148 5278; x_wconf 86' lang='lat' dir='ltr'><strong>Dominus</strong></span> <span class='ocrx_word' id='word_1_946' title='bbox 3175 5221 3414 5274; x_wconf 84' lang='lat' dir='ltr'><strong>adversus</strong></span> <span class='ocrx_word' id='word_1_947' title='bbox 3439 5235 3546 5272; x_wconf 88' lang='lat' dir='ltr'><strong>eos.</strong></span> 
     </span>
    </p>
   </div>
   <div class='ocr_carea' id='block_1_115' title="bbox 1978 5311 3548 5398">
    <p class='ocr_par' dir='ltr' id='par_1_115' title="bbox 1978 5311 3548 5398">
     <span class='ocr_line' id='line_1_115' title="bbox 1978 5311 3548 5398; baseline -0.013 -15"><span class='ocrx_word' id='word_1_948' title='bbox 1978 5327 2046 5383; x_wconf 87' lang='lat' dir='ltr'><strong>Et</strong></span> <span class='ocrx_word' id='word_1_949' title='bbox 2075 5327 2199 5398; x_wconf 89' lang='lat' dir='ltr'><strong>quid</strong></span> <span class='ocrx_word' id='word_1_950' title='bbox 2227 5325 2383 5382; x_wconf 82' lang='lat' dir='ltr'><strong>fecit?</strong></span> <span class='ocrx_word' id='word_1_951' title='bbox 2401 5323 2768 5379; x_wconf 72' lang='lat' dir='ltr'><strong>Exterminavit</strong></span> <span class='ocrx_word' id='word_1_952' title='bbox 2794 5333 2963 5370; x_wconf 80' lang='lat' dir='ltr'><strong>omnes</strong></span> <span class='ocrx_word' id='word_1_953' title='bbox 2981 5315 3099 5367; x_wconf 90' lang='lat' dir='ltr'><strong>deos</strong></span> <span class='ocrx_word' id='word_1_954' title='bbox 3121 5311 3354 5368; x_wconf 81' lang='lat' dir='ltr'><strong>Gentium</strong></span> <span class='ocrx_word' id='word_1_955' title='bbox 3382 5321 3548 5374; x_wconf 70' lang='lat' dir='ltr'><strong>terrm;</strong></span> 
     </span>
    </p>
   </div>
   <div class='ocr_carea' id='block_1_116' title="bbox 1977 5401 3549 5482">
    <p class='ocr_par' dir='ltr' id='par_1_116' title="bbox 1977 5401 3549 5482">
     <span class='ocr_line' id='line_1_116' title="bbox 1977 5401 3549 5482; baseline -0.015 -5"><span class='ocrx_word' id='word_1_956' title='bbox 1977 5432 2021 5477; x_wconf 90' lang='lat' dir='ltr'><strong>et</strong></span> <span class='ocrx_word' id='word_1_957' title='bbox 2043 5422 2326 5475; x_wconf 86' lang='lat' dir='ltr'><strong>adorabunt</strong></span> <span class='ocrx_word' id='word_1_958' title='bbox 2359 5435 2472 5472; x_wconf 90' lang='lat' dir='ltr'><strong>eum</strong></span> <span class='ocrx_word' id='word_1_959' title='bbox 2503 5413 2838 5482; x_wconf 83' lang='lat' dir='ltr'><strong>unusquisque</strong></span> <span class='ocrx_word' id='word_1_960' title='bbox 2861 5408 2923 5461; x_wconf 89' lang='lat' dir='ltr'><strong>de</strong></span> <span class='ocrx_word' id='word_1_961' title='bbox 2948 5407 3056 5460; x_wconf 85' lang='lat' dir='ltr'><strong>loco</strong></span> <span class='ocrx_word' id='word_1_962' title='bbox 3080 5421 3190 5469; x_wconf 90' lang='lat' dir='ltr'><strong>suo,</strong></span> <span class='ocrx_word' id='word_1_963' title='bbox 3218 5417 3388 5456; x_wconf 86' lang='lat' dir='ltr'><strong>omnes</strong></span> <span class='ocrx_word' id='word_1_964' title='bbox 3405 5401 3549 5454; x_wconf 79' lang='lat' dir='ltr'><strong>insu-</strong></span> 
     </span>
    </p>
   </div>
   <div class='ocr_carea' id='block_1_117' title="bbox 1979 5491 3552 5576">
    <p class='ocr_par' dir='ltr' id='par_1_117' title="bbox 1979 5491 3552 5576">
     <span class='ocr_line' id='line_1_117' title="bbox 1979 5491 3552 5576; baseline -0.011 -8"><span class='ocrx_word' id='word_1_965' title='bbox 1979 5513 2044 5568; x_wconf 79' lang='lat' dir='ltr'><strong>la:</strong></span> <span class='ocrx_word' id='word_1_966' title='bbox 2068 5511 2303 5568; x_wconf 84' lang='lat' dir='ltr'><strong>Gentium</strong></span> <span class='ocrx_word' id='word_1_967' title='bbox 2332 5509 2350 5576; x_wconf 92' lang='lat'><strong>(</strong></span> <span class='ocrx_word' id='word_1_968' title='bbox 2377 5507 2606 5576; x_wconf 85' lang='lat' dir='ltr'><strong>Sophon.</strong></span> <span class='ocrx_word' id='word_1_969' title='bbox 2653 5517 2723 5566; x_wconf 90' lang='grc' dir='ltr'>ιι,</span> <span class='ocrx_word' id='word_1_970' title='bbox 2751 5497 2860 5570; x_wconf 79' lang='lat' dir='ltr'><strong>ll).</strong></span> <span class='ocrx_word' id='word_1_971' title='bbox 2889 5495 3026 5565; x_wconf 88' lang='lat' dir='ltr'><strong>Quid</strong></span> <span class='ocrx_word' id='word_1_972' title='bbox 3052 5504 3136 5551; x_wconf 87' lang='lat' dir='ltr'><strong>est</strong></span> <span class='ocrx_word' id='word_1_973' title='bbox 3177 5491 3320 5550; x_wconf 85' lang='lat' dir='ltr'><strong>hoc?</strong></span> <span class='ocrx_word' id='word_1_974' title='bbox 3359 5491 3552 5550; x_wconf 84' lang='lat' dir='ltr'><strong>Nonne</strong></span> 
     </span>
    </p>
   </div>
   <div class='ocr_carea' id='block_1_118' title="bbox 1979 5587 3552 5678">
    <p class='ocr_par' dir='ltr' id='par_1_118' title="bbox 1979 5587 3552 5678">
     <span class='ocr_line' id='line_1_118' title="bbox 1979 5587 3552 5678; baseline -0.012 -16"><span class='ocrx_word' id='word_1_975' title='bbox 1979 5607 2288 5678; x_wconf 71' lang='lat' dir='ltr'><strong>praedictum</strong></span> <span class='ocrx_word' id='word_1_976' title='bbox 2311 5599 2466 5658; x_wconf 86' lang='lat' dir='ltr'><strong>erat?</strong></span> <span class='ocrx_word' id='word_1_977' title='bbox 2488 5609 2664 5652; x_wconf 89' lang='lat' dir='ltr'><strong>nonne</strong></span> <span class='ocrx_word' id='word_1_978' title='bbox 2691 5591 3017 5662; x_wconf 90' lang='lat' dir='ltr'><strong>completum</strong></span> <span class='ocrx_word' id='word_1_979' title='bbox 3037 5599 3120 5646; x_wconf 89' lang='lat' dir='ltr'><strong>est</strong></span> <span class='ocrx_word' id='word_1_980' title='bbox 3141 5589 3165 5645; x_wconf 66' lang='grc' dir='ltr'><strong>τ’</strong></span> <span class='ocrx_word' id='word_1_981' title='bbox 3192 5601 3371 5643; x_wconf 88' lang='lat' dir='ltr'><strong>nonne</strong></span> <span class='ocrx_word' id='word_1_982' title='bbox 3393 5597 3450 5642; x_wconf 91' lang='lat' dir='ltr'><strong>ut</strong></span> <span class='ocrx_word' id='word_1_983' title='bbox 3475 5587 3552 5644; x_wconf 88' lang='lat' dir='ltr'><strong>le-</strong></span> 
     </span>
    </p>
   </div>
   <div class='ocr_carea' id='block_1_119' title="bbox 2039 5724 3556 5802">
    <p class='ocr_par' dir='ltr' id='par_1_119' title="bbox 2039 5724 3556 5802">
     <span class='ocr_line' id='line_1_119' title="bbox 2039 5724 3556 5802; baseline -0.01 -9"><span class='ocrx_word' id='word_1_984' title='bbox 2039 5747 2056 5777; x_wconf 78' lang='grc' dir='ltr'><strong>ι</strong></span> <span class='ocrx_word' id='word_1_985' title='bbox 2081 5750 2209 5802; x_wconf 48' lang='lat' dir='ltr'><strong>Mss“</strong></span> <span class='ocrx_word' id='word_1_986' title='bbox 2233 5751 2326 5790; x_wconf 86' lang='lat' dir='ltr'><strong>non</strong></span> <span class='ocrx_word' id='word_1_987' title='bbox 2347 5735 2506 5802; x_wconf 80' lang='lat' dir='ltr'><strong>vident</strong></span> <span class='ocrx_word' id='word_1_988' title='bbox 2531 5747 2548 5784; x_wconf 94' lang='lat'><em>:</em></span> <span class='ocrx_word' id='word_1_989' title='bbox 2569 5739 2624 5783; x_wconf 92' lang='lat' dir='ltr'><strong>et</strong></span> <span class='ocrx_word' id='word_1_990' title='bbox 2650 5731 2736 5802; x_wconf 43' lang='lat' dir='ltr'><strong>sic.</strong></span> <span class='ocrx_word' id='word_1_991' title='bbox 2753 5725 2876 5778; x_wconf 86' lang='lat' dir='ltr'><strong>infra</strong></span> <span class='ocrx_word' id='word_1_992' title='bbox 2902 5734 3136 5802; x_wconf 71' lang='lat' dir='ltr'><strong>tempore</strong></span> <span class='ocrx_word' id='word_1_993' title='bbox 3179 5724 3436 5802; x_wconf 92' lang='lat'><strong>.</strong></span> 
     </span>
    </p>
   </div>
   <div class='ocr_carea' id='block_1_120' title="bbox 1976 5790 3556 5864">
    <p class='ocr_par' dir='ltr' id='par_1_120' title="bbox 1976 5790 3556 5864">
     <span class='ocr_line' id='line_1_120' title="bbox 1976 5790 3556 5864; baseline -0.013 -6"><span class='ocrx_word' id='word_1_994' title='bbox 1976 5790 2208 5864; x_wconf 55' lang='lat' dir='ltr'><strong>audiunt;</strong></span> <span class='ocrx_word' id='word_1_995' title='bbox 2227 5814 2321 5852; x_wconf 85' lang='lat' dir='ltr'><strong>non</strong></span> <span class='ocrx_word' id='word_1_996' title='bbox 2341 5799 2561 5862; x_wconf 84' lang='lat' dir='ltr'><strong>odorant,</strong></span> <span class='ocrx_word' id='word_1_997' title='bbox 2586 5805 2679 5846; x_wconf 86' lang='lat' dir='ltr'><strong>non</strong></span> <span class='ocrx_word' id='word_1_998' title='bbox 2719 5790 2994 5854; x_wconf 82' lang='lat' dir='ltr'><strong>loquuntur,</strong></span> <span class='ocrx_word' id='word_1_999' title='bbox 3021 5790 3127 5842; x_wconf 77' lang='lat' dir='ltr'><strong>non</strong></span> <span class='ocrx_word' id='word_1_1000' title='bbox 3157 5792 3437 5854; x_wconf 64' lang='lat' dir='ltr'><strong>operiuntur,</strong></span> <span class='ocrx_word' id='word_1_1001' title='bbox 3460 5799 3556 5839; x_wconf 75' lang='lat' dir='ltr'><strong>tum</strong></span> 
     </span>
    </p>
   </div>
   <div class='ocr_carea' id='block_1_121' title="bbox 1978 5867 2236 5920">
    <p class='ocr_par' dir='ltr' id='par_1_121' title="bbox 1978 5867 2236 5920">
     <span class='ocr_line' id='line_1_121' title="bbox 1978 5867 2236 5920; baseline -0.019 0"><span class='ocrx_word' id='word_1_1002' title='bbox 1978 5867 2236 5920; x_wconf 76' lang='lat' dir='ltr'><strong>mbulant.</strong></span> 
     </span>
    </p>
   </div>
  </div>
