  <div class='ocr_page' id='page_1' title='image "/cluster/home/n/w/nwhite01/storage/ocr_20150623/37/hvd.32044015471477/371.png"; bbox 0 0 4078 6488; ppageno 0'>
   <div class='ocr_carea' id='block_1_1' title="bbox 485 351 624 409">
    <p class='ocr_par' dir='ltr' id='par_1_1' title="bbox 485 351 624 409">
     <span class='ocr_line' id='line_1_1' title="bbox 485 351 624 409; baseline 0.014 -2"><span class='ocrx_word' id='word_1_1' title='bbox 485 351 624 409; x_wconf 75' lang='grc'><strong>1755</strong></span> 
     </span>
    </p>
   </div>
   <div class='ocr_carea' id='block_1_2' title="bbox 492 459 2069 538">
    <p class='ocr_par' dir='ltr' id='par_1_2' title="bbox 492 459 2069 538">
     <span class='ocr_line' id='line_1_2' title="bbox 492 459 2069 538; baseline -0.006 -16"><span class='ocrx_word' id='word_1_2' title='bbox 492 470 654 538; x_wconf 79' lang='lat' dir='ltr'><strong>gitur,</strong></span> <span class='ocrx_word' id='word_1_3' title='bbox 693 465 773 524; x_wconf 87' lang='lat' dir='ltr'><strong>sic</strong></span> <span class='ocrx_word' id='word_1_4' title='bbox 819 466 1067 524; x_wconf 82' lang='lat' dir='ltr'><strong>videtur?</strong></span> <span class='ocrx_word' id='word_1_5' title='bbox 1097 466 1163 523; x_wconf 84' lang='lat' dir='ltr'><strong>Et</strong></span> <span class='ocrx_word' id='word_1_6' title='bbox 1212 464 1286 520; x_wconf 87' lang='lat' dir='ltr'><strong>illi</strong></span> <span class='ocrx_word' id='word_1_7' title='bbox 1316 464 1405 536; x_wconf 88' lang='lat' dir='ltr'><strong>qui</strong></span> <span class='ocrx_word' id='word_1_8' title='bbox 1449 470 1851 526; x_wconf 87' lang='lat' dir='ltr'><strong>remanserunt,</strong></span> <span class='ocrx_word' id='word_1_9' title='bbox 1883 459 2069 515; x_wconf 88' lang='lat' dir='ltr'><strong>oculos</strong></span> 
     </span>
    </p>
   </div>
   <div class='ocr_carea' id='block_1_3' title="bbox 492 552 2072 629">
    <p class='ocr_par' dir='ltr' id='par_1_3' title="bbox 492 552 2072 629">
     <span class='ocr_line' id='line_1_3' title="bbox 492 552 2072 629; baseline -0.009 -12"><span class='ocrx_word' id='word_1_10' title='bbox 492 563 716 629; x_wconf 90' lang='lat' dir='ltr'><strong>habent,</strong></span> <span class='ocrx_word' id='word_1_11' title='bbox 749 570 805 617; x_wconf 89' lang='lat' dir='ltr'><strong>et</strong></span> <span class='ocrx_word' id='word_1_12' title='bbox 833 576 937 617; x_wconf 90' lang='lat' dir='ltr'><strong>non</strong></span> <span class='ocrx_word' id='word_1_13' title='bbox 969 560 1189 626; x_wconf 82' lang='lat' dir='ltr'><strong>vident;</strong></span> <span class='ocrx_word' id='word_1_14' title='bbox 1230 573 1391 614; x_wconf 88' lang='lat' dir='ltr'><strong>nares</strong></span> <span class='ocrx_word' id='word_1_15' title='bbox 1416 557 1645 623; x_wconf 77' lang='lat' dir='ltr'><strong>habent,</strong></span> <span class='ocrx_word' id='word_1_16' title='bbox 1694 564 1747 611; x_wconf 87' lang='lat' dir='ltr'><strong>et</strong></span> <span class='ocrx_word' id='word_1_17' title='bbox 1789 569 1897 609; x_wconf 90' lang='lat' dir='ltr'><strong>non</strong></span> <span class='ocrx_word' id='word_1_18' title='bbox 1940 552 2072 611; x_wconf 86' lang='lat' dir='ltr'><strong>odo-</strong></span> 
     </span>
    </p>
   </div>
   <div class='ocr_carea' id='block_1_4' title="bbox 495 645 2073 710">
    <p class='ocr_par' dir='ltr' id='par_1_4' title="bbox 495 645 2073 710">
     <span class='ocr_line' id='line_1_4' title="bbox 495 645 2073 710; baseline -0.009 0"><span class='ocrx_word' id='word_1_19' title='bbox 495 663 633 710; x_wconf 82' lang='lat' dir='ltr'><strong>rant.</strong></span> <span class='ocrx_word' id='word_1_20' title='bbox 674 654 790 710; x_wconf 85' lang='lat' dir='ltr'><strong>Non</strong></span> <span class='ocrx_word' id='word_1_21' title='bbox 820 654 1055 709; x_wconf 89' lang='lat' dir='ltr'><strong>sentiunt</strong></span> <span class='ocrx_word' id='word_1_22' title='bbox 1082 653 1225 707; x_wconf 92' lang='lat' dir='ltr'><strong>illum</strong></span> <span class='ocrx_word' id='word_1_23' title='bbox 1256 651 1477 707; x_wconf 86' lang='lat' dir='ltr'><strong>odorem</strong></span> <span class='ocrx_word' id='word_1_24' title='bbox 1510 667 1523 704; x_wconf 91' lang='lat'><strong>:</strong></span> <span class='ocrx_word' id='word_1_25' title='bbox 1555 648 1739 705; x_wconf 79' lang='lat' dir='ltr'><strong>Christi</strong></span> <span class='ocrx_word' id='word_1_26' title='bbox 1764 646 1924 701; x_wconf 87' lang='lat' dir='ltr'><strong>bonus</strong></span> <span class='ocrx_word' id='word_1_27' title='bbox 1947 645 2073 701; x_wconf 75' lang='lat' dir='ltr'><strong>oder</strong></span> 
     </span>
    </p>
   </div>
   <div class='ocr_carea' id='block_1_5' title="bbox 496 738 2069 815">
    <p class='ocr_par' dir='ltr' id='par_1_5' title="bbox 496 738 2069 815">
     <span class='ocr_line' id='line_1_5' title="bbox 496 738 2069 815; baseline -0.006 -14"><span class='ocrx_word' id='word_1_28' title='bbox 496 765 686 811; x_wconf 72' lang='lat' dir='ltr'><strong>minus,</strong></span> <span class='ocrx_word' id='word_1_29' title='bbox 715 748 852 805; x_wconf 77' lang='lat' dir='ltr'><strong>sicut</strong></span> <span class='ocrx_word' id='word_1_30' title='bbox 875 746 1005 801; x_wconf 89' lang='lat' dir='ltr'><strong>dicit</strong></span> <span class='ocrx_word' id='word_1_31' title='bbox 1035 745 1343 815; x_wconf 78' lang='lat' dir='ltr'><strong>Apostolus,</strong></span> <span class='ocrx_word' id='word_1_32' title='bbox 1363 744 1416 798; x_wconf 86' lang='lat' dir='ltr'><strong>in</strong></span> <span class='ocrx_word' id='word_1_33' title='bbox 1446 743 1583 799; x_wconf 89' lang='lat' dir='ltr'><strong>omni</strong></span> <span class='ocrx_word' id='word_1_34' title='bbox 1603 741 1714 796; x_wconf 77' lang='lat' dir='ltr'><strong>loco</strong></span> <span class='ocrx_word' id='word_1_35' title='bbox 1746 740 1830 811; x_wconf 90' lang='grc' dir='ltr'><strong>(ιι</strong></span> <span class='ocrx_word' id='word_1_36' title='bbox 1864 738 1980 797; x_wconf 67' lang='lat' dir='ltr'><strong>(Jac.</strong></span> <span class='ocrx_word' id='word_1_37' title='bbox 2011 753 2069 793; x_wconf 89' lang='lat' dir='ltr'><strong>tt.</strong></span> 
     </span>
    </p>
   </div>
   <div class='ocr_carea' id='block_1_6' title="bbox 500 832 2075 910">
    <p class='ocr_par' dir='ltr' id='par_1_6' title="bbox 500 832 2075 910">
     <span class='ocr_line' id='line_1_6' title="bbox 500 832 2075 910; baseline -0.008 -15"><span class='ocrx_word' id='word_1_38' title='bbox 500 842 612 910; x_wconf 76' lang='grc'><strong>15).</strong></span> <span class='ocrx_word' id='word_1_39' title='bbox 637 840 771 909; x_wconf 83' lang='lat' dir='ltr'><strong>Quid</strong></span> <span class='ocrx_word' id='word_1_40' title='bbox 804 840 1043 910; x_wconf 86' lang='lat' dir='ltr'><strong>prodest,</strong></span> <span class='ocrx_word' id='word_1_41' title='bbox 1065 839 1185 907; x_wconf 91' lang='lat' dir='ltr'><strong>quia</strong></span> <span class='ocrx_word' id='word_1_42' title='bbox 1220 855 1373 893; x_wconf 72' lang='lat' dir='ltr'><strong>nares</strong></span> <span class='ocrx_word' id='word_1_43' title='bbox 1400 837 1617 899; x_wconf 77' lang='lat' dir='ltr'><strong>habent,</strong></span> <span class='ocrx_word' id='word_1_44' title='bbox 1648 845 1701 890; x_wconf 85' lang='lat' dir='ltr'><strong>et</strong></span> <span class='ocrx_word' id='word_1_45' title='bbox 1727 850 1830 888; x_wconf 89' lang='lat' dir='ltr'><strong>non</strong></span> <span class='ocrx_word' id='word_1_46' title='bbox 1849 832 2075 887; x_wconf 86' lang='lat' dir='ltr'><strong>odorant</strong></span> 
     </span>
    </p>
   </div>
   <div class='ocr_carea' id='block_1_7' title="bbox 498 928 2072 989">
    <p class='ocr_par' dir='ltr' id='par_1_7' title="bbox 498 928 2072 989">
     <span class='ocr_line' id='line_1_7' title="bbox 498 928 2072 989; baseline -0.006 0"><span class='ocrx_word' id='word_1_47' title='bbox 498 945 604 989; x_wconf 86' lang='lat' dir='ltr'><strong>tam</strong></span> <span class='ocrx_word' id='word_1_48' title='bbox 627 950 840 988; x_wconf 86' lang='lat' dir='ltr'><strong>suavem</strong></span> <span class='ocrx_word' id='word_1_49' title='bbox 870 934 1339 989; x_wconf 74' lang='lat' dir='ltr'><strong>odoremtlbristi?</strong></span> <span class='ocrx_word' id='word_1_50' title='bbox 1371 932 1510 987; x_wconf 80' lang='lat' dir='ltr'><strong>Vere</strong></span> <span class='ocrx_word' id='word_1_51' title='bbox 1535 931 1584 985; x_wconf 91' lang='lat' dir='ltr'><strong>in</strong></span> <span class='ocrx_word' id='word_1_52' title='bbox 1616 931 1718 986; x_wconf 72' lang='lat' dir='ltr'><strong>illis</strong></span> <span class='ocrx_word' id='word_1_53' title='bbox 1750 928 1942 983; x_wconf 77' lang='lat' dir='ltr'><strong>factum</strong></span> <span class='ocrx_word' id='word_1_54' title='bbox 1969 935 2072 989; x_wconf 85' lang='lat' dir='ltr'><strong>est,</strong></span> 
     </span>
    </p>
   </div>
   <div class='ocr_carea' id='block_1_8' title="bbox 496 1015 2077 1090">
    <p class='ocr_par' dir='ltr' id='par_1_8' title="bbox 496 1015 2077 1090">
     <span class='ocr_line' id='line_1_8' title="bbox 496 1015 2077 1090; baseline -0.006 -11"><span class='ocrx_word' id='word_1_55' title='bbox 496 1035 550 1079; x_wconf 89' lang='lat' dir='ltr'><strong>et</strong></span> <span class='ocrx_word' id='word_1_56' title='bbox 582 1041 708 1080; x_wconf 83' lang='lat' dir='ltr'><strong>vere</strong></span> <span class='ocrx_word' id='word_1_57' title='bbox 733 1026 800 1083; x_wconf 91' lang='lat' dir='ltr'><strong>de</strong></span> <span class='ocrx_word' id='word_1_58' title='bbox 823 1026 925 1080; x_wconf 79' lang='lat' dir='ltr'><strong>illis</strong></span> <span class='ocrx_word' id='word_1_59' title='bbox 956 1026 1154 1080; x_wconf 86' lang='lat' dir='ltr'><strong>dictum</strong></span> <span class='ocrx_word' id='word_1_60' title='bbox 1180 1036 1257 1079; x_wconf 79' lang='lat' dir='ltr'><strong>est</strong></span> <span class='ocrx_word' id='word_1_61' title='bbox 1287 1068 1300 1090; x_wconf 95' lang='lat'><strong>,</strong></span> <span class='ocrx_word' id='word_1_62' title='bbox 1329 1025 1532 1079; x_wconf 85' lang='lat' dir='ltr'><strong>Similes</strong></span> <span class='ocrx_word' id='word_1_63' title='bbox 1554 1024 1654 1077; x_wconf 80' lang='lat' dir='ltr'><strong>illis</strong></span> <span class='ocrx_word' id='word_1_64' title='bbox 1676 1023 1775 1076; x_wconf 86' lang='lat' dir='ltr'><strong>sint</strong></span> <span class='ocrx_word' id='word_1_65' title='bbox 1805 1034 1974 1074; x_wconf 84' lang='lat' dir='ltr'><strong>omnes</strong></span> <span class='ocrx_word' id='word_1_66' title='bbox 1992 1015 2077 1087; x_wconf 81' lang='lat' dir='ltr'><strong>qui</strong></span> 
     </span>
    </p>
   </div>
   <div class='ocr_carea' id='block_1_9' title="bbox 494 1118 1669 1185">
    <p class='ocr_par' dir='ltr' id='par_1_9' title="bbox 494 1118 1669 1185">
     <span class='ocr_line' id='line_1_9' title="bbox 494 1118 1669 1185; baseline 0 -18"><span class='ocrx_word' id='word_1_67' title='bbox 494 1118 689 1185; x_wconf 75' lang='lat' dir='ltr'><strong>faciunt</strong></span> <span class='ocrx_word' id='word_1_68' title='bbox 715 1134 793 1181; x_wconf 88' lang='lat' dir='ltr'><strong>ea,</strong></span> <span class='ocrx_word' id='word_1_69' title='bbox 827 1128 871 1171; x_wconf 86' lang='lat' dir='ltr'><strong>et</strong></span> <span class='ocrx_word' id='word_1_70' title='bbox 902 1133 1072 1177; x_wconf 82' lang='lat' dir='ltr'><strong>omnes</strong></span> <span class='ocrx_word' id='word_1_71' title='bbox 1097 1118 1182 1184; x_wconf 87' lang='lat' dir='ltr'><strong>qui</strong></span> <span class='ocrx_word' id='word_1_72' title='bbox 1215 1118 1479 1185; x_wconf 74' lang='lat' dir='ltr'><strong>conﬁdunt</strong></span> <span class='ocrx_word' id='word_1_73' title='bbox 1506 1118 1555 1169; x_wconf 86' lang='lat' dir='ltr'><strong>in</strong></span> <span class='ocrx_word' id='word_1_74' title='bbox 1582 1118 1669 1170; x_wconf 86' lang='lat' dir='ltr'><strong>eis.</strong></span> 
     </span>
    </p>
   </div>
   <div class='ocr_carea' id='block_1_10' title="bbox 568 1204 2077 1280">
    <p class='ocr_par' dir='ltr' id='par_1_10' title="bbox 568 1204 2077 1280">
     <span class='ocr_line' id='line_1_10' title="bbox 568 1204 2077 1280; baseline 0.003 -21"><span class='ocrx_word' id='word_1_75' title='bbox 568 1207 660 1259; x_wconf 73' lang='lat'><strong>25.</strong></span> <span class='ocrx_word' id='word_1_76' title='bbox 706 1204 852 1279; x_wconf 66' lang='lat' dir='ltr'><strong>[ven</strong></span> <span class='ocrx_word' id='word_1_77' title='bbox 881 1209 966 1270; x_wconf 77' lang='lat' dir='ltr'><strong>l9,</strong></span> <span class='ocrx_word' id='word_1_78' title='bbox 986 1205 1104 1280; x_wconf 75' lang='lat'><strong>9.0.]</strong></span> <span class='ocrx_word' id='word_1_79' title='bbox 1132 1207 1237 1263; x_wconf 95' lang='lat' dir='ltr'><strong>Sed</strong></span> <span class='ocrx_word' id='word_1_80' title='bbox 1278 1207 1513 1277; x_wconf 86' lang='lat' dir='ltr'><strong>quotidie</strong></span> <span class='ocrx_word' id='word_1_81' title='bbox 1541 1206 1766 1262; x_wconf 74' lang='lat' dir='ltr'><strong>credunt</strong></span> <span class='ocrx_word' id='word_1_82' title='bbox 1792 1223 1886 1277; x_wconf 81' lang='lat' dir='ltr'><strong>per</strong></span> <span class='ocrx_word' id='word_1_83' title='bbox 1914 1210 2077 1264; x_wconf 83' lang='lat' dir='ltr'><strong>mira-</strong></span> 
     </span>
    </p>
   </div>
   <div class='ocr_carea' id='block_1_11' title="bbox 503 1295 2077 1369">
    <p class='ocr_par' dir='ltr' id='par_1_11' title="bbox 503 1295 2077 1369">
     <span class='ocr_line' id='line_1_11' title="bbox 503 1295 2077 1369; baseline 0.004 -18"><span class='ocrx_word' id='word_1_84' title='bbox 503 1298 618 1351; x_wconf 89' lang='lat' dir='ltr'><strong>cula</strong></span> <span class='ocrx_word' id='word_1_85' title='bbox 649 1295 847 1353; x_wconf 90' lang='lat' dir='ltr'><strong>Christi</strong></span> <span class='ocrx_word' id='word_1_86' title='bbox 877 1299 1086 1355; x_wconf 84' lang='lat' dir='ltr'><strong>Domini</strong></span> <span class='ocrx_word' id='word_1_87' title='bbox 1120 1340 1133 1364; x_wconf 94' lang='lat'><strong>,</strong></span> <span class='ocrx_word' id='word_1_88' title='bbox 1183 1300 1419 1369; x_wconf 87' lang='lat' dir='ltr'><strong>quotidie</strong></span> <span class='ocrx_word' id='word_1_89' title='bbox 1462 1301 1776 1369; x_wconf 82' lang='lat' dir='ltr'><strong>aperiuntur</strong></span> <span class='ocrx_word' id='word_1_90' title='bbox 1810 1302 1946 1355; x_wconf 90' lang='lat' dir='ltr'><strong>oculi</strong></span> <span class='ocrx_word' id='word_1_91' title='bbox 1973 1319 2077 1357; x_wconf 72' lang='lat' dir='ltr'><strong>cm-</strong></span> 
     </span>
    </p>
   </div>
   <div class='ocr_carea' id='block_1_12' title="bbox 499 1392 2075 1460">
    <p class='ocr_par' dir='ltr' id='par_1_12' title="bbox 499 1392 2075 1460">
     <span class='ocr_line' id='line_1_12' title="bbox 499 1392 2075 1460; baseline 0.003 -16"><span class='ocrx_word' id='word_1_92' title='bbox 499 1406 683 1446; x_wconf 87' lang='lat' dir='ltr'><strong>corum</strong></span> <span class='ocrx_word' id='word_1_93' title='bbox 716 1401 770 1447; x_wconf 84' lang='lat' dir='ltr'><strong>et</strong></span> <span class='ocrx_word' id='word_1_94' title='bbox 807 1407 964 1447; x_wconf 80' lang='lat' dir='ltr'><strong>aures</strong></span> <span class='ocrx_word' id='word_1_95' title='bbox 1003 1392 1317 1457; x_wconf 91' lang='lat' dir='ltr'><strong>surdorum,</strong></span> <span class='ocrx_word' id='word_1_96' title='bbox 1353 1393 1676 1460; x_wconf 81' lang='lat' dir='ltr'><strong>inSpirantur</strong></span> <span class='ocrx_word' id='word_1_97' title='bbox 1707 1410 1860 1448; x_wconf 74' lang='lat' dir='ltr'><strong>nares</strong></span> <span class='ocrx_word' id='word_1_98' title='bbox 1892 1396 2075 1449; x_wconf 82' lang='lat' dir='ltr'><strong>insen-</strong></span> 
     </span>
    </p>
   </div>
   <div class='ocr_carea' id='block_1_13' title="bbox 506 1483 2080 1556">
    <p class='ocr_par' dir='ltr' id='par_1_13' title="bbox 506 1483 2080 1556">
     <span class='ocr_line' id='line_1_13' title="bbox 506 1483 2080 1556; baseline 0.005 -21"><span class='ocrx_word' id='word_1_99' title='bbox 506 1493 762 1550; x_wconf 86' lang='lat' dir='ltr'><strong>satorum,</strong></span> <span class='ocrx_word' id='word_1_100' title='bbox 789 1483 1154 1541; x_wconf 78' lang='lat' dir='ltr'><strong>dissolvuntur</strong></span> <span class='ocrx_word' id='word_1_101' title='bbox 1184 1501 1277 1538; x_wconf 88' lang='lat' dir='ltr'><strong>ora</strong></span> <span class='ocrx_word' id='word_1_102' title='bbox 1306 1494 1571 1547; x_wconf 87' lang='lat' dir='ltr'><strong>mutorum</strong></span> <span class='ocrx_word' id='word_1_103' title='bbox 1601 1526 1616 1548; x_wconf 90' lang='lat'><strong>,</strong></span> <span class='ocrx_word' id='word_1_104' title='bbox 1645 1487 2080 1556; x_wconf 73' lang='lat' dir='ltr'><strong>constringuntur</strong></span> 
     </span>
    </p>
   </div>
   <div class='ocr_carea' id='block_1_14' title="bbox 506 1577 2075 1649">
    <p class='ocr_par' dir='ltr' id='par_1_14' title="bbox 506 1577 2075 1649">
     <span class='ocr_line' id='line_1_14' title="bbox 506 1577 2075 1649; baseline 0.004 -21"><span class='ocrx_word' id='word_1_105' title='bbox 506 1591 693 1631; x_wconf 85' lang='lat' dir='ltr'><strong>manus</strong></span> <span class='ocrx_word' id='word_1_106' title='bbox 722 1577 1158 1649; x_wconf 82' lang='lat' dir='ltr'><strong>paralyticorum,</strong></span> <span class='ocrx_word' id='word_1_107' title='bbox 1178 1578 1516 1647; x_wconf 74' lang='lat' dir='ltr'><strong>corriguntur</strong></span> <span class='ocrx_word' id='word_1_108' title='bbox 1543 1578 1705 1647; x_wconf 76' lang='lat' dir='ltr'><strong>pedes</strong></span> <span class='ocrx_word' id='word_1_109' title='bbox 1725 1579 2030 1634; x_wconf 81' lang='lat' dir='ltr'><strong>ciaudorum</strong></span> <span class='ocrx_word' id='word_1_110' title='bbox 2062 1623 2075 1645; x_wconf 92' lang='lat'><strong>,</strong></span> 
     </span>
    </p>
   </div>
   <div class='ocr_carea' id='block_1_15' title="bbox 496 1667 2075 1744">
    <p class='ocr_par' dir='ltr' id='par_1_15' title="bbox 496 1667 2075 1744">
     <span class='ocr_line' id='line_1_15' title="bbox 496 1667 2075 1744; baseline 0.003 -21"><span class='ocrx_word' id='word_1_111' title='bbox 496 1667 562 1723; x_wconf 90' lang='lat' dir='ltr'><strong>de</strong></span> <span class='ocrx_word' id='word_1_112' title='bbox 591 1669 850 1739; x_wconf 80' lang='lat' dir='ltr'><strong>lapidibus</strong></span> <span class='ocrx_word' id='word_1_113' title='bbox 896 1671 1012 1729; x_wconf 84' lang='lat' dir='ltr'><strong>istis</strong></span> <span class='ocrx_word' id='word_1_114' title='bbox 1038 1670 1337 1727; x_wconf 77' lang='lat' dir='ltr'><strong>excitantur</strong></span> <span class='ocrx_word' id='word_1_115' title='bbox 1368 1668 1460 1733; x_wconf 91' lang='lat' dir='ltr'><strong>ﬁlii</strong></span> <span class='ocrx_word' id='word_1_116' title='bbox 1489 1670 1715 1729; x_wconf 72' lang='lat' dir='ltr'><strong>Abrahae</strong></span> <span class='ocrx_word' id='word_1_117' title='bbox 1742 1670 1760 1744; x_wconf 94' lang='lat'>(</span> <span class='ocrx_word' id='word_1_118' title='bbox 1796 1671 1976 1727; x_wconf 74' lang='lat' dir='ltr'><strong>Matth.</strong></span> <span class='ocrx_word' id='word_1_119' title='bbox 1999 1689 2075 1740; x_wconf 87' lang='lat' dir='ltr'><strong>ut,</strong></span> 
     </span>
    </p>
   </div>
   <div class='ocr_carea' id='block_1_16' title="bbox 501 1758 2079 1833">
    <p class='ocr_par' dir='ltr' id='par_1_16' title="bbox 501 1758 2079 1833">
     <span class='ocr_line' id='line_1_16' title="bbox 501 1758 2079 1833; baseline 0.003 -18"><span class='ocrx_word' id='word_1_120' title='bbox 501 1758 590 1829; x_wconf 87' lang='lat'><strong>9):</strong></span> <span class='ocrx_word' id='word_1_121' title='bbox 625 1762 820 1831; x_wconf 81' lang='lat' dir='ltr'><strong>quibus</strong></span> <span class='ocrx_word' id='word_1_122' title='bbox 849 1760 1097 1815; x_wconf 86' lang='lat' dir='ltr'><strong>omnibus</strong></span> <span class='ocrx_word' id='word_1_123' title='bbox 1131 1761 1243 1833; x_wconf 84' lang='lat' dir='ltr'><strong>jam</strong></span> <span class='ocrx_word' id='word_1_124' title='bbox 1284 1760 1507 1825; x_wconf 88' lang='lat' dir='ltr'><strong>dicatur,</strong></span> <span class='ocrx_word' id='word_1_125' title='bbox 1542 1761 1734 1817; x_wconf 89' lang='lat' dir='ltr'><strong>Domus</strong></span> <span class='ocrx_word' id='word_1_126' title='bbox 1761 1761 1958 1829; x_wconf 91' lang='lat' dir='ltr'><strong>Israel,</strong></span> <span class='ocrx_word' id='word_1_127' title='bbox 1991 1764 2079 1820; x_wconf 85' lang='lat' dir='ltr'><strong>be-</strong></span> 
     </span>
    </p>
   </div>
   <div class='ocr_carea' id='block_1_17' title="bbox 500 1849 2081 1923">
    <p class='ocr_par' dir='ltr' id='par_1_17' title="bbox 500 1849 2081 1923">
     <span class='ocr_line' id='line_1_17' title="bbox 500 1849 2081 1923; baseline 0.004 -20"><span class='ocrx_word' id='word_1_128' title='bbox 500 1852 717 1905; x_wconf 83' lang='lat' dir='ltr'><strong>nedicite</strong></span> <span class='ocrx_word' id='word_1_129' title='bbox 746 1852 1040 1911; x_wconf 88' lang='lat' dir='ltr'><strong>Dominum.</strong></span> <span class='ocrx_word' id='word_1_130' title='bbox 1063 1849 1263 1908; x_wconf 79' lang='lat' dir='ltr'><strong>Omnes</strong></span> <span class='ocrx_word' id='word_1_131' title='bbox 1299 1850 1390 1906; x_wconf 87' lang='lat' dir='ltr'><strong>ﬁlii</strong></span> <span class='ocrx_word' id='word_1_132' title='bbox 1422 1852 1688 1918; x_wconf 78' lang='lat' dir='ltr'><strong>Abralun;</strong></span> <span class='ocrx_word' id='word_1_133' title='bbox 1719 1864 1772 1907; x_wconf 89' lang='lat' dir='ltr'><strong>et</strong></span> <span class='ocrx_word' id='word_1_134' title='bbox 1797 1854 1843 1909; x_wconf 88' lang='lat' dir='ltr'><strong>si</strong></span> <span class='ocrx_word' id='word_1_135' title='bbox 1863 1853 1930 1911; x_wconf 89' lang='lat' dir='ltr'><strong>de</strong></span> <span class='ocrx_word' id='word_1_136' title='bbox 1948 1854 2081 1923; x_wconf 89' lang='lat' dir='ltr'><strong>lapi-</strong></span> 
     </span>
    </p>
   </div>
   <div class='ocr_carea' id='block_1_18' title="bbox 505 1944 2081 2009">
    <p class='ocr_par' dir='ltr' id='par_1_18' title="bbox 505 1944 2081 2009">
     <span class='ocr_line' id='line_1_18' title="bbox 505 1944 2081 2009; baseline 0.003 -13"><span class='ocrx_word' id='word_1_137' title='bbox 505 1944 661 1998; x_wconf 83' lang='lat' dir='ltr'><strong>dibus</strong></span> <span class='ocrx_word' id='word_1_138' title='bbox 713 1945 827 1999; x_wconf 87' lang='lat' dir='ltr'><strong>istis</strong></span> <span class='ocrx_word' id='word_1_139' title='bbox 867 1946 1185 2000; x_wconf 87' lang='lat' dir='ltr'><strong>suscitantur</strong></span> <span class='ocrx_word' id='word_1_140' title='bbox 1214 1945 1304 1999; x_wconf 91' lang='lat' dir='ltr'><strong>lilii</strong></span> <span class='ocrx_word' id='word_1_141' title='bbox 1350 1944 1597 2009; x_wconf 79' lang='lat' dir='ltr'><strong>Abralue,</strong></span> <span class='ocrx_word' id='word_1_142' title='bbox 1628 1944 1966 2003; x_wconf 77' lang='lat' dir='ltr'><strong>manifestum</strong></span> <span class='ocrx_word' id='word_1_143' title='bbox 1996 1955 2081 2002; x_wconf 86' lang='lat' dir='ltr'><strong>est</strong></span> 
     </span>
    </p>
   </div>
   <div class='ocr_carea' id='block_1_19' title="bbox 497 2034 2076 2105">
    <p class='ocr_par' dir='ltr' id='par_1_19' title="bbox 497 2034 2076 2105">
     <span class='ocr_line' id='line_1_19' title="bbox 497 2034 2076 2105; baseline 0.004 -20"><span class='ocrx_word' id='word_1_144' title='bbox 497 2035 619 2104; x_wconf 84' lang='lat' dir='ltr'><strong>quia</strong></span> <span class='ocrx_word' id='word_1_145' title='bbox 656 2035 727 2089; x_wconf 91' lang='lat' dir='ltr'><strong>illi</strong></span> <span class='ocrx_word' id='word_1_146' title='bbox 779 2044 901 2090; x_wconf 92' lang='lat' dir='ltr'><strong>sunt</strong></span> <span class='ocrx_word' id='word_1_147' title='bbox 947 2035 1114 2105; x_wconf 82' lang='lat' dir='ltr'><strong>magis</strong></span> <span class='ocrx_word' id='word_1_148' title='bbox 1140 2034 1329 2090; x_wconf 86' lang='lat' dir='ltr'><strong>domus</strong></span> <span class='ocrx_word' id='word_1_149' title='bbox 1357 2034 1537 2100; x_wconf 71' lang='lat' dir='ltr'><strong>lst‘acl,</strong></span> <span class='ocrx_word' id='word_1_150' title='bbox 1568 2036 1657 2105; x_wconf 88' lang='lat' dir='ltr'><strong>qui</strong></span> <span class='ocrx_word' id='word_1_151' title='bbox 1705 2037 1972 2105; x_wconf 87' lang='lat' dir='ltr'><strong>pertinent</strong></span> <span class='ocrx_word' id='word_1_152' title='bbox 2008 2037 2076 2092; x_wconf 90' lang='lat' dir='ltr'><strong>ad</strong></span> 
     </span>
    </p>
   </div>
   <div class='ocr_carea' id='block_1_20' title="bbox 502 2122 2076 2199">
    <p class='ocr_par' dir='ltr' id='par_1_20' title="bbox 502 2122 2076 2199">
     <span class='ocr_line' id='line_1_20' title="bbox 502 2122 2076 2199; baseline 0.004 -22"><span class='ocrx_word' id='word_1_153' title='bbox 502 2122 717 2179; x_wconf 88' lang='lat' dir='ltr'><strong>domum</strong></span> <span class='ocrx_word' id='word_1_154' title='bbox 746 2124 929 2191; x_wconf 83' lang='lat' dir='ltr'><strong>Israel,</strong></span> <span class='ocrx_word' id='word_1_155' title='bbox 963 2126 1050 2195; x_wconf 89' lang='lat' dir='ltr'><strong>qui</strong></span> <span class='ocrx_word' id='word_1_156' title='bbox 1082 2126 1349 2199; x_wconf 83' lang='lat' dir='ltr'><strong>pertinent</strong></span> <span class='ocrx_word' id='word_1_157' title='bbox 1373 2126 1441 2187; x_wconf 80' lang='lat' dir='ltr'><strong>ad</strong></span> <span class='ocrx_word' id='word_1_158' title='bbox 1478 2141 1659 2185; x_wconf 83' lang='lat' dir='ltr'><strong>semen</strong></span> <span class='ocrx_word' id='word_1_159' title='bbox 1701 2127 1947 2192; x_wconf 66' lang='lat' dir='ltr'><strong>Abrahae,</strong></span> <span class='ocrx_word' id='word_1_160' title='bbox 1972 2145 2076 2184; x_wconf 89' lang='lat' dir='ltr'><strong>non</strong></span> 
     </span>
    </p>
   </div>
   <div class='ocr_carea' id='block_1_21' title="bbox 495 2214 2074 2281">
    <p class='ocr_par' dir='ltr' id='par_1_21' title="bbox 495 2214 2074 2281">
     <span class='ocr_line' id='line_1_21' title="bbox 495 2214 2074 2281; baseline 0.004 -14"><span class='ocrx_word' id='word_1_161' title='bbox 495 2229 659 2268; x_wconf 88' lang='lat' dir='ltr'><strong>carne</strong></span> <span class='ocrx_word' id='word_1_162' title='bbox 688 2258 703 2281; x_wconf 89' lang='lat'><strong>,</strong></span> <span class='ocrx_word' id='word_1_163' title='bbox 733 2216 826 2272; x_wconf 89' lang='lat' dir='ltr'><strong>sed</strong></span> <span class='ocrx_word' id='word_1_164' title='bbox 856 2214 959 2272; x_wconf 79' lang='lat' dir='ltr'><strong>fide</strong></span> <span class='ocrx_word' id='word_1_165' title='bbox 988 2233 1000 2269; x_wconf 87' lang='lat'><strong>:</strong></span> <span class='ocrx_word' id='word_1_166' title='bbox 1040 2216 1229 2275; x_wconf 79' lang='lat' dir='ltr'><strong>Domus</strong></span> <span class='ocrx_word' id='word_1_167' title='bbox 1257 2214 1444 2281; x_wconf 82' lang='lat' dir='ltr'><strong>Israel,</strong></span> <span class='ocrx_word' id='word_1_168' title='bbox 1480 2216 1751 2271; x_wconf 77' lang='lat' dir='ltr'><strong>benedicite</strong></span> <span class='ocrx_word' id='word_1_169' title='bbox 1782 2218 2074 2275; x_wconf 82' lang='lat' dir='ltr'><strong>Dominum.</strong></span> 
     </span>
    </p>
   </div>
   <div class='ocr_carea' id='block_1_22' title="bbox 494 2308 2073 2381">
    <p class='ocr_par' dir='ltr' id='par_1_22' title="bbox 494 2308 2073 2381">
     <span class='ocr_line' id='line_1_22' title="bbox 494 2308 2073 2381; baseline 0.001 -17"><span class='ocrx_word' id='word_1_170' title='bbox 494 2308 597 2364; x_wconf 88' lang='lat' dir='ltr'><strong>Sed</strong></span> <span class='ocrx_word' id='word_1_171' title='bbox 629 2308 709 2364; x_wconf 84' lang='lat' dir='ltr'><strong>fac</strong></span> <span class='ocrx_word' id='word_1_172' title='bbox 738 2308 805 2364; x_wconf 90' lang='lat' dir='ltr'><strong>de</strong></span> <span class='ocrx_word' id='word_1_173' title='bbox 833 2309 993 2365; x_wconf 89' lang='lat' dir='ltr'><strong>domo</strong></span> <span class='ocrx_word' id='word_1_174' title='bbox 1024 2310 1112 2364; x_wconf 90' lang='lat' dir='ltr'><strong>illa</strong></span> <span class='ocrx_word' id='word_1_175' title='bbox 1141 2309 1245 2364; x_wconf 90' lang='lat' dir='ltr'><strong>dici</strong></span> <span class='ocrx_word' id='word_1_176' title='bbox 1277 2352 1289 2369; x_wconf 87' lang='lat'><strong>.</strong></span> <span class='ocrx_word' id='word_1_177' title='bbox 1318 2319 1371 2367; x_wconf 85' lang='lat' dir='ltr'><strong>et</strong></span> <span class='ocrx_word' id='word_1_178' title='bbox 1400 2312 1651 2381; x_wconf 79' lang='lat' dir='ltr'><strong>populum</strong></span> <span class='ocrx_word' id='word_1_179' title='bbox 1685 2312 1844 2366; x_wconf 70' lang='lat' dir='ltr'><strong>lsrael</strong></span> <span class='ocrx_word' id='word_1_180' title='bbox 1875 2313 2073 2377; x_wconf 82' lang='lat' dir='ltr'><strong>vocari;</strong></span> 
     </span>
    </p>
   </div>
   <div class='ocr_carea' id='block_1_23' title="bbox 492 2401 2066 2473">
    <p class='ocr_par' dir='ltr' id='par_1_23' title="bbox 492 2401 2066 2473">
     <span class='ocr_line' id='line_1_23' title="bbox 492 2401 2066 2473; baseline 0.004 -18"><span class='ocrx_word' id='word_1_181' title='bbox 492 2401 831 2459; x_wconf 87' lang='lat' dir='ltr'><strong>crediderunt</strong></span> <span class='ocrx_word' id='word_1_182' title='bbox 874 2403 996 2459; x_wconf 88' lang='lat' dir='ltr'><strong>inde</strong></span> <span class='ocrx_word' id='word_1_183' title='bbox 1033 2404 1275 2473; x_wconf 73' lang='lat' dir='ltr'><strong>Apostoli</strong></span> <span class='ocrx_word' id='word_1_184' title='bbox 1308 2412 1359 2457; x_wconf 89' lang='lat' dir='ltr'><strong>et</strong></span> <span class='ocrx_word' id='word_1_185' title='bbox 1405 2404 1565 2459; x_wconf 85' lang='lat' dir='ltr'><strong>millia</strong></span> <span class='ocrx_word' id='word_1_186' title='bbox 1608 2404 2066 2461; x_wconf 80' lang='lat' dir='ltr'><strong>circumcisormn.</strong></span> 
     </span>
    </p>
   </div>
   <div class='ocr_carea' id='block_1_24' title="bbox 492 2491 2077 2561">
    <p class='ocr_par' dir='ltr' id='par_1_24' title="bbox 492 2491 2077 2561">
     <span class='ocr_line' id='line_1_24' title="bbox 492 2491 2077 2561; baseline 0.003 -15"><span class='ocrx_word' id='word_1_187' title='bbox 492 2491 691 2548; x_wconf 86' lang='lat' dir='ltr'><strong>Domus</strong></span> <span class='ocrx_word' id='word_1_188' title='bbox 716 2492 905 2559; x_wconf 80' lang='lat' dir='ltr'><strong>Israel,</strong></span> <span class='ocrx_word' id='word_1_189' title='bbox 931 2494 1202 2549; x_wconf 78' lang='lat' dir='ltr'><strong>benedicite</strong></span> <span class='ocrx_word' id='word_1_190' title='bbox 1232 2494 1530 2560; x_wconf 81' lang='lat' dir='ltr'><strong>Dominum;</strong></span> <span class='ocrx_word' id='word_1_191' title='bbox 1556 2494 1747 2549; x_wconf 83' lang='lat' dir='ltr'><strong>Domus</strong></span> <span class='ocrx_word' id='word_1_192' title='bbox 1777 2496 1970 2561; x_wconf 69' lang='lat' dir='ltr'><strong>Aaron,</strong></span> <span class='ocrx_word' id='word_1_193' title='bbox 1992 2498 2077 2550; x_wconf 81' lang='lat' dir='ltr'><strong>be-</strong></span> 
     </span>
    </p>
   </div>
   <div class='ocr_carea' id='block_1_25' title="bbox 492 2583 2073 2653">
    <p class='ocr_par' dir='ltr' id='par_1_25' title="bbox 492 2583 2073 2653">
     <span class='ocr_line' id='line_1_25' title="bbox 492 2583 2073 2653; baseline 0.004 -15"><span class='ocrx_word' id='word_1_194' title='bbox 492 2585 708 2638; x_wconf 77' lang='lat' dir='ltr'><strong>nedicite</strong></span> <span class='ocrx_word' id='word_1_195' title='bbox 724 2583 1023 2652; x_wconf 86' lang='lat' dir='ltr'><strong>Dominum;</strong></span> <span class='ocrx_word' id='word_1_196' title='bbox 1052 2584 1250 2642; x_wconf 83' lang='lat' dir='ltr'><strong>Domus</strong></span> <span class='ocrx_word' id='word_1_197' title='bbox 1283 2584 1404 2640; x_wconf 86' lang='lat' dir='ltr'><strong>Levi</strong></span> <span class='ocrx_word' id='word_1_198' title='bbox 1427 2627 1442 2653; x_wconf 95' lang='lat'><strong>,</strong></span> <span class='ocrx_word' id='word_1_199' title='bbox 1471 2585 1744 2649; x_wconf 65' lang='lat' dir='ltr'><strong>be‘ilCdlCile</strong></span> <span class='ocrx_word' id='word_1_200' title='bbox 1783 2586 2073 2644; x_wconf 74' lang='lat' dir='ltr'><strong>Dominum.</strong></span> 
     </span>
    </p>
   </div>
   <div class='ocr_carea' id='block_1_26' title="bbox 495 2679 2075 2750">
    <p class='ocr_par' dir='ltr' id='par_1_26' title="bbox 495 2679 2075 2750">
     <span class='ocr_line' id='line_1_26' title="bbox 495 2679 2075 2750; baseline 0.001 -15"><span class='ocrx_word' id='word_1_201' title='bbox 495 2679 802 2735; x_wconf 82' lang='lat' dir='ltr'><strong>Benedicite</strong></span> <span class='ocrx_word' id='word_1_202' title='bbox 845 2681 1022 2750; x_wconf 86' lang='lat' dir='ltr'><strong>populi</strong></span> <span class='ocrx_word' id='word_1_203' title='bbox 1076 2680 1355 2736; x_wconf 88' lang='lat' dir='ltr'><strong>Dominum</strong></span> <span class='ocrx_word' id='word_1_204' title='bbox 1380 2721 1395 2747; x_wconf 94' lang='lat'><strong>,</strong></span> <span class='ocrx_word' id='word_1_205' title='bbox 1433 2679 1535 2735; x_wconf 91' lang='lat' dir='ltr'><strong>hoc</strong></span> <span class='ocrx_word' id='word_1_206' title='bbox 1558 2689 1640 2735; x_wconf 89' lang='lat' dir='ltr'><strong>cst</strong></span> <span class='ocrx_word' id='word_1_207' title='bbox 1661 2721 1674 2746; x_wconf 92' lang='lat'><strong>,</strong></span> <span class='ocrx_word' id='word_1_208' title='bbox 1700 2683 1882 2737; x_wconf 82' lang='lat' dir='ltr'><strong>domus</strong></span> <span class='ocrx_word' id='word_1_209' title='bbox 1914 2681 2075 2736; x_wconf 84' lang='lat' dir='ltr'><strong>Israel</strong></span> 
     </span>
    </p>
   </div>
   <div class='ocr_carea' id='block_1_27' title="bbox 493 2769 2077 2842">
    <p class='ocr_par' dir='ltr' id='par_1_27' title="bbox 493 2769 2077 2842">
     <span class='ocr_line' id='line_1_27' title="bbox 493 2769 2077 2842; baseline 0.003 -16"><span class='ocrx_word' id='word_1_210' title='bbox 493 2772 833 2842; x_wconf 76' lang='lat' dir='ltr'><strong>generaliter;</strong></span> <span class='ocrx_word' id='word_1_211' title='bbox 852 2769 1150 2827; x_wconf 87' lang='lat' dir='ltr'><strong>benedicite</strong></span> <span class='ocrx_word' id='word_1_212' title='bbox 1179 2771 1471 2842; x_wconf 62' lang='lat' dir='ltr'><strong>pra‘positi,</strong></span> <span class='ocrx_word' id='word_1_213' title='bbox 1503 2772 1602 2825; x_wconf 92' lang='lat' dir='ltr'><strong>hoc</strong></span> <span class='ocrx_word' id='word_1_214' title='bbox 1627 2780 1729 2833; x_wconf 82' lang='lat' dir='ltr'><strong>est.</strong></span> <span class='ocrx_word' id='word_1_215' title='bbox 1762 2771 1942 2829; x_wconf 81' lang='lat' dir='ltr'><strong>domus</strong></span> <span class='ocrx_word' id='word_1_216' title='bbox 1970 2774 2077 2831; x_wconf 76' lang='lat' dir='ltr'><strong>Aa-</strong></span> 
     </span>
    </p>
   </div>
   <div class='ocr_carea' id='block_1_28' title="bbox 496 2862 2079 2930">
    <p class='ocr_par' dir='ltr' id='par_1_28' title="bbox 496 2862 2079 2930">
     <span class='ocr_line' id='line_1_28' title="bbox 496 2862 2079 2930; baseline 0.004 -14"><span class='ocrx_word' id='word_1_217' title='bbox 496 2880 591 2917; x_wconf 90' lang='lat' dir='ltr'><strong>ron</strong></span> <span class='ocrx_word' id='word_1_218' title='bbox 612 2878 632 2927; x_wconf 92' lang='grc'><strong><em>;</em></strong></span> <span class='ocrx_word' id='word_1_219' title='bbox 656 2862 954 2919; x_wconf 84' lang='lat' dir='ltr'><strong>benedicite</strong></span> <span class='ocrx_word' id='word_1_220' title='bbox 983 2864 1232 2930; x_wconf 75' lang='lat' dir='ltr'><strong>ministri,</strong></span> <span class='ocrx_word' id='word_1_221' title='bbox 1252 2865 1352 2919; x_wconf 91' lang='lat' dir='ltr'><strong>hoc</strong></span> <span class='ocrx_word' id='word_1_222' title='bbox 1378 2874 1478 2924; x_wconf 84' lang='lat' dir='ltr'><strong>est.</strong></span> <span class='ocrx_word' id='word_1_223' title='bbox 1496 2864 1673 2919; x_wconf 84' lang='lat' dir='ltr'><strong>domus</strong></span> <span class='ocrx_word' id='word_1_224' title='bbox 1695 2864 1833 2920; x_wconf 76' lang='lat' dir='ltr'><strong>Levi.</strong></span> <span class='ocrx_word' id='word_1_225' title='bbox 1856 2866 1992 2930; x_wconf 81' lang='lat' dir='ltr'><strong>Quid</strong></span> <span class='ocrx_word' id='word_1_226' title='bbox 2013 2866 2079 2922; x_wconf 87' lang='lat' dir='ltr'><strong>de</strong></span> 
     </span>
    </p>
   </div>
   <div class='ocr_carea' id='block_1_29' title="bbox 494 2954 2081 3025">
    <p class='ocr_par' dir='ltr' id='par_1_29' title="bbox 494 2954 2081 3025">
     <span class='ocr_line' id='line_1_29' title="bbox 494 2954 2081 3025; baseline 0.004 -16"><span class='ocrx_word' id='word_1_227' title='bbox 494 2954 706 3011; x_wconf 64' lang='lat' dir='ltr'><strong>caeteris</strong></span> <span class='ocrx_word' id='word_1_228' title='bbox 753 2956 1094 3013; x_wconf 82' lang='lat' dir='ltr'><strong>nationibus?</strong></span> <span class='ocrx_word' id='word_1_229' title='bbox 1136 2957 1237 3024; x_wconf 78' lang='lat' dir='ltr'><strong>Qui</strong></span> <span class='ocrx_word' id='word_1_230' title='bbox 1260 2958 1442 3017; x_wconf 77' lang='lat' dir='ltr'><strong>timetis</strong></span> <span class='ocrx_word' id='word_1_231' title='bbox 1464 2957 1742 3013; x_wconf 87' lang='lat' dir='ltr'><strong>Dominum</strong></span> <span class='ocrx_word' id='word_1_232' title='bbox 1766 3001 1781 3025; x_wconf 94' lang='lat'><strong>,</strong></span> <span class='ocrx_word' id='word_1_233' title='bbox 1808 2960 2081 3016; x_wconf 84' lang='lat' dir='ltr'><strong>benedicite</strong></span> 
     </span>
    </p>
   </div>
   <div class='ocr_carea' id='block_1_30' title="bbox 493 3043 789 3102">
    <p class='ocr_par' dir='ltr' id='par_1_30' title="bbox 493 3043 789 3102">
     <span class='ocr_line' id='line_1_30' title="bbox 493 3043 789 3102; baseline 0.003 -1"><span class='ocrx_word' id='word_1_234' title='bbox 493 3043 789 3102; x_wconf 86' lang='lat' dir='ltr'><strong>Dominum.</strong></span> 
     </span>
    </p>
   </div>
   <div class='ocr_carea' id='block_1_31' title="bbox 567 3137 2078 3216">
    <p class='ocr_par' dir='ltr' id='par_1_31' title="bbox 567 3137 2078 3216">
     <span class='ocr_line' id='line_1_31' title="bbox 567 3137 2078 3216; baseline 0.007 -24"><span class='ocrx_word' id='word_1_235' title='bbox 567 3139 655 3193; x_wconf 76' lang='lat'><strong>26.</strong></span> <span class='ocrx_word' id='word_1_236' title='bbox 691 3137 842 3213; x_wconf 58' lang='lat' dir='ltr'><strong>[verm</strong></span> <span class='ocrx_word' id='word_1_237' title='bbox 863 3137 981 3214; x_wconf 59' lang='grc' dir='ltr'><strong>ει]</strong></span> <span class='ocrx_word' id='word_1_238' title='bbox 994 3138 1194 3196; x_wconf 88' lang='lat' dir='ltr'><strong>Omnes</strong></span> <span class='ocrx_word' id='word_1_239' title='bbox 1221 3156 1351 3212; x_wconf 87' lang='lat' dir='ltr'><strong>ergo</strong></span> <span class='ocrx_word' id='word_1_240' title='bbox 1385 3157 1487 3203; x_wconf 88' lang='lat' dir='ltr'><strong>una</strong></span> <span class='ocrx_word' id='word_1_241' title='bbox 1517 3158 1650 3199; x_wconf 87' lang='lat' dir='ltr'><strong>voce</strong></span> <span class='ocrx_word' id='word_1_242' title='bbox 1677 3142 1916 3203; x_wconf 85' lang='lat' dir='ltr'><strong>dicamus</strong></span> <span class='ocrx_word' id='word_1_243' title='bbox 1934 3145 2078 3216; x_wconf 81' lang='lat' dir='ltr'><strong>quod</strong></span> 
     </span>
    </p>
   </div>
   <div class='ocr_carea' id='block_1_32' title="bbox 493 3232 2077 3307">
    <p class='ocr_par' dir='ltr' id='par_1_32' title="bbox 493 3232 2077 3307">
     <span class='ocr_line' id='line_1_32' title="bbox 493 3232 2077 3307; baseline 0.006 -21"><span class='ocrx_word' id='word_1_244' title='bbox 493 3234 734 3303; x_wconf 87' lang='lat' dir='ltr'><strong>sequitur</strong></span> <span class='ocrx_word' id='word_1_245' title='bbox 760 3250 773 3288; x_wconf 87' lang='lat'><strong>:</strong></span> <span class='ocrx_word' id='word_1_246' title='bbox 817 3232 1120 3293; x_wconf 76' lang='lat' dir='ltr'><strong>Benedictus</strong></span> <span class='ocrx_word' id='word_1_247' title='bbox 1140 3234 1392 3297; x_wconf 72' lang='lat' dir='ltr'><strong>Dominus</strong></span> <span class='ocrx_word' id='word_1_248' title='bbox 1415 3252 1480 3293; x_wconf 73' lang='lat' dir='ltr'><strong>ea:</strong></span> <span class='ocrx_word' id='word_1_249' title='bbox 1506 3236 1633 3292; x_wconf 83' lang='lat' dir='ltr'><strong>Sion</strong></span> <span class='ocrx_word' id='word_1_250' title='bbox 1651 3280 1665 3300; x_wconf 87' lang='lat'><strong>.</strong></span> <span class='ocrx_word' id='word_1_251' title='bbox 1691 3238 1777 3307; x_wconf 84' lang='lat' dir='ltr'><strong>qui</strong></span> <span class='ocrx_word' id='word_1_252' title='bbox 1805 3236 1996 3294; x_wconf 74' lang='lat' dir='ltr'><strong>habitat</strong></span> <span class='ocrx_word' id='word_1_253' title='bbox 2022 3240 2077 3295; x_wconf 89' lang='lat' dir='ltr'><strong>in</strong></span> 
     </span>
    </p>
   </div>
   <div class='ocr_carea' id='block_1_33' title="bbox 492 3320 2077 3399">
    <p class='ocr_par' dir='ltr' id='par_1_33' title="bbox 492 3320 2077 3399">
     <span class='ocr_line' id='line_1_33' title="bbox 492 3320 2077 3399; baseline 0.008 -24"><span class='ocrx_word' id='word_1_254' title='bbox 492 3320 798 3378; x_wconf 76' lang='lat' dir='ltr'><strong>Jerusalem.</strong></span> <span class='ocrx_word' id='word_1_255' title='bbox 822 3324 893 3380; x_wconf 73' lang='lat' dir='ltr'><strong>Ex</strong></span> <span class='ocrx_word' id='word_1_256' title='bbox 916 3323 1043 3381; x_wconf 87' lang='lat' dir='ltr'><strong>Sion</strong></span> <span class='ocrx_word' id='word_1_257' title='bbox 1073 3332 1130 3383; x_wconf 88' lang='lat' dir='ltr'><strong>et</strong></span> <span class='ocrx_word' id='word_1_258' title='bbox 1152 3324 1468 3387; x_wconf 80' lang='lat' dir='ltr'><strong>Jerusalem.</strong></span> <span class='ocrx_word' id='word_1_259' title='bbox 1498 3328 1625 3385; x_wconf 86' lang='lat' dir='ltr'><strong>Siou</strong></span> <span class='ocrx_word' id='word_1_260' title='bbox 1645 3327 1967 3399; x_wconf 81' lang='lat' dir='ltr'><strong>Speculatio,</strong></span> <span class='ocrx_word' id='word_1_261' title='bbox 1989 3330 2077 3387; x_wconf 78' lang='lat' dir='ltr'><strong>Je-</strong></span> 
     </span>
    </p>
   </div>
   <div class='ocr_carea' id='block_1_34' title="bbox 492 3414 2077 3488">
    <p class='ocr_par' dir='ltr' id='par_1_34' title="bbox 492 3414 2077 3488">
     <span class='ocr_line' id='line_1_34' title="bbox 492 3414 2077 3488; baseline 0.009 -23"><span class='ocrx_word' id='word_1_262' title='bbox 492 3414 726 3468; x_wconf 78' lang='lat' dir='ltr'><strong>rusalem</strong></span> <span class='ocrx_word' id='word_1_263' title='bbox 748 3414 893 3469; x_wconf 85' lang='lat' dir='ltr'><strong>Visio</strong></span> <span class='ocrx_word' id='word_1_264' title='bbox 911 3415 1074 3485; x_wconf 84' lang='lat' dir='ltr'><strong>pacis.</strong></span> <span class='ocrx_word' id='word_1_265' title='bbox 1095 3415 1148 3473; x_wconf 79' lang='lat' dir='ltr'><strong>In</strong></span> <span class='ocrx_word' id='word_1_266' title='bbox 1161 3432 1262 3488; x_wconf 83' lang='lat' dir='ltr'><strong>qua</strong></span> <span class='ocrx_word' id='word_1_267' title='bbox 1275 3415 1569 3479; x_wconf 74' lang='lat' dir='ltr'><strong>Jerusalem</strong></span> <span class='ocrx_word' id='word_1_268' title='bbox 1587 3435 1727 3475; x_wconf 89' lang='lat' dir='ltr'><strong>nunc</strong></span> <span class='ocrx_word' id='word_1_269' title='bbox 1746 3419 2077 3485; x_wconf 70' lang='lat' dir='ltr'><strong>habitaturus</strong></span> 
     </span>
    </p>
   </div>
   <div class='ocr_carea' id='block_1_35' title="bbox 502 3504 2077 3581">
    <p class='ocr_par' dir='ltr' id='par_1_35' title="bbox 502 3504 2077 3581">
     <span class='ocr_line' id='line_1_35' title="bbox 502 3504 2077 3581; baseline 0.011 -26"><span class='ocrx_word' id='word_1_270' title='bbox 502 3513 583 3557; x_wconf 67' lang='lat' dir='ltr'><strong>(‘sl</strong></span> <span class='ocrx_word' id='word_1_271' title='bbox 608 3504 631 3556; x_wconf 90' lang='lat'><strong>?</strong></span> <span class='ocrx_word' id='word_1_272' title='bbox 661 3505 713 3559; x_wconf 89' lang='lat' dir='ltr'><strong>ln</strong></span> <span class='ocrx_word' id='word_1_273' title='bbox 744 3506 831 3569; x_wconf 74' lang='lat' dir='ltr'><strong>illa</strong></span> <span class='ocrx_word' id='word_1_274' title='bbox 857 3523 974 3578; x_wconf 68' lang='lat' dir='ltr'><strong>qua:</strong></span> <span class='ocrx_word' id='word_1_275' title='bbox 1002 3508 1235 3565; x_wconf 78' lang='lat' dir='ltr'><strong>cecidit?</strong></span> <span class='ocrx_word' id='word_1_276' title='bbox 1263 3509 1402 3581; x_wconf 80' lang='lat' dir='ltr'><strong>Non,</strong></span> <span class='ocrx_word' id='word_1_277' title='bbox 1434 3509 1529 3564; x_wconf 87' lang='lat' dir='ltr'><strong>sed</strong></span> <span class='ocrx_word' id='word_1_278' title='bbox 1571 3511 1622 3565; x_wconf 91' lang='lat' dir='ltr'><strong>in</strong></span> <span class='ocrx_word' id='word_1_279' title='bbox 1656 3511 1739 3564; x_wconf 89' lang='lat' dir='ltr'><strong>illa</strong></span> <span class='ocrx_word' id='word_1_280' title='bbox 1768 3522 1939 3569; x_wconf 83' lang='lat' dir='ltr'><strong>matre</strong></span> <span class='ocrx_word' id='word_1_281' title='bbox 1976 3530 2077 3573; x_wconf 78' lang='lat' dir='ltr'><strong>no—</strong></span> 
     </span>
    </p>
   </div>
   <div class='ocr_carea' id='block_1_36' title="bbox 503 3600 2079 3673">
    <p class='ocr_par' dir='ltr' id='par_1_36' title="bbox 503 3600 2079 3673">
     <span class='ocr_line' id='line_1_36' title="bbox 503 3600 2079 3673; baseline 0.006 -24"><span class='ocrx_word' id='word_1_282' title='bbox 503 3606 633 3663; x_wconf 86' lang='lat' dir='ltr'><strong>stra,</strong></span> <span class='ocrx_word' id='word_1_283' title='bbox 666 3614 785 3667; x_wconf 59' lang='lat' dir='ltr'><strong>qua!</strong></span> <span class='ocrx_word' id='word_1_284' title='bbox 831 3610 909 3653; x_wconf 90' lang='lat' dir='ltr'><strong>est</strong></span> <span class='ocrx_word' id='word_1_285' title='bbox 936 3601 987 3657; x_wconf 91' lang='lat' dir='ltr'><strong>iu</strong></span> <span class='ocrx_word' id='word_1_286' title='bbox 1016 3601 1187 3665; x_wconf 85' lang='lat' dir='ltr'><strong>caelis,</strong></span> <span class='ocrx_word' id='word_1_287' title='bbox 1218 3600 1285 3663; x_wconf 89' lang='lat' dir='ltr'><strong>de</strong></span> <span class='ocrx_word' id='word_1_288' title='bbox 1310 3617 1411 3670; x_wconf 89' lang='lat' dir='ltr'><strong>qua</strong></span> <span class='ocrx_word' id='word_1_289' title='bbox 1440 3601 1639 3657; x_wconf 88' lang='lat' dir='ltr'><strong>dictum</strong></span> <span class='ocrx_word' id='word_1_290' title='bbox 1671 3616 1772 3667; x_wconf 89' lang='lat' dir='ltr'><strong>est,</strong></span> <span class='ocrx_word' id='word_1_291' title='bbox 1800 3603 1953 3659; x_wconf 76' lang='lat' dir='ltr'><strong>Multi</strong></span> <span class='ocrx_word' id='word_1_292' title='bbox 1983 3606 2079 3673; x_wconf 76' lang='lat' dir='ltr'><strong>ﬁlii</strong></span> 
     </span>
    </p>
   </div>
   <div class='ocr_carea' id='block_1_37' title="bbox 495 3688 2075 3770">
    <p class='ocr_par' dir='ltr' id='par_1_37' title="bbox 495 3688 2075 3770">
     <span class='ocr_line' id='line_1_37' title="bbox 495 3688 2075 3770; baseline 0.008 -29"><span class='ocrx_word' id='word_1_293' title='bbox 495 3688 724 3752; x_wconf 56' lang='lat' dir='ltr'><strong>(Inserta.</strong></span> <span class='ocrx_word' id='word_1_294' title='bbox 756 3693 916 3760; x_wconf 73' lang='lat' dir='ltr'><strong>magis</strong></span> <span class='ocrx_word' id='word_1_295' title='bbox 940 3710 1091 3762; x_wconf 86' lang='lat' dir='ltr'><strong>quam</strong></span> <span class='ocrx_word' id='word_1_296' title='bbox 1121 3694 1230 3763; x_wconf 75' lang='lat' dir='ltr'><strong>ejus</strong></span> <span class='ocrx_word' id='word_1_297' title='bbox 1244 3710 1359 3765; x_wconf 68' lang='lat' dir='ltr'><strong>qua:</strong></span> <span class='ocrx_word' id='word_1_298' title='bbox 1383 3694 1528 3749; x_wconf 85' lang='lat' dir='ltr'><strong>habet</strong></span> <span class='ocrx_word' id='word_1_299' title='bbox 1549 3698 1711 3749; x_wconf 82' lang='lat' dir='ltr'><strong>virum</strong></span> <span class='ocrx_word' id='word_1_300' title='bbox 1736 3696 1885 3770; x_wconf 81' lang='lat' dir='ltr'><strong>(lani.</strong></span> <span class='ocrx_word' id='word_1_301' title='bbox 1914 3700 2075 3766; x_wconf 64' lang='lat' dir='ltr'><strong>LIVJ;</strong></span> 
     </span>
    </p>
   </div>
   <div class='ocr_carea' id='block_1_38' title="bbox 501 3777 2078 3858">
    <p class='ocr_par' dir='ltr' id='par_1_38' title="bbox 501 3777 2078 3858">
     <span class='ocr_line' id='line_1_38' title="bbox 501 3777 2078 3858; baseline 0.007 -27"><span class='ocrx_word' id='word_1_302' title='bbox 501 3777 671 3833; x_wconf 81' lang='lat' dir='ltr'><strong>(.‘alat.</strong></span> <span class='ocrx_word' id='word_1_303' title='bbox 715 3797 786 3847; x_wconf 86' lang='lat' dir='ltr'><strong>Iv,</strong></span> <span class='ocrx_word' id='word_1_304' title='bbox 809 3781 1032 3853; x_wconf 75' lang='lat'><strong>26,27).</strong></span> <span class='ocrx_word' id='word_1_305' title='bbox 1065 3782 1214 3838; x_wconf 89' lang='lat' dir='ltr'><strong>Nunc</strong></span> <span class='ocrx_word' id='word_1_306' title='bbox 1242 3800 1368 3854; x_wconf 80' lang='lat' dir='ltr'><strong>ergo</strong></span> <span class='ocrx_word' id='word_1_307' title='bbox 1400 3784 1655 3840; x_wconf 89' lang='lat' dir='ltr'><strong>Dominus</strong></span> <span class='ocrx_word' id='word_1_308' title='bbox 1683 3800 1746 3840; x_wconf 77' lang='lat' dir='ltr'><strong>ex</strong></span> <span class='ocrx_word' id='word_1_309' title='bbox 1777 3786 1905 3841; x_wconf 89' lang='lat' dir='ltr'><strong>Sion</strong></span> <span class='ocrx_word' id='word_1_310' title='bbox 1926 3790 2078 3858; x_wconf 87' lang='lat' dir='ltr'><strong>,quia</strong></span> 
     </span>
    </p>
   </div>
   <div class='ocr_carea' id='block_1_39' title="bbox 500 3872 2076 3947">
    <p class='ocr_par' dir='ltr' id='par_1_39' title="bbox 500 3872 2076 3947">
     <span class='ocr_line' id='line_1_39' title="bbox 500 3872 2076 3947; baseline 0.01 -25"><span class='ocrx_word' id='word_1_311' title='bbox 500 3872 841 3939; x_wconf 88' lang='lat' dir='ltr'><strong>speculamur</strong></span> <span class='ocrx_word' id='word_1_312' title='bbox 868 3874 1039 3944; x_wconf 81' lang='lat' dir='ltr'><strong>quoad</strong></span> <span class='ocrx_word' id='word_1_313' title='bbox 1078 3876 1251 3930; x_wconf 81' lang='lat' dir='ltr'><strong>veniat</strong></span> <span class='ocrx_word' id='word_1_314' title='bbox 1279 3877 1291 3906; x_wconf 89' lang='grc'>¹</span> <span class='ocrx_word' id='word_1_315' title='bbox 1317 3894 1329 3929; x_wconf 83' lang='lat' dir='ltr'><em>z</em></span> <span class='ocrx_word' id='word_1_316' title='bbox 1361 3892 1504 3931; x_wconf 87' lang='lat' dir='ltr'><strong>nttnc</strong></span> <span class='ocrx_word' id='word_1_317' title='bbox 1529 3889 1704 3935; x_wconf 87' lang='lat' dir='ltr'><strong>tamen</strong></span> <span class='ocrx_word' id='word_1_318' title='bbox 1746 3879 1998 3947; x_wconf 84' lang='lat' dir='ltr'><strong>quamdiu</strong></span> <span class='ocrx_word' id='word_1_319' title='bbox 2025 3881 2076 3937; x_wconf 84' lang='lat' dir='ltr'><strong>in</strong></span> 
     </span>
    </p>
   </div>
   <div class='ocr_carea' id='block_1_40' title="bbox 495 3965 2079 4033">
    <p class='ocr_par' dir='ltr' id='par_1_40' title="bbox 495 3965 2079 4033">
     <span class='ocr_line' id='line_1_40' title="bbox 495 3965 2079 4033; baseline 0.008 -18"><span class='ocrx_word' id='word_1_320' title='bbox 495 3977 589 4033; x_wconf 79' lang='lat' dir='ltr'><strong>Spe</strong></span> <span class='ocrx_word' id='word_1_321' title='bbox 624 3965 850 4019; x_wconf 83' lang='lat' dir='ltr'><strong>vivimus</strong></span> <span class='ocrx_word' id='word_1_322' title='bbox 876 4009 892 4033; x_wconf 95' lang='lat'><strong>,</strong></span> <span class='ocrx_word' id='word_1_323' title='bbox 926 3968 976 4021; x_wconf 92' lang='lat' dir='ltr'><strong>in</strong></span> <span class='ocrx_word' id='word_1_324' title='bbox 1004 3967 1130 4022; x_wconf 88' lang='lat' dir='ltr'><strong>Sion</strong></span> <span class='ocrx_word' id='word_1_325' title='bbox 1178 3983 1381 4025; x_wconf 91' lang='lat' dir='ltr'><strong>sumus.</strong></span> <span class='ocrx_word' id='word_1_326' title='bbox 1413 3968 1584 4027; x_wconf 89' lang='lat' dir='ltr'><strong>Finita</strong></span> <span class='ocrx_word' id='word_1_327' title='bbox 1612 3970 1695 4025; x_wconf 87' lang='lat' dir='ltr'><strong>via</strong></span> <span class='ocrx_word' id='word_1_328' title='bbox 1725 3970 2079 4028; x_wconf 84' lang='lat' dir='ltr'><strong>habitabimus</strong></span> 
     </span>
    </p>
   </div>
   <div class='ocr_carea' id='block_1_41' title="bbox 500 4053 2080 4133">
    <p class='ocr_par' dir='ltr' id='par_1_41' title="bbox 500 4053 2080 4133">
     <span class='ocr_line' id='line_1_41' title="bbox 500 4053 2080 4133; baseline 0.008 -27"><span class='ocrx_word' id='word_1_329' title='bbox 500 4053 549 4107; x_wconf 91' lang='lat' dir='ltr'><strong>in</strong></span> <span class='ocrx_word' id='word_1_330' title='bbox 585 4054 668 4107; x_wconf 87' lang='lat' dir='ltr'><strong>illa</strong></span> <span class='ocrx_word' id='word_1_331' title='bbox 701 4056 947 4124; x_wconf 81' lang='lat' dir='ltr'><strong>civitate,</strong></span> <span class='ocrx_word' id='word_1_332' title='bbox 993 4074 1111 4127; x_wconf 64' lang='lat' dir='ltr'><strong>quae</strong></span> <span class='ocrx_word' id='word_1_333' title='bbox 1154 4074 1421 4129; x_wconf 88' lang='lat' dir='ltr'><strong>nunquam</strong></span> <span class='ocrx_word' id='word_1_334' title='bbox 1475 4062 1676 4117; x_wconf 82' lang='lat' dir='ltr'><strong>ruitura</strong></span> <span class='ocrx_word' id='word_1_335' title='bbox 1718 4072 1833 4127; x_wconf 84' lang='lat' dir='ltr'><strong>est;</strong></span> <span class='ocrx_word' id='word_1_336' title='bbox 1865 4064 1987 4133; x_wconf 86' lang='lat' dir='ltr'><strong>quia</strong></span> <span class='ocrx_word' id='word_1_337' title='bbox 2025 4073 2080 4119; x_wconf 91' lang='lat' dir='ltr'><strong>ct</strong></span> 
     </span>
    </p>
   </div>
   <div class='ocr_carea' id='block_1_42' title="bbox 497 4144 2079 4224">
    <p class='ocr_par' dir='ltr' id='par_1_42' title="bbox 497 4144 2079 4224">
     <span class='ocr_line' id='line_1_42' title="bbox 497 4144 2079 4224; baseline 0.008 -27"><span class='ocrx_word' id='word_1_338' title='bbox 497 4144 751 4199; x_wconf 87' lang='lat' dir='ltr'><strong>Dominus</strong></span> <span class='ocrx_word' id='word_1_339' title='bbox 782 4148 979 4202; x_wconf 88' lang='lat' dir='ltr'><strong>habitat</strong></span> <span class='ocrx_word' id='word_1_340' title='bbox 1010 4150 1058 4203; x_wconf 92' lang='lat' dir='ltr'><strong>in</strong></span> <span class='ocrx_word' id='word_1_341' title='bbox 1083 4166 1164 4216; x_wconf 80' lang='lat' dir='ltr'><strong>ea,</strong></span> <span class='ocrx_word' id='word_1_342' title='bbox 1195 4162 1241 4204; x_wconf 84' lang='lat' dir='ltr'><strong>et</strong></span> <span class='ocrx_word' id='word_1_343' title='bbox 1269 4151 1633 4209; x_wconf 83' lang='lat' dir='ltr'><strong>custoditeam</strong></span> <span class='ocrx_word' id='word_1_344' title='bbox 1655 4171 1669 4206; x_wconf 89' lang='lat'><strong>:</strong></span> <span class='ocrx_word' id='word_1_345' title='bbox 1692 4169 1810 4224; x_wconf 73' lang='lat' dir='ltr'><strong>quae</strong></span> <span class='ocrx_word' id='word_1_346' title='bbox 1836 4163 1919 4210; x_wconf 87' lang='lat' dir='ltr'><strong>est</strong></span> <span class='ocrx_word' id='word_1_347' title='bbox 1945 4155 2079 4212; x_wconf 89' lang='lat' dir='ltr'><strong>visio</strong></span> 
     </span>
    </p>
   </div>
   <div class='ocr_carea' id='block_1_43' title="bbox 495 4240 2078 4313">
    <p class='ocr_par' dir='ltr' id='par_1_43' title="bbox 495 4240 2078 4313">
     <span class='ocr_line' id='line_1_43' title="bbox 495 4240 2078 4313; baseline 0.008 -23"><span class='ocrx_word' id='word_1_348' title='bbox 495 4240 642 4307; x_wconf 88' lang='lat' dir='ltr'><strong>pacis</strong></span> <span class='ocrx_word' id='word_1_349' title='bbox 662 4250 855 4293; x_wconf 76' lang='lat' dir='ltr'><strong>:rtcrna</strong></span> <span class='ocrx_word' id='word_1_350' title='bbox 885 4240 1205 4307; x_wconf 60' lang='lat' dir='ltr'><strong>Jerthalem,</strong></span> <span class='ocrx_word' id='word_1_351' title='bbox 1236 4246 1380 4313; x_wconf 88' lang='lat' dir='ltr'><strong>pacis</strong></span> <span class='ocrx_word' id='word_1_352' title='bbox 1414 4244 1576 4306; x_wconf 85' lang='lat' dir='ltr'><strong>illius,</strong></span> <span class='ocrx_word' id='word_1_353' title='bbox 1608 4245 1800 4303; x_wconf 83' lang='lat' dir='ltr'><strong>fratres</strong></span> <span class='ocrx_word' id='word_1_354' title='bbox 1827 4247 1930 4301; x_wconf 91' lang='lat' dir='ltr'><strong>mei</strong></span> <span class='ocrx_word' id='word_1_355' title='bbox 1955 4289 1969 4311; x_wconf 91' lang='lat'><strong>,</strong></span> <span class='ocrx_word' id='word_1_356' title='bbox 1994 4249 2078 4303; x_wconf 91' lang='lat' dir='ltr'><strong>cui</strong></span> 
     </span>
    </p>
   </div>
   <div class='ocr_carea' id='block_1_44' title="bbox 497 4331 2077 4411">
    <p class='ocr_par' dir='ltr' id='par_1_44' title="bbox 497 4331 2077 4411">
     <span class='ocr_line' id='line_1_44' title="bbox 497 4331 2077 4411; baseline 0.009 -28"><span class='ocrx_word' id='word_1_357' title='bbox 497 4331 771 4386; x_wconf 71' lang='lat' dir='ltr'><strong>laudanda)</strong></span> <span class='ocrx_word' id='word_1_358' title='bbox 796 4332 971 4404; x_wconf 81' lang='lat' dir='ltr'><strong>lingua</strong></span> <span class='ocrx_word' id='word_1_359' title='bbox 1002 4352 1104 4390; x_wconf 91' lang='lat' dir='ltr'><strong>non</strong></span> <span class='ocrx_word' id='word_1_360' title='bbox 1139 4337 1354 4401; x_wconf 84' lang='lat' dir='ltr'><strong>sufﬁcit,</strong></span> <span class='ocrx_word' id='word_1_361' title='bbox 1387 4338 1474 4393; x_wconf 91' lang='lat' dir='ltr'><strong>ubi</strong></span> <span class='ocrx_word' id='word_1_362' title='bbox 1508 4340 1709 4395; x_wconf 89' lang='lat' dir='ltr'><strong>nullum</strong></span> <span class='ocrx_word' id='word_1_363' title='bbox 1739 4339 1945 4397; x_wconf 85' lang='lat' dir='ltr'><strong>hostem</strong></span> <span class='ocrx_word' id='word_1_364' title='bbox 1967 4341 2077 4411; x_wconf 86' lang='lat' dir='ltr'><strong>jam</strong></span> 
     </span>
    </p>
   </div>
   <div class='ocr_carea' id='block_1_45' title="bbox 428 4422 2079 4499">
    <p class='ocr_par' dir='ltr' id='par_1_45' title="bbox 428 4422 2079 4499">
     <span class='ocr_line' id='line_1_45' title="bbox 428 4422 2079 4499; baseline 0.009 -26"><span class='ocrx_word' id='word_1_365' title='bbox 428 4454 435 4459; x_wconf 55' lang='grc' dir='ltr'><strong>κ</strong></span> <span class='ocrx_word' id='word_1_366' title='bbox 497 4422 787 4478; x_wconf 86' lang='lat' dir='ltr'><strong>sentiemus</strong></span> <span class='ocrx_word' id='word_1_367' title='bbox 819 4440 919 4479; x_wconf 89' lang='lat' dir='ltr'><strong>nec</strong></span> <span class='ocrx_word' id='word_1_368' title='bbox 943 4427 991 4479; x_wconf 91' lang='lat' dir='ltr'><strong>in</strong></span> <span class='ocrx_word' id='word_1_369' title='bbox 1020 4428 1256 4480; x_wconf 74' lang='lat' dir='ltr'><strong>Ecclesia</strong></span> <span class='ocrx_word' id='word_1_370' title='bbox 1286 4469 1298 4491; x_wconf 94' lang='lat'><strong>,</strong></span> <span class='ocrx_word' id='word_1_371' title='bbox 1329 4444 1425 4483; x_wconf 80' lang='lat' dir='ltr'><strong>nec</strong></span> <span class='ocrx_word' id='word_1_372' title='bbox 1448 4438 1595 4483; x_wconf 78' lang='lat' dir='ltr'><strong>extra</strong></span> <span class='ocrx_word' id='word_1_373' title='bbox 1626 4429 1919 4485; x_wconf 87' lang='lat' dir='ltr'><strong>Eeclesiam</strong></span> <span class='ocrx_word' id='word_1_374' title='bbox 1940 4473 1955 4499; x_wconf 94' lang='lat'><strong>,</strong></span> <span class='ocrx_word' id='word_1_375' title='bbox 1981 4448 2079 4488; x_wconf 88' lang='lat' dir='ltr'><strong>nec</strong></span> 
     </span>
    </p>
   </div>
   <div class='ocr_carea' id='block_1_46' title="bbox 498 4512 2080 4586">
    <p class='ocr_par' dir='ltr' id='par_1_46' title="bbox 498 4512 2080 4586">
     <span class='ocr_line' id='line_1_46' title="bbox 498 4512 2080 4586; baseline 0.008 -22"><span class='ocrx_word' id='word_1_376' title='bbox 498 4512 551 4564; x_wconf 89' lang='lat' dir='ltr'><strong>in</strong></span> <span class='ocrx_word' id='word_1_377' title='bbox 579 4527 740 4565; x_wconf 85' lang='lat' dir='ltr'><strong>carne</strong></span> <span class='ocrx_word' id='word_1_378' title='bbox 772 4524 949 4569; x_wconf 78' lang='lat' dir='ltr'><strong>nostra</strong></span> <span class='ocrx_word' id='word_1_379' title='bbox 970 4556 985 4580; x_wconf 96' lang='lat'><strong>,</strong></span> <span class='ocrx_word' id='word_1_380' title='bbox 1015 4532 1112 4570; x_wconf 79' lang='lat' dir='ltr'><strong>nec</strong></span> <span class='ocrx_word' id='word_1_381' title='bbox 1144 4518 1193 4569; x_wconf 94' lang='lat' dir='ltr'><strong>in</strong></span> <span class='ocrx_word' id='word_1_382' title='bbox 1223 4517 1543 4586; x_wconf 80' lang='lat' dir='ltr'><strong>cogitatiOne</strong></span> <span class='ocrx_word' id='word_1_383' title='bbox 1578 4530 1777 4573; x_wconf 89' lang='lat' dir='ltr'><strong>nostra.</strong></span> <span class='ocrx_word' id='word_1_384' title='bbox 1812 4521 2080 4577; x_wconf 59' lang='lat' dir='ltr'><strong>Absorhe-</strong></span> 
     </span>
    </p>
   </div>
   <div class='ocr_carea' id='block_1_47' title="bbox 500 4600 2076 4676">
    <p class='ocr_par' dir='ltr' id='par_1_47' title="bbox 500 4600 2076 4676">
     <span class='ocr_line' id='line_1_47' title="bbox 500 4600 2076 4676; baseline 0.011 -24"><span class='ocrx_word' id='word_1_385' title='bbox 500 4600 643 4654; x_wconf 83' lang='lat' dir='ltr'><strong>hitur</strong></span> <span class='ocrx_word' id='word_1_386' title='bbox 667 4618 809 4655; x_wconf 80' lang='lat' dir='ltr'><strong>mors</strong></span> <span class='ocrx_word' id='word_1_387' title='bbox 839 4605 889 4657; x_wconf 90' lang='lat' dir='ltr'><strong>in</strong></span> <span class='ocrx_word' id='word_1_388' title='bbox 921 4606 1194 4660; x_wconf 86' lang='lat' dir='ltr'><strong>victoriam</strong></span> <span class='ocrx_word' id='word_1_389' title='bbox 1219 4608 1262 4676; x_wconf 90' lang='lat' dir='ltr'><strong>(l</strong></span> <span class='ocrx_word' id='word_1_390' title='bbox 1284 4608 1400 4662; x_wconf 77' lang='lat' dir='ltr'><strong>Cor.</strong></span> <span class='ocrx_word' id='word_1_391' title='bbox 1428 4626 1514 4676; x_wconf 75' lang='lat' dir='ltr'><strong>xv,</strong></span> <span class='ocrx_word' id='word_1_392' title='bbox 1541 4611 1654 4676; x_wconf 84' lang='lat' dir='ltr'><strong>5i),</strong></span> <span class='ocrx_word' id='word_1_393' title='bbox 1687 4622 1737 4663; x_wconf 88' lang='lat' dir='ltr'><strong>et</strong></span> <span class='ocrx_word' id='word_1_394' title='bbox 1765 4612 2076 4668; x_wconf 87' lang='lat' dir='ltr'><strong>vacabimus</strong></span> 
     </span>
    </p>
   </div>
   <div class='ocr_carea' id='block_1_48' title="bbox 499 4691 2075 4768">
    <p class='ocr_par' dir='ltr' id='par_1_48' title="bbox 499 4691 2075 4768">
     <span class='ocr_line' id='line_1_48' title="bbox 499 4691 2075 4768; baseline 0.008 -22"><span class='ocrx_word' id='word_1_395' title='bbox 499 4691 563 4746; x_wconf 87' lang='lat' dir='ltr'><strong>ad</strong></span> <span class='ocrx_word' id='word_1_396' title='bbox 593 4691 875 4748; x_wconf 87' lang='lat' dir='ltr'><strong>videndum</strong></span> <span class='ocrx_word' id='word_1_397' title='bbox 920 4694 1083 4750; x_wconf 88' lang='lat' dir='ltr'><strong>Deutu</strong></span> <span class='ocrx_word' id='word_1_398' title='bbox 1109 4698 1158 4751; x_wconf 90' lang='lat' dir='ltr'><strong>in</strong></span> <span class='ocrx_word' id='word_1_399' title='bbox 1184 4713 1313 4768; x_wconf 89' lang='lat' dir='ltr'><strong>pace</strong></span> <span class='ocrx_word' id='word_1_400' title='bbox 1337 4709 1533 4754; x_wconf 68' lang='lat' dir='ltr'><strong>(eterna</strong></span> <span class='ocrx_word' id='word_1_401' title='bbox 1560 4741 1573 4765; x_wconf 93' lang='lat'><strong>,</strong></span> <span class='ocrx_word' id='word_1_402' title='bbox 1606 4700 1748 4756; x_wconf 85' lang='lat' dir='ltr'><strong>cives</strong></span> <span class='ocrx_word' id='word_1_403' title='bbox 1776 4701 2075 4765; x_wconf 83' lang='lat' dir='ltr'><strong>Jerusalem</strong></span> 
     </span>
    </p>
   </div>
   <div class='ocr_carea' id='block_1_49' title="bbox 498 4784 1012 4843">
    <p class='ocr_par' dir='ltr' id='par_1_49' title="bbox 498 4784 1012 4843">
     <span class='ocr_line' id='line_1_49' title="bbox 498 4784 1012 4843; baseline 0.004 -4"><span class='ocrx_word' id='word_1_404' title='bbox 498 4784 631 4839; x_wconf 76' lang='lat' dir='ltr'><strong>facti-</strong></span> <span class='ocrx_word' id='word_1_405' title='bbox 651 4786 877 4841; x_wconf 79' lang='lat' dir='ltr'><strong>civitatis</strong></span> <span class='ocrx_word' id='word_1_406' title='bbox 902 4788 1012 4843; x_wconf 87' lang='lat' dir='ltr'><strong>Dei.</strong></span> 
     </span>
    </p>
   </div>
   <div class='ocr_carea' id='block_1_50' title="bbox 841 5004 1713 5069">
    <p class='ocr_par' dir='ltr' id='par_1_50' title="bbox 841 5004 1713 5069">
     <span class='ocr_line' id='line_1_50' title="bbox 841 5004 1713 5069; baseline -0.002 0"><span class='ocrx_word' id='word_1_407' title='bbox 841 5004 924 5069; x_wconf 88' lang='lat' dir='ltr'><strong>IN</strong></span> <span class='ocrx_word' id='word_1_408' title='bbox 967 5005 1346 5069; x_wconf 83' lang='lat' dir='ltr'><strong>PSALMUM</strong></span> <span class='ocrx_word' id='word_1_409' title='bbox 1414 5004 1713 5068; x_wconf 81' lang='lat' dir='ltr'><strong>CXXXV</strong></span> 
     </span>
    </p>
   </div>
   <div class='ocr_carea' id='block_1_51' title="bbox 1081 5130 1495 5186">
    <p class='ocr_par' dir='ltr' id='par_1_51' title="bbox 1081 5130 1495 5186">
     <span class='ocr_line' id='line_1_51' title="bbox 1081 5130 1495 5186; baseline -0.005 -1"><span class='ocrx_word' id='word_1_410' title='bbox 1081 5130 1495 5186; x_wconf 80' lang='lat' dir='ltr'><strong>ENARRATIO.</strong></span> 
     </span>
    </p>
   </div>
   <div class='ocr_carea' id='block_1_52' title="bbox 572 5240 2071 5316">
    <p class='ocr_par' dir='ltr' id='par_1_52' title="bbox 572 5240 2071 5316">
     <span class='ocr_line' id='line_1_52' title="bbox 572 5240 2071 5316; baseline 0.002 -21"><span class='ocrx_word' id='word_1_411' title='bbox 572 5244 616 5295; x_wconf 86' lang='lat'><strong>&#39;.</strong></span> <span class='ocrx_word' id='word_1_412' title='bbox 649 5240 815 5316; x_wconf 86' lang='lat' dir='ltr'><strong>[vers.</strong></span> <span class='ocrx_word' id='word_1_413' title='bbox 848 5242 898 5297; x_wconf 75' lang='grc'><strong>1.</strong></span> <span class='ocrx_word' id='word_1_414' title='bbox 928 5242 949 5315; x_wconf 88' lang='grc'>]</span> <span class='ocrx_word' id='word_1_415' title='bbox 982 5241 1301 5311; x_wconf 80' lang='lat' dir='ltr'><strong>Conﬁtemini</strong></span> <span class='ocrx_word' id='word_1_416' title='bbox 1346 5242 1563 5297; x_wconf 88' lang='lat' dir='ltr'><strong>Domino</strong></span> <span class='ocrx_word' id='word_1_417' title='bbox 1606 5246 1840 5316; x_wconf 87' lang='lat' dir='ltr'><strong>quoniam</strong></span> <span class='ocrx_word' id='word_1_418' title='bbox 1882 5246 2071 5310; x_wconf 85' lang='lat' dir='ltr'><strong>bonus,</strong></span> 
     </span>
    </p>
   </div>
   <div class='ocr_carea' id='block_1_53' title="bbox 494 5336 2075 5406">
    <p class='ocr_par' dir='ltr' id='par_1_53' title="bbox 494 5336 2075 5406">
     <span class='ocr_line' id='line_1_53' title="bbox 494 5336 2075 5406; baseline 0.002 -18"><span class='ocrx_word' id='word_1_419' title='bbox 494 5336 732 5406; x_wconf 82' lang='lat' dir='ltr'><strong>quoniam</strong></span> <span class='ocrx_word' id='word_1_420' title='bbox 777 5336 829 5389; x_wconf 89' lang='lat' dir='ltr'><strong>in</strong></span> <span class='ocrx_word' id='word_1_421' title='bbox 874 5338 1113 5389; x_wconf 74' lang='lat' dir='ltr'><strong>swculum</strong></span> <span class='ocrx_word' id='word_1_422' title='bbox 1157 5337 1499 5389; x_wconf 71' lang='lat' dir='ltr'><strong>misericordia</strong></span> <span class='ocrx_word' id='word_1_423' title='bbox 1527 5338 1653 5406; x_wconf 85' lang='lat' dir='ltr'><strong>ejus.</strong></span> <span class='ocrx_word' id='word_1_424' title='bbox 1689 5337 1928 5390; x_wconf 75' lang='lat' dir='ltr'><strong>Psalmus</strong></span> <span class='ocrx_word' id='word_1_425' title='bbox 1974 5338 2075 5391; x_wconf 73' lang='lat' dir='ltr'><strong>iste</strong></span> 
     </span>
    </p>
   </div>
   <div class='ocr_carea' id='block_1_54' title="bbox 494 5426 2075 5492">
    <p class='ocr_par' dir='ltr' id='par_1_54' title="bbox 494 5426 2075 5492">
     <span class='ocr_line' id='line_1_54' title="bbox 494 5426 2075 5492; baseline 0 -11"><span class='ocrx_word' id='word_1_426' title='bbox 494 5426 701 5481; x_wconf 88' lang='lat' dir='ltr'><strong>laudem</strong></span> <span class='ocrx_word' id='word_1_427' title='bbox 731 5428 967 5480; x_wconf 86' lang='lat' dir='ltr'><strong>continet</strong></span> <span class='ocrx_word' id='word_1_428' title='bbox 998 5427 1108 5492; x_wconf 92' lang='lat' dir='ltr'><strong>Dei,</strong></span> <span class='ocrx_word' id='word_1_429' title='bbox 1136 5436 1187 5481; x_wconf 90' lang='lat' dir='ltr'><strong>et</strong></span> <span class='ocrx_word' id='word_1_430' title='bbox 1212 5427 1398 5481; x_wconf 88' lang='lat' dir='ltr'><strong>eodem</strong></span> <span class='ocrx_word' id='word_1_431' title='bbox 1430 5427 1587 5481; x_wconf 92' lang='lat' dir='ltr'><strong>modo</strong></span> <span class='ocrx_word' id='word_1_432' title='bbox 1617 5427 1667 5481; x_wconf 93' lang='lat' dir='ltr'><strong>in</strong></span> <span class='ocrx_word' id='word_1_433' title='bbox 1696 5429 1940 5482; x_wconf 89' lang='lat' dir='ltr'><strong>omnibus</strong></span> <span class='ocrx_word' id='word_1_434' title='bbox 1967 5428 2075 5483; x_wconf 86' lang='lat' dir='ltr'><strong>suis</strong></span> 
     </span>
    </p>
   </div>
   <div class='ocr_carea' id='block_1_55' title="bbox 497 5516 2073 5587">
    <p class='ocr_par' dir='ltr' id='par_1_55' title="bbox 497 5516 2073 5587">
     <span class='ocr_line' id='line_1_55' title="bbox 497 5516 2073 5587; baseline 0.002 -17"><span class='ocrx_word' id='word_1_435' title='bbox 497 5516 735 5571; x_wconf 70' lang='lat' dir='ltr'><strong>versibus</strong></span> <span class='ocrx_word' id='word_1_436' title='bbox 758 5519 1089 5575; x_wconf 87' lang='lat' dir='ltr'><strong>terminatur.</strong></span> <span class='ocrx_word' id='word_1_437' title='bbox 1126 5516 1372 5582; x_wconf 85' lang='lat' dir='ltr'><strong>Proinde,</strong></span> <span class='ocrx_word' id='word_1_438' title='bbox 1408 5517 1649 5587; x_wconf 89' lang='lat' dir='ltr'><strong>quamvis</strong></span> <span class='ocrx_word' id='word_1_439' title='bbox 1676 5517 1760 5571; x_wconf 91' lang='lat' dir='ltr'><strong>hic</strong></span> <span class='ocrx_word' id='word_1_440' title='bbox 1785 5518 1833 5570; x_wconf 85' lang='lat' dir='ltr'><strong>in</strong></span> <span class='ocrx_word' id='word_1_441' title='bbox 1867 5518 2073 5573; x_wconf 78' lang='lat' dir='ltr'><strong>laudent</strong></span> 
     </span>
    </p>
   </div>
   <div class='ocr_carea' id='block_1_56' title="bbox 502 5609 2073 5681">
    <p class='ocr_par' dir='ltr' id='par_1_56' title="bbox 502 5609 2073 5681">
     <span class='ocr_line' id='line_1_56' title="bbox 502 5609 2073 5681; baseline -0.001 -16"><span class='ocrx_word' id='word_1_442' title='bbox 502 5609 593 5665; x_wconf 83' lang='lat' dir='ltr'><strong>Dei</strong></span> <span class='ocrx_word' id='word_1_443' title='bbox 627 5610 787 5664; x_wconf 90' lang='lat' dir='ltr'><strong>multa</strong></span> <span class='ocrx_word' id='word_1_444' title='bbox 820 5609 1081 5674; x_wconf 88' lang='lat' dir='ltr'><strong>dicantur,</strong></span> <span class='ocrx_word' id='word_1_445' title='bbox 1104 5610 1334 5664; x_wconf 75' lang='lat' dir='ltr'><strong>maxime</strong></span> <span class='ocrx_word' id='word_1_446' title='bbox 1358 5618 1532 5665; x_wconf 88' lang='lat' dir='ltr'><strong>tamen</strong></span> <span class='ocrx_word' id='word_1_447' title='bbox 1566 5609 1681 5681; x_wconf 88' lang='lat' dir='ltr'><strong>ejus</strong></span> <span class='ocrx_word' id='word_1_448' title='bbox 1714 5609 2073 5663; x_wconf 88' lang='lat' dir='ltr'><strong>misericordia</strong></span> 
     </span>
    </p>
   </div>
   <div class='ocr_carea' id='block_1_57' title="bbox 502 5702 2072 5773">
    <p class='ocr_par' dir='ltr' id='par_1_57' title="bbox 502 5702 2072 5773">
     <span class='ocr_line' id='line_1_57' title="bbox 502 5702 2072 5773; baseline -0.001 -16"><span class='ocrx_word' id='word_1_449' title='bbox 502 5703 926 5768; x_wconf 82' lang='lat' dir='ltr'><strong>commendatur,</strong></span> <span class='ocrx_word' id='word_1_450' title='bbox 946 5703 1062 5757; x_wconf 77' lang='lat' dir='ltr'><strong>Bltle</strong></span> <span class='ocrx_word' id='word_1_451' title='bbox 1077 5702 1231 5773; x_wconf 83' lang='lat' dir='ltr'><strong>cujus</strong></span> <span class='ocrx_word' id='word_1_452' title='bbox 1247 5703 1712 5758; x_wconf 82' lang='lat' dir='ltr'><strong>commendatione</strong></span> <span class='ocrx_word' id='word_1_453' title='bbox 1737 5702 2072 5773; x_wconf 81' lang='lat' dir='ltr'><strong>apertissima</strong></span> 
     </span>
    </p>
   </div>
   <div class='ocr_carea' id='block_1_58' title="bbox 555 5836 1237 5903">
    <p class='ocr_par' dir='ltr' id='par_1_58' title="bbox 555 5836 1237 5903">
     <span class='ocr_line' id='line_1_58' title="bbox 555 5836 1237 5903; baseline 0.004 -16"><span class='ocrx_word' id='word_1_454' title='bbox 555 5837 696 5888; x_wconf 70' lang='lat' dir='ltr'><strong>‘Am.</strong></span> <span class='ocrx_word' id='word_1_455' title='bbox 720 5836 1237 5903; x_wconf 54' lang='lat' dir='ltr'><strong>etM-.muodmliat</strong></span> 
     </span>
    </p>
   </div>
   <div class='ocr_carea' id='block_1_59' title="bbox 1763 342 2568 407">
    <p class='ocr_par' dir='ltr' id='par_1_59' title="bbox 1763 342 2568 407">
     <span class='ocr_line' id='line_1_59' title="bbox 1763 342 2568 407; baseline 0.007 -6"><span class='ocrx_word' id='word_1_456' title='bbox 1763 344 1821 401; x_wconf 83' lang='grc'><strong>8.</strong></span> <span class='ocrx_word' id='word_1_457' title='bbox 1864 342 2223 400; x_wconf 76' lang='lat' dir='ltr'><strong>AUGUSTINI</strong></span> <span class='ocrx_word' id='word_1_458' title='bbox 2267 342 2568 407; x_wconf 68' lang='grc' dir='ltr'><strong>ΕΗεωί</strong></span> 
     </span>
    </p>
   </div>
   <div class='ocr_carea' id='block_1_60' title="bbox 3628 348 3769 405">
    <p class='ocr_par' dir='ltr' id='par_1_60' title="bbox 3628 348 3769 405">
     <span class='ocr_line' id='line_1_60' title="bbox 3628 348 3769 405; baseline 0.014 -2"><span class='ocrx_word' id='word_1_459' title='bbox 3628 348 3769 405; x_wconf 63' lang='grc'><strong>1756</strong></span> 
     </span>
    </p>
   </div>
   <div class='ocr_carea' id='block_1_61' title="bbox 2182 461 3762 536">
    <p class='ocr_par' dir='ltr' id='par_1_61' title="bbox 2182 461 3762 536">
     <span class='ocr_line' id='line_1_61' title="bbox 2182 461 3762 536; baseline 0.004 -20"><span class='ocrx_word' id='word_1_460' title='bbox 2182 461 2383 517; x_wconf 86' lang='lat' dir='ltr'><strong>nullum</strong></span> <span class='ocrx_word' id='word_1_461' title='bbox 2434 476 2645 519; x_wconf 85' lang='lat' dir='ltr'><strong>versum</strong></span> <span class='ocrx_word' id='word_1_462' title='bbox 2701 461 2875 519; x_wconf 82' lang='lat' dir='ltr'><strong>claudi</strong></span> <span class='ocrx_word' id='word_1_463' title='bbox 2923 462 3125 530; x_wconf 82' lang='lat' dir='ltr'><strong>voluit,</strong></span> <span class='ocrx_word' id='word_1_464' title='bbox 3185 479 3281 534; x_wconf 85' lang='lat' dir='ltr'><strong>per</strong></span> <span class='ocrx_word' id='word_1_465' title='bbox 3331 480 3491 535; x_wconf 75' lang='lat' dir='ltr'><strong>quam</strong></span> <span class='ocrx_word' id='word_1_466' title='bbox 3536 466 3762 536; x_wconf 72' lang='lat' dir='ltr'><strong>Spiritus</strong></span> 
     </span>
    </p>
   </div>
   <div class='ocr_carea' id='block_1_62' title="bbox 2181 554 3764 615">
    <p class='ocr_par' dir='ltr' id='par_1_62' title="bbox 2181 554 3764 615">
     <span class='ocr_line' id='line_1_62' title="bbox 2181 554 3764 615; baseline 0.005 -8"><span class='ocrx_word' id='word_1_467' title='bbox 2181 563 2396 608; x_wconf 85' lang='lat' dir='ltr'><strong>sanctus</strong></span> <span class='ocrx_word' id='word_1_468' title='bbox 2453 554 2691 609; x_wconf 72' lang='lat' dir='ltr'><strong>cmtdidit</strong></span> <span class='ocrx_word' id='word_1_469' title='bbox 2746 555 3040 611; x_wconf 87' lang='lat' dir='ltr'><strong>Psahnum.</strong></span> <span class='ocrx_word' id='word_1_470' title='bbox 3074 555 3295 612; x_wconf 59' lang='lat' dir='ltr'><strong>“emitti</strong></span> <span class='ocrx_word' id='word_1_471' title='bbox 3347 565 3533 613; x_wconf 83' lang='lat' dir='ltr'><strong>autem</strong></span> <span class='ocrx_word' id='word_1_472' title='bbox 3580 574 3666 615; x_wconf 82' lang='lat' dir='ltr'><strong>me</strong></span> <span class='ocrx_word' id='word_1_473' title='bbox 3712 560 3764 614; x_wconf 87' lang='lat' dir='ltr'><strong>in</strong></span> 
     </span>
    </p>
   </div>
   <div class='ocr_carea' id='block_1_63' title="bbox 2183 647 3749 721">
    <p class='ocr_par' dir='ltr' id='par_1_63' title="bbox 2183 647 3749 721">
     <span class='ocr_line' id='line_1_63' title="bbox 2183 647 3749 721; baseline 0.004 -19"><span class='ocrx_word' id='word_1_474' title='bbox 2183 647 2383 715; x_wconf 85' lang='lat' dir='ltr'><strong>psalmo</strong></span> <span class='ocrx_word' id='word_1_475' title='bbox 2407 659 2539 701; x_wconf 78' lang='lat' dir='ltr'><strong>ceul.</strong></span> <span class='ocrx_word' id='word_1_476' title='bbox 2567 649 2703 702; x_wconf 69' lang='lat' dir='ltr'><strong>simo</strong></span> <span class='ocrx_word' id='word_1_477' title='bbox 2742 649 2956 717; x_wconf 89' lang='lat' dir='ltr'><strong>quinto,</strong></span> <span class='ocrx_word' id='word_1_478' title='bbox 2977 649 3067 718; x_wconf 89' lang='lat' dir='ltr'><strong>qui</strong></span> <span class='ocrx_word' id='word_1_479' title='bbox 3096 648 3344 704; x_wconf 84' lang='lat' dir='ltr'><strong>similiter</strong></span> <span class='ocrx_word' id='word_1_480' title='bbox 3369 649 3556 719; x_wconf 82' lang='lat' dir='ltr'><strong>incipit</strong></span> <span class='ocrx_word' id='word_1_481' title='bbox 3577 692 3593 713; x_wconf 90' lang='lat'><strong>.</strong></span> <span class='ocrx_word' id='word_1_482' title='bbox 3617 666 3749 721; x_wconf 77' lang='lat' dir='ltr'><strong>quo-</strong></span> 
     </span>
    </p>
   </div>
   <div class='ocr_carea' id='block_1_64' title="bbox 2181 740 3768 809">
    <p class='ocr_par' dir='ltr' id='par_1_64' title="bbox 2181 740 3768 809">
     <span class='ocr_line' id='line_1_64' title="bbox 2181 740 3768 809; baseline 0.003 -15"><span class='ocrx_word' id='word_1_483' title='bbox 2181 740 2325 796; x_wconf 84' lang='lat' dir='ltr'><strong>niam</strong></span> <span class='ocrx_word' id='word_1_484' title='bbox 2360 741 2531 797; x_wconf 77' lang='lat' dir='ltr'><strong>Codex</strong></span> <span class='ocrx_word' id='word_1_485' title='bbox 2555 757 2714 809; x_wconf 84' lang='lat' dir='ltr'><strong>quem</strong></span> <span class='ocrx_word' id='word_1_486' title='bbox 2743 742 3005 808; x_wconf 77' lang='lat' dir='ltr'><strong>intuebar,</strong></span> <span class='ocrx_word' id='word_1_487' title='bbox 3042 758 3146 799; x_wconf 81' lang='lat' dir='ltr'><strong>non</strong></span> <span class='ocrx_word' id='word_1_488' title='bbox 3179 743 3341 801; x_wconf 72' lang='lat' dir='ltr'><strong>habet</strong></span> <span class='ocrx_word' id='word_1_489' title='bbox 3361 784 3379 808; x_wconf 89' lang='lat'><strong>,</strong></span> <span class='ocrx_word' id='word_1_490' title='bbox 3404 744 3463 798; x_wconf 72' lang='lat' dir='ltr'><strong>in</strong></span> <span class='ocrx_word' id='word_1_491' title='bbox 3485 754 3729 800; x_wconf 70' lang='lat' dir='ltr'><strong>curuum</strong></span> <span class='ocrx_word' id='word_1_492' title='bbox 3747 761 3768 808; x_wconf 77' lang='lat'><strong>,-</strong></span> 
     </span>
    </p>
   </div>
   <div class='ocr_carea' id='block_1_65' title="bbox 2182 833 3763 905">
    <p class='ocr_par' dir='ltr' id='par_1_65' title="bbox 2182 833 3763 905">
     <span class='ocr_line' id='line_1_65' title="bbox 2182 833 3763 905; baseline 0.004 -19"><span class='ocrx_word' id='word_1_493' title='bbox 2182 833 2299 899; x_wconf 86' lang='lat' dir='ltr'><strong>sed,</strong></span> <span class='ocrx_word' id='word_1_494' title='bbox 2330 835 2383 889; x_wconf 86' lang='lat' dir='ltr'><strong>in</strong></span> <span class='ocrx_word' id='word_1_495' title='bbox 2407 833 2644 888; x_wconf 61' lang='lat' dir='ltr'><strong>antatium</strong></span> <span class='ocrx_word' id='word_1_496' title='bbox 2678 833 3021 893; x_wconf 69' lang='lat' dir='ltr'><strong>misericordia</strong></span> <span class='ocrx_word' id='word_1_497' title='bbox 3044 834 3187 904; x_wconf 71' lang='lat' dir='ltr'><strong>eius;</strong></span> <span class='ocrx_word' id='word_1_498' title='bbox 3219 835 3481 905; x_wconf 70' lang='lat' dir='ltr'><strong>qumsisse</strong></span> <span class='ocrx_word' id='word_1_499' title='bbox 3504 834 3634 904; x_wconf 83' lang='lat' dir='ltr'><strong>quid</strong></span> <span class='ocrx_word' id='word_1_500' title='bbox 3665 851 3763 905; x_wconf 76' lang='grc' dir='ltr'><strong>μο-</strong></span> 
     </span>
    </p>
   </div>
   <div class='ocr_carea' id='block_1_66' title="bbox 2184 924 3767 996">
    <p class='ocr_par' dir='ltr' id='par_1_66' title="bbox 2184 924 3767 996">
     <span class='ocr_line' id='line_1_66' title="bbox 2184 924 3767 996; baseline 0.003 -17"><span class='ocrx_word' id='word_1_501' title='bbox 2184 926 2288 979; x_wconf 91' lang='lat' dir='ltr'><strong>tius</strong></span> <span class='ocrx_word' id='word_1_502' title='bbox 2323 924 2618 994; x_wconf 75' lang='lat' dir='ltr'><strong>intelligere</strong></span> <span class='ocrx_word' id='word_1_503' title='bbox 2657 924 3012 983; x_wconf 82' lang='lat' dir='ltr'><strong>deberemus:</strong></span> <span class='ocrx_word' id='word_1_504' title='bbox 3058 926 3111 982; x_wconf 91' lang='lat' dir='ltr'><strong>in</strong></span> <span class='ocrx_word' id='word_1_505' title='bbox 3136 941 3313 996; x_wconf 62' lang='lat' dir='ltr'><strong>graeco</strong></span> <span class='ocrx_word' id='word_1_506' title='bbox 3347 927 3490 989; x_wconf 81' lang='lat' dir='ltr'><strong>enim</strong></span> <span class='ocrx_word' id='word_1_507' title='bbox 3512 943 3767 985; x_wconf 67' lang='lat' dir='ltr'><strong>sermone</strong></span> 
     </span>
    </p>
   </div>
   <div class='ocr_carea' id='block_1_67' title="bbox 2182 1017 3754 1091">
    <p class='ocr_par' dir='ltr' id='par_1_67' title="bbox 2182 1017 3754 1091">
     <span class='ocr_line' id='line_1_67' title="bbox 2182 1017 3754 1091; baseline 0.003 -20"><span class='ocrx_word' id='word_1_508' title='bbox 2182 1017 2438 1086; x_wconf 88' lang='lat' dir='ltr'><strong>scriptum</strong></span> <span class='ocrx_word' id='word_1_509' title='bbox 2465 1027 2567 1081; x_wconf 85' lang='lat' dir='ltr'><strong>est,</strong></span> <span class='ocrx_word' id='word_1_510' title='bbox 2598 1027 2663 1079; x_wconf 65' lang='lat' dir='ltr'><strong>et;</strong></span> <span class='ocrx_word' id='word_1_511' title='bbox 2688 1023 2768 1072; x_wconf 76' lang='grc' dir='ltr'><strong>τὸν</strong></span> <span class='ocrx_word' id='word_1_512' title='bbox 2791 1027 2945 1073; x_wconf 63' lang='lat' dir='ltr'><strong>«tam</strong></span> <span class='ocrx_word' id='word_1_513' title='bbox 2969 1018 3109 1089; x_wconf 86' lang='lat' dir='ltr'><strong>quod</strong></span> <span class='ocrx_word' id='word_1_514' title='bbox 3135 1027 3194 1079; x_wconf 85' lang='lat' dir='ltr'><strong>et</strong></span> <span class='ocrx_word' id='word_1_515' title='bbox 3219 1020 3276 1075; x_wconf 88' lang='lat' dir='ltr'><strong>in</strong></span> <span class='ocrx_word' id='word_1_516' title='bbox 3294 1021 3537 1079; x_wconf 69' lang='lat' dir='ltr'><strong>scendunt</strong></span> <span class='ocrx_word' id='word_1_517' title='bbox 3563 1061 3581 1091; x_wconf 84' lang='lat'><strong>,</strong></span> <span class='ocrx_word' id='word_1_518' title='bbox 3610 1030 3666 1077; x_wconf 87' lang='lat' dir='ltr'><strong>et</strong></span> <span class='ocrx_word' id='word_1_519' title='bbox 3704 1023 3754 1076; x_wconf 86' lang='lat' dir='ltr'><strong>in</strong></span> 
     </span>
    </p>
   </div>
   <div class='ocr_carea' id='block_1_68' title="bbox 2182 1113 3765 1185">
    <p class='ocr_par' dir='ltr' id='par_1_68' title="bbox 2182 1113 3765 1185">
     <span class='ocr_line' id='line_1_68' title="bbox 2182 1113 3765 1185; baseline 0.003 -20"><span class='ocrx_word' id='word_1_520' title='bbox 2182 1122 2428 1165; x_wconf 76' lang='lat' dir='ltr'><strong>teternum</strong></span> <span class='ocrx_word' id='word_1_521' title='bbox 2456 1114 2797 1182; x_wconf 82' lang='lat' dir='ltr'><strong>interpretari</strong></span> <span class='ocrx_word' id='word_1_522' title='bbox 2829 1122 3025 1184; x_wconf 81' lang='lat' dir='ltr'><strong>potest.</strong></span> <span class='ocrx_word' id='word_1_523' title='bbox 3050 1113 3156 1169; x_wconf 85' lang='lat' dir='ltr'><strong>Sed</strong></span> <span class='ocrx_word' id='word_1_524' title='bbox 3181 1114 3311 1184; x_wconf 85' lang='lat' dir='ltr'><strong>quid</strong></span> <span class='ocrx_word' id='word_1_525' title='bbox 3331 1114 3441 1171; x_wconf 85' lang='lat' dir='ltr'><strong>illic</strong></span> <span class='ocrx_word' id='word_1_526' title='bbox 3461 1156 3477 1181; x_wconf 91' lang='lat'><strong>,</strong></span> <span class='ocrx_word' id='word_1_527' title='bbox 3501 1127 3560 1173; x_wconf 88' lang='lat' dir='ltr'><strong>ut</strong></span> <span class='ocrx_word' id='word_1_528' title='bbox 3580 1117 3727 1185; x_wconf 83' lang='lat' dir='ltr'><strong>potui</strong></span> <span class='ocrx_word' id='word_1_529' title='bbox 3750 1158 3765 1182; x_wconf 96' lang='lat'><strong>,</strong></span> 
     </span>
    </p>
   </div>
   <div class='ocr_carea' id='block_1_69' title="bbox 2184 1204 3771 1277">
    <p class='ocr_par' dir='ltr' id='par_1_69' title="bbox 2184 1204 3771 1277">
     <span class='ocr_line' id='line_1_69' title="bbox 2184 1204 3771 1277; baseline 0.004 -18"><span class='ocrx_word' id='word_1_530' title='bbox 2184 1204 2527 1261; x_wconf 85' lang='lat' dir='ltr'><strong>disseruerim</strong></span> <span class='ocrx_word' id='word_1_531' title='bbox 2558 1248 2574 1272; x_wconf 95' lang='lat'><strong>,</strong></span> <span class='ocrx_word' id='word_1_532' title='bbox 2602 1208 2762 1263; x_wconf 78' lang='lat' dir='ltr'><strong>etiam</strong></span> <span class='ocrx_word' id='word_1_533' title='bbox 2795 1207 2882 1262; x_wconf 88' lang='lat' dir='ltr'><strong>hic</strong></span> <span class='ocrx_word' id='word_1_534' title='bbox 2904 1216 3150 1265; x_wconf 79' lang='lat' dir='ltr'><strong>retexere</strong></span> <span class='ocrx_word' id='word_1_535' title='bbox 3194 1209 3410 1277; x_wconf 70' lang='lat' dir='ltr'><strong>longum</strong></span> <span class='ocrx_word' id='word_1_536' title='bbox 3436 1218 3543 1265; x_wconf 76' lang='lat' dir='ltr'><strong>est.</strong></span> <span class='ocrx_word' id='word_1_537' title='bbox 3573 1207 3630 1264; x_wconf 89' lang='lat' dir='ltr'><strong>In</strong></span> <span class='ocrx_word' id='word_1_538' title='bbox 3669 1209 3771 1265; x_wconf 73' lang='lat' dir='ltr'><strong>isto</strong></span> 
     </span>
    </p>
   </div>
   <div class='ocr_carea' id='block_1_70' title="bbox 2186 1299 3769 1369">
    <p class='ocr_par' dir='ltr' id='par_1_70' title="bbox 2186 1299 3769 1369">
     <span class='ocr_line' id='line_1_70' title="bbox 2186 1299 3769 1369; baseline 0.002 -18"><span class='ocrx_word' id='word_1_539' title='bbox 2186 1306 2361 1352; x_wconf 85' lang='lat' dir='ltr'><strong>autem</strong></span> <span class='ocrx_word' id='word_1_540' title='bbox 2392 1300 2597 1367; x_wconf 80' lang='lat' dir='ltr'><strong>psalmo</strong></span> <span class='ocrx_word' id='word_1_541' title='bbox 2634 1300 2795 1355; x_wconf 87' lang='lat' dir='ltr'><strong>etiam</strong></span> <span class='ocrx_word' id='word_1_542' title='bbox 2826 1299 2968 1354; x_wconf 87' lang='lat' dir='ltr'><strong>idem</strong></span> <span class='ocrx_word' id='word_1_543' title='bbox 3002 1302 3117 1369; x_wconf 84' lang='lat' dir='ltr'><strong>ipse</strong></span> <span class='ocrx_word' id='word_1_544' title='bbox 3141 1300 3311 1357; x_wconf 83' lang='lat' dir='ltr'><strong>codex</strong></span> <span class='ocrx_word' id='word_1_545' title='bbox 3340 1315 3445 1355; x_wconf 90' lang='lat' dir='ltr'><strong>non</strong></span> <span class='ocrx_word' id='word_1_546' title='bbox 3487 1300 3686 1363; x_wconf 83' lang='lat' dir='ltr'><strong>habet,</strong></span> <span class='ocrx_word' id='word_1_547' title='bbox 3719 1303 3769 1354; x_wconf 84' lang='lat' dir='ltr'><strong>in</strong></span> 
     </span>
    </p>
   </div>
   <div class='ocr_carea' id='block_1_71' title="bbox 2193 1390 3768 1461">
    <p class='ocr_par' dir='ltr' id='par_1_71' title="bbox 2193 1390 3768 1461">
     <span class='ocr_line' id='line_1_71' title="bbox 2193 1390 3768 1461; baseline 0 -18"><span class='ocrx_word' id='word_1_548' title='bbox 2193 1391 2435 1444; x_wconf 65' lang='lat' dir='ltr'><strong>sa’culttm</strong></span> <span class='ocrx_word' id='word_1_549' title='bbox 2459 1432 2474 1454; x_wconf 95' lang='lat'><strong>,</strong></span> <span class='ocrx_word' id='word_1_550' title='bbox 2500 1390 2645 1460; x_wconf 90' lang='lat' dir='ltr'><strong>quod</strong></span> <span class='ocrx_word' id='word_1_551' title='bbox 2670 1390 2907 1461; x_wconf 84' lang='lat' dir='ltr'><strong>plerique</strong></span> <span class='ocrx_word' id='word_1_552' title='bbox 2934 1391 3135 1448; x_wconf 89' lang='lat' dir='ltr'><strong>habent</strong></span> <span class='ocrx_word' id='word_1_553' title='bbox 3156 1408 3171 1456; x_wconf 88' lang='lat'><strong>;</strong></span> <span class='ocrx_word' id='word_1_554' title='bbox 3195 1391 3311 1457; x_wconf 84' lang='lat' dir='ltr'><strong>sed,</strong></span> <span class='ocrx_word' id='word_1_555' title='bbox 3328 1391 3384 1447; x_wconf 83' lang='lat' dir='ltr'><strong>in</strong></span> <span class='ocrx_word' id='word_1_556' title='bbox 3406 1402 3654 1447; x_wconf 62' lang='lat' dir='ltr'><strong>internum</strong></span> <span class='ocrx_word' id='word_1_557' title='bbox 3678 1394 3768 1444; x_wconf 82' lang='lat' dir='ltr'><strong>mi-</strong></span> 
     </span>
    </p>
   </div>
   <div class='ocr_carea' id='block_1_72' title="bbox 2185 1482 3771 1553">
    <p class='ocr_par' dir='ltr' id='par_1_72' title="bbox 2185 1482 3771 1553">
     <span class='ocr_line' id='line_1_72' title="bbox 2185 1482 3771 1553; baseline -0.002 -12"><span class='ocrx_word' id='word_1_558' title='bbox 2185 1482 2461 1541; x_wconf 61' lang='lat' dir='ltr'><strong>sericordia</strong></span> <span class='ocrx_word' id='word_1_559' title='bbox 2489 1484 2620 1552; x_wconf 84' lang='lat' dir='ltr'><strong>ejus.</strong></span> <span class='ocrx_word' id='word_1_560' title='bbox 2664 1482 2819 1550; x_wconf 82' lang='lat' dir='ltr'><strong>Quod</strong></span> <span class='ocrx_word' id='word_1_561' title='bbox 2846 1484 2947 1538; x_wconf 86' lang='lat' dir='ltr'><strong>etsi</strong></span> <span class='ocrx_word' id='word_1_562' title='bbox 2976 1492 3099 1552; x_wconf 87' lang='lat' dir='ltr'><strong>post</strong></span> <span class='ocrx_word' id='word_1_563' title='bbox 3119 1483 3382 1553; x_wconf 82' lang='lat' dir='ltr'><strong>iudicium</strong></span> <span class='ocrx_word' id='word_1_564' title='bbox 3411 1524 3426 1547; x_wconf 90' lang='lat'><strong>,</strong></span> <span class='ocrx_word' id='word_1_565' title='bbox 3449 1498 3555 1552; x_wconf 87' lang='lat' dir='ltr'><strong>quo</strong></span> <span class='ocrx_word' id='word_1_566' title='bbox 3586 1484 3638 1537; x_wconf 91' lang='lat' dir='ltr'><strong>in</strong></span> <span class='ocrx_word' id='word_1_567' title='bbox 3668 1485 3771 1538; x_wconf 84' lang='lat' dir='ltr'><strong>line</strong></span> 
     </span>
    </p>
   </div>
   <div class='ocr_carea' id='block_1_73' title="bbox 2185 1577 3769 1647">
    <p class='ocr_par' dir='ltr' id='par_1_73' title="bbox 2185 1577 3769 1647">
     <span class='ocr_line' id='line_1_73' title="bbox 2185 1577 3769 1647; baseline -0.002 -13"><span class='ocrx_word' id='word_1_568' title='bbox 2185 1579 2362 1637; x_wconf 71' lang='lat' dir='ltr'><strong>sreculi</strong></span> <span class='ocrx_word' id='word_1_569' title='bbox 2394 1577 2496 1633; x_wconf 80' lang='lat' dir='ltr'><strong>vivi</strong></span> <span class='ocrx_word' id='word_1_570' title='bbox 2523 1588 2578 1634; x_wconf 87' lang='lat' dir='ltr'><strong>et</strong></span> <span class='ocrx_word' id='word_1_571' title='bbox 2603 1578 2797 1633; x_wconf 85' lang='lat' dir='ltr'><strong>mortui</strong></span> <span class='ocrx_word' id='word_1_572' title='bbox 2822 1577 3094 1647; x_wconf 84' lang='lat' dir='ltr'><strong>iudicandi</strong></span> <span class='ocrx_word' id='word_1_573' title='bbox 3123 1585 3291 1644; x_wconf 86' lang='lat' dir='ltr'><strong>sunt,</strong></span> <span class='ocrx_word' id='word_1_574' title='bbox 3328 1578 3508 1633; x_wconf 88' lang='lat' dir='ltr'><strong>missis</strong></span> <span class='ocrx_word' id='word_1_575' title='bbox 3532 1577 3689 1647; x_wconf 83' lang='lat' dir='ltr'><strong>justis</strong></span> <span class='ocrx_word' id='word_1_576' title='bbox 3720 1579 3769 1631; x_wconf 90' lang='lat' dir='ltr'><strong>in</strong></span> 
     </span>
    </p>
   </div>
   <div class='ocr_carea' id='block_1_74' title="bbox 2184 1666 3773 1742">
    <p class='ocr_par' dir='ltr' id='par_1_74' title="bbox 2184 1666 3773 1742">
     <span class='ocr_line' id='line_1_74' title="bbox 2184 1666 3773 1742; baseline -0.002 -15"><span class='ocrx_word' id='word_1_577' title='bbox 2184 1674 2348 1728; x_wconf 83' lang='lat' dir='ltr'><strong>vitam</strong></span> <span class='ocrx_word' id='word_1_578' title='bbox 2373 1682 2652 1736; x_wconf 66' lang='lat' dir='ltr'><strong>teter-nam,</strong></span> <span class='ocrx_word' id='word_1_579' title='bbox 2694 1672 2891 1742; x_wconf 85' lang='lat' dir='ltr'><strong>iniquis</strong></span> <span class='ocrx_word' id='word_1_580' title='bbox 2918 1681 3097 1728; x_wconf 85' lang='lat' dir='ltr'><strong>autem</strong></span> <span class='ocrx_word' id='word_1_581' title='bbox 3119 1673 3172 1726; x_wconf 90' lang='lat' dir='ltr'><strong>in</strong></span> <span class='ocrx_word' id='word_1_582' title='bbox 3200 1666 3591 1727; x_wconf 73' lang='lat' dir='ltr'><strong>ambustionem</strong></span> <span class='ocrx_word' id='word_1_583' title='bbox 3614 1680 3773 1725; x_wconf 64' lang='lat' dir='ltr'><strong>aeter-</strong></span> 
     </span>
    </p>
   </div>
   <div class='ocr_carea' id='block_1_75' title="bbox 2186 1764 3770 1837">
    <p class='ocr_par' dir='ltr' id='par_1_75' title="bbox 2186 1764 3770 1837">
     <span class='ocr_line' id='line_1_75' title="bbox 2186 1764 3770 1837; baseline -0.004 -14"><span class='ocrx_word' id='word_1_584' title='bbox 2186 1783 2329 1829; x_wconf 88' lang='lat' dir='ltr'><strong>nam,</strong></span> <span class='ocrx_word' id='word_1_585' title='bbox 2354 1782 2460 1822; x_wconf 91' lang='lat' dir='ltr'><strong>non</strong></span> <span class='ocrx_word' id='word_1_586' title='bbox 2489 1767 2595 1823; x_wconf 90' lang='lat' dir='ltr'><strong>sint</strong></span> <span class='ocrx_word' id='word_1_587' title='bbox 2613 1767 2866 1835; x_wconf 79' lang='lat' dir='ltr'><strong>deinceps</strong></span> <span class='ocrx_word' id='word_1_588' title='bbox 2891 1765 3053 1821; x_wconf 84' lang='lat' dir='ltr'><strong>futuri</strong></span> <span class='ocrx_word' id='word_1_589' title='bbox 3078 1780 3305 1837; x_wconf 82' lang='lat' dir='ltr'><strong>quorum</strong></span> <span class='ocrx_word' id='word_1_590' title='bbox 3323 1764 3498 1820; x_wconf 86' lang='lat' dir='ltr'><strong>adhuc</strong></span> <span class='ocrx_word' id='word_1_591' title='bbox 3522 1766 3770 1821; x_wconf 84' lang='lat' dir='ltr'><strong>miserea-</strong></span> 
     </span>
    </p>
   </div>
   <div class='ocr_carea' id='block_1_76' title="bbox 2187 1862 3773 1935">
    <p class='ocr_par' dir='ltr' id='par_1_76' title="bbox 2187 1862 3773 1935">
     <span class='ocr_line' id='line_1_76' title="bbox 2187 1862 3773 1935; baseline -0.001 -18"><span class='ocrx_word' id='word_1_592' title='bbox 2187 1873 2269 1919; x_wconf 89' lang='lat' dir='ltr'><strong>tur</strong></span> <span class='ocrx_word' id='word_1_593' title='bbox 2295 1866 2434 1921; x_wconf 85' lang='lat' dir='ltr'><strong>Deus</strong></span> <span class='ocrx_word' id='word_1_594' title='bbox 2458 1885 2472 1930; x_wconf 86' lang='lat'><strong>;</strong></span> <span class='ocrx_word' id='word_1_595' title='bbox 2503 1875 2648 1920; x_wconf 89' lang='lat' dir='ltr'><strong>recte</strong></span> <span class='ocrx_word' id='word_1_596' title='bbox 2680 1876 2855 1919; x_wconf 86' lang='lat' dir='ltr'><strong>tamen</strong></span> <span class='ocrx_word' id='word_1_597' title='bbox 2885 1864 3106 1935; x_wconf 73' lang='lat' dir='ltr'><strong>intelligi</strong></span> <span class='ocrx_word' id='word_1_598' title='bbox 3136 1870 3315 1935; x_wconf 87' lang='lat' dir='ltr'><strong>potest</strong></span> <span class='ocrx_word' id='word_1_599' title='bbox 3338 1862 3393 1917; x_wconf 91' lang='lat' dir='ltr'><strong>in</strong></span> <span class='ocrx_word' id='word_1_600' title='bbox 3419 1871 3681 1918; x_wconf 67' lang='lat' dir='ltr'><strong>teternum</strong></span> <span class='ocrx_word' id='word_1_601' title='bbox 3700 1862 3773 1916; x_wconf 78' lang='grc' dir='ltr'><strong><em>1⁵η-</em></strong></span> 
     </span>
    </p>
   </div>
   <div class='ocr_carea' id='block_1_77' title="bbox 2189 1955 3771 2029">
    <p class='ocr_par' dir='ltr' id='par_1_77' title="bbox 2189 1955 3771 2029">
     <span class='ocr_line' id='line_1_77' title="bbox 2189 1955 3771 2029; baseline -0.002 -16"><span class='ocrx_word' id='word_1_602' title='bbox 2189 1970 2302 2013; x_wconf 84' lang='lat' dir='ltr'><strong>tura</strong></span> <span class='ocrx_word' id='word_1_603' title='bbox 2334 1959 2697 2015; x_wconf 78' lang='lat' dir='ltr'><strong>misericordia</strong></span> <span class='ocrx_word' id='word_1_604' title='bbox 2712 1960 2849 2029; x_wconf 75' lang='lat' dir='ltr'><strong>eius,</strong></span> <span class='ocrx_word' id='word_1_605' title='bbox 2869 1973 3027 2029; x_wconf 87' lang='lat' dir='ltr'><strong>quam</strong></span> <span class='ocrx_word' id='word_1_606' title='bbox 3058 1960 3169 2012; x_wconf 83' lang='lat' dir='ltr'><strong>suis</strong></span> <span class='ocrx_word' id='word_1_607' title='bbox 3194 1956 3394 2011; x_wconf 81' lang='lat' dir='ltr'><strong>sanctis</strong></span> <span class='ocrx_word' id='word_1_608' title='bbox 3420 1955 3771 2024; x_wconf 82' lang='lat' dir='ltr'><strong>ﬁdelibusque</strong></span> 
     </span>
    </p>
   </div>
   <div class='ocr_carea' id='block_1_78' title="bbox 2185 2047 3768 2121">
    <p class='ocr_par' dir='ltr' id='par_1_78' title="bbox 2185 2047 3768 2121">
     <span class='ocr_line' id='line_1_78' title="bbox 2185 2047 3768 2121; baseline -0.003 -15"><span class='ocrx_word' id='word_1_609' title='bbox 2185 2052 2442 2121; x_wconf 83' lang='lat' dir='ltr'><strong>largitur:</strong></span> <span class='ocrx_word' id='word_1_610' title='bbox 2477 2067 2583 2106; x_wconf 90' lang='lat' dir='ltr'><strong>non</strong></span> <span class='ocrx_word' id='word_1_611' title='bbox 2608 2052 2729 2121; x_wconf 90' lang='lat' dir='ltr'><strong>qui</strong></span> <span class='ocrx_word' id='word_1_612' title='bbox 2761 2052 2812 2105; x_wconf 92' lang='lat' dir='ltr'><strong>in</strong></span> <span class='ocrx_word' id='word_1_613' title='bbox 2839 2059 3098 2105; x_wconf 69' lang='lat' dir='ltr'><strong>aeternum</strong></span> <span class='ocrx_word' id='word_1_614' title='bbox 3129 2049 3309 2103; x_wconf 81' lang='lat' dir='ltr'><strong>miseri</strong></span> <span class='ocrx_word' id='word_1_615' title='bbox 3337 2057 3495 2103; x_wconf 85' lang='lat' dir='ltr'><strong>erunt</strong></span> <span class='ocrx_word' id='word_1_616' title='bbox 3523 2090 3538 2113; x_wconf 92' lang='lat'><strong>,</strong></span> <span class='ocrx_word' id='word_1_617' title='bbox 3564 2058 3622 2102; x_wconf 88' lang='lat' dir='ltr'><strong>et</strong></span> <span class='ocrx_word' id='word_1_618' title='bbox 3646 2047 3768 2102; x_wconf 86' lang='lat' dir='ltr'><strong>ideo</strong></span> 
     </span>
    </p>
   </div>
   <div class='ocr_carea' id='block_1_79' title="bbox 2184 2140 3770 2213">
    <p class='ocr_par' dir='ltr' id='par_1_79' title="bbox 2184 2140 3770 2213">
     <span class='ocr_line' id='line_1_79' title="bbox 2184 2140 3770 2213; baseline -0.003 -14"><span class='ocrx_word' id='word_1_619' title='bbox 2184 2145 2239 2199; x_wconf 90' lang='lat' dir='ltr'><strong>in</strong></span> <span class='ocrx_word' id='word_1_620' title='bbox 2269 2156 2528 2199; x_wconf 84' lang='lat' dir='ltr'><strong>a-ternum</strong></span> <span class='ocrx_word' id='word_1_621' title='bbox 2578 2143 2943 2200; x_wconf 86' lang='lat' dir='ltr'><strong>misericordia</strong></span> <span class='ocrx_word' id='word_1_622' title='bbox 2978 2143 3095 2213; x_wconf 83' lang='lat' dir='ltr'><strong>eius</strong></span> <span class='ocrx_word' id='word_1_623' title='bbox 3133 2140 3479 2213; x_wconf 82' lang='lat' dir='ltr'><strong>indigebunt;</strong></span> <span class='ocrx_word' id='word_1_624' title='bbox 3508 2141 3604 2195; x_wconf 84' lang='lat' dir='ltr'><strong>sed</strong></span> <span class='ocrx_word' id='word_1_625' title='bbox 3647 2141 3770 2211; x_wconf 85' lang='lat' dir='ltr'><strong>quia</strong></span> 
     </span>
    </p>
   </div>
   <div class='ocr_carea' id='block_1_80' title="bbox 2184 2235 3769 2309">
    <p class='ocr_par' dir='ltr' id='par_1_80' title="bbox 2184 2235 3769 2309">
     <span class='ocr_line' id='line_1_80' title="bbox 2184 2235 3769 2309; baseline -0.003 -17"><span class='ocrx_word' id='word_1_626' title='bbox 2184 2238 2297 2306; x_wconf 89' lang='lat' dir='ltr'><strong>ipsa</strong></span> <span class='ocrx_word' id='word_1_627' title='bbox 2325 2238 2595 2293; x_wconf 86' lang='lat' dir='ltr'><strong>beatitudo</strong></span> <span class='ocrx_word' id='word_1_628' title='bbox 2616 2252 2775 2309; x_wconf 88' lang='lat' dir='ltr'><strong>quam</strong></span> <span class='ocrx_word' id='word_1_629' title='bbox 2811 2235 3236 2293; x_wconf 87' lang='lat' dir='ltr'><strong>misericorditer</strong></span> <span class='ocrx_word' id='word_1_630' title='bbox 3276 2236 3486 2289; x_wconf 84' lang='lat' dir='ltr'><strong>miseris</strong></span> <span class='ocrx_word' id='word_1_631' title='bbox 3511 2241 3734 2304; x_wconf 61' lang='lat' dir='ltr'><strong>praestat</strong></span> <span class='ocrx_word' id='word_1_632' title='bbox 3753 2275 3769 2299; x_wconf 93' lang='lat'><strong>,</strong></span> 
     </span>
    </p>
   </div>
   <div class='ocr_carea' id='block_1_81' title="bbox 2185 2328 3770 2397">
    <p class='ocr_par' dir='ltr' id='par_1_81' title="bbox 2185 2328 3770 2397">
     <span class='ocr_line' id='line_1_81' title="bbox 2185 2328 3770 2397; baseline -0.001 -15"><span class='ocrx_word' id='word_1_633' title='bbox 2185 2341 2241 2382; x_wconf 87' lang='lat' dir='ltr'><strong>ut</strong></span> <span class='ocrx_word' id='word_1_634' title='bbox 2270 2345 2388 2384; x_wconf 82' lang='lat' dir='ltr'><strong>esse</strong></span> <span class='ocrx_word' id='word_1_635' title='bbox 2409 2331 2588 2383; x_wconf 71' lang='lat' dir='ltr'><strong>miseri</strong></span> <span class='ocrx_word' id='word_1_636' title='bbox 2616 2330 2866 2384; x_wconf 88' lang='lat' dir='ltr'><strong>desinant</strong></span> <span class='ocrx_word' id='word_1_637' title='bbox 2893 2370 2907 2393; x_wconf 92' lang='lat'><strong>,</strong></span> <span class='ocrx_word' id='word_1_638' title='bbox 2935 2338 2990 2383; x_wconf 90' lang='lat' dir='ltr'><strong>et</strong></span> <span class='ocrx_word' id='word_1_639' title='bbox 3015 2329 3154 2383; x_wconf 79' lang='lat' dir='ltr'><strong>beati</strong></span> <span class='ocrx_word' id='word_1_640' title='bbox 3186 2343 3307 2384; x_wconf 89' lang='lat' dir='ltr'><strong>esse</strong></span> <span class='ocrx_word' id='word_1_641' title='bbox 3342 2328 3599 2397; x_wconf 79' lang='lat' dir='ltr'><strong>incipiant</strong></span> <span class='ocrx_word' id='word_1_642' title='bbox 3622 2368 3638 2392; x_wconf 94' lang='lat'><strong>,</strong></span> <span class='ocrx_word' id='word_1_643' title='bbox 3664 2342 3770 2381; x_wconf 88' lang='lat' dir='ltr'><strong>non</strong></span> 
     </span>
    </p>
   </div>
   <div class='ocr_carea' id='block_1_82' title="bbox 2187 2420 3769 2491">
    <p class='ocr_par' dir='ltr' id='par_1_82' title="bbox 2187 2420 3769 2491">
     <span class='ocr_line' id='line_1_82' title="bbox 2187 2420 3769 2491; baseline -0.001 -17"><span class='ocrx_word' id='word_1_644' title='bbox 2187 2422 2403 2475; x_wconf 85' lang='lat' dir='ltr'><strong>habebit</strong></span> <span class='ocrx_word' id='word_1_645' title='bbox 2422 2422 2600 2485; x_wconf 80' lang='lat' dir='ltr'><strong>ﬁnem,</strong></span> <span class='ocrx_word' id='word_1_646' title='bbox 2622 2423 2742 2477; x_wconf 83' lang='lat' dir='ltr'><strong>ideo</strong></span> <span class='ocrx_word' id='word_1_647' title='bbox 2764 2424 2817 2476; x_wconf 85' lang='lat' dir='ltr'><strong>in</strong></span> <span class='ocrx_word' id='word_1_648' title='bbox 2834 2433 3080 2477; x_wconf 72' lang='lat' dir='ltr'><strong>mter-num</strong></span> <span class='ocrx_word' id='word_1_649' title='bbox 3104 2422 3447 2476; x_wconf 85' lang='lat' dir='ltr'><strong>misericordia</strong></span> <span class='ocrx_word' id='word_1_650' title='bbox 3470 2422 3598 2491; x_wconf 78' lang='lat' dir='ltr'><strong>ejus.</strong></span> <span class='ocrx_word' id='word_1_651' title='bbox 3616 2420 3769 2488; x_wconf 80' lang='lat' dir='ltr'><strong>Quod</strong></span> 
     </span>
    </p>
   </div>
   <div class='ocr_carea' id='block_1_83' title="bbox 2185 2514 3770 2584">
    <p class='ocr_par' dir='ltr' id='par_1_83' title="bbox 2185 2514 3770 2584">
     <span class='ocr_line' id='line_1_83' title="bbox 2185 2514 3770 2584; baseline -0.001 -15"><span class='ocrx_word' id='word_1_652' title='bbox 2185 2518 2326 2569; x_wconf 80' lang='lat' dir='ltr'><strong>enim</strong></span> <span class='ocrx_word' id='word_1_653' title='bbox 2356 2516 2484 2581; x_wconf 85' lang='lat' dir='ltr'><strong>iusti</strong></span> <span class='ocrx_word' id='word_1_654' title='bbox 2516 2517 2719 2571; x_wconf 89' lang='lat' dir='ltr'><strong>erimus</strong></span> <span class='ocrx_word' id='word_1_655' title='bbox 2762 2531 2826 2571; x_wconf 85' lang='lat' dir='ltr'><strong>ex</strong></span> <span class='ocrx_word' id='word_1_656' title='bbox 2859 2516 3053 2584; x_wconf 89' lang='lat' dir='ltr'><strong>iniquis</strong></span> <span class='ocrx_word' id='word_1_657' title='bbox 3078 2558 3091 2579; x_wconf 93' lang='lat'><strong>,</strong></span> <span class='ocrx_word' id='word_1_658' title='bbox 3122 2516 3234 2569; x_wconf 89' lang='lat' dir='ltr'><strong>sani</strong></span> <span class='ocrx_word' id='word_1_659' title='bbox 3265 2530 3330 2570; x_wconf 87' lang='lat' dir='ltr'><strong>ex</strong></span> <span class='ocrx_word' id='word_1_660' title='bbox 3361 2514 3588 2569; x_wconf 86' lang='lat' dir='ltr'><strong>inﬁrmis</strong></span> <span class='ocrx_word' id='word_1_661' title='bbox 3615 2557 3631 2581; x_wconf 93' lang='lat'><strong>,</strong></span> <span class='ocrx_word' id='word_1_662' title='bbox 3660 2514 3770 2568; x_wconf 79' lang='lat' dir='ltr'><strong>vivi</strong></span> 
     </span>
    </p>
   </div>
   <div class='ocr_carea' id='block_1_84' title="bbox 2183 2606 3775 2673">
    <p class='ocr_par' dir='ltr' id='par_1_84' title="bbox 2183 2606 3775 2673">
     <span class='ocr_line' id='line_1_84' title="bbox 2183 2606 3775 2673; baseline -0.001 -11"><span class='ocrx_word' id='word_1_663' title='bbox 2183 2615 2256 2662; x_wconf 67' lang='lat' dir='ltr'><strong>ex</strong></span> <span class='ocrx_word' id='word_1_664' title='bbox 2279 2609 2503 2661; x_wconf 83' lang='lat' dir='ltr'><strong>mortuis</strong></span> <span class='ocrx_word' id='word_1_665' title='bbox 2537 2650 2550 2673; x_wconf 96' lang='lat'><strong>,</strong></span> <span class='ocrx_word' id='word_1_666' title='bbox 2574 2607 2903 2662; x_wconf 91' lang='lat' dir='ltr'><strong>immortales</strong></span> <span class='ocrx_word' id='word_1_667' title='bbox 2932 2623 2997 2662; x_wconf 81' lang='lat' dir='ltr'><strong>ex</strong></span> <span class='ocrx_word' id='word_1_668' title='bbox 3038 2607 3382 2668; x_wconf 88' lang='lat' dir='ltr'><strong>mortalibus.</strong></span> <span class='ocrx_word' id='word_1_669' title='bbox 3413 2606 3552 2660; x_wconf 77' lang='lat' dir='ltr'><strong>beati</strong></span> <span class='ocrx_word' id='word_1_670' title='bbox 3591 2620 3658 2659; x_wconf 76' lang='lat' dir='ltr'><strong>ex</strong></span> <span class='ocrx_word' id='word_1_671' title='bbox 3680 2607 3775 2661; x_wconf 83' lang='lat' dir='ltr'><strong>mi-</strong></span> 
     </span>
    </p>
   </div>
   <div class='ocr_carea' id='block_1_85' title="bbox 2184 2697 3771 2769">
    <p class='ocr_par' dir='ltr' id='par_1_85' title="bbox 2184 2697 3771 2769">
     <span class='ocr_line' id='line_1_85' title="bbox 2184 2697 3771 2769; baseline -0.002 -15"><span class='ocrx_word' id='word_1_672' title='bbox 2184 2701 2319 2754; x_wconf 87' lang='lat' dir='ltr'><strong>seris</strong></span> <span class='ocrx_word' id='word_1_673' title='bbox 2342 2741 2357 2766; x_wconf 95' lang='lat'><strong>,</strong></span> <span class='ocrx_word' id='word_1_674' title='bbox 2387 2700 2748 2755; x_wconf 83' lang='lat' dir='ltr'><strong>misericordia</strong></span> <span class='ocrx_word' id='word_1_675' title='bbox 2774 2701 2890 2769; x_wconf 82' lang='lat' dir='ltr'><strong>ejus</strong></span> <span class='ocrx_word' id='word_1_676' title='bbox 2912 2706 3011 2754; x_wconf 79' lang='lat' dir='ltr'><strong>est.</strong></span> <span class='ocrx_word' id='word_1_677' title='bbox 3042 2698 3154 2753; x_wconf 77' lang='lat' dir='ltr'><strong>Hoc</strong></span> <span class='ocrx_word' id='word_1_678' title='bbox 3179 2708 3354 2751; x_wconf 86' lang='lat' dir='ltr'><strong>autem</strong></span> <span class='ocrx_word' id='word_1_679' title='bbox 3391 2697 3532 2766; x_wconf 83' lang='lat' dir='ltr'><strong>quod</strong></span> <span class='ocrx_word' id='word_1_680' title='bbox 3564 2699 3635 2752; x_wconf 82' lang='lat' dir='ltr'><strong>ita</strong></span> <span class='ocrx_word' id='word_1_681' title='bbox 3660 2699 3771 2752; x_wconf 85' lang='lat' dir='ltr'><strong>eri-</strong></span> 
     </span>
    </p>
   </div>
   <div class='ocr_carea' id='block_1_86' title="bbox 2184 2790 3773 2860">
    <p class='ocr_par' dir='ltr' id='par_1_86' title="bbox 2184 2790 3773 2860">
     <span class='ocr_line' id='line_1_86' title="bbox 2184 2790 3773 2860; baseline -0.003 -14"><span class='ocrx_word' id='word_1_682' title='bbox 2184 2808 2325 2859; x_wconf 78' lang='lat' dir='ltr'><strong>mus,</strong></span> <span class='ocrx_word' id='word_1_683' title='bbox 2357 2793 2409 2846; x_wconf 91' lang='lat' dir='ltr'><strong>in</strong></span> <span class='ocrx_word' id='word_1_684' title='bbox 2440 2803 2699 2847; x_wconf 74' lang='lat' dir='ltr'><strong>mternnm</strong></span> <span class='ocrx_word' id='word_1_685' title='bbox 2743 2794 2845 2847; x_wconf 88' lang='lat' dir='ltr'><strong>erit</strong></span> <span class='ocrx_word' id='word_1_686' title='bbox 2873 2810 2887 2846; x_wconf 88' lang='lat'><strong>:</strong></span> <span class='ocrx_word' id='word_1_687' title='bbox 2913 2806 3041 2860; x_wconf 82' lang='lat' dir='ltr'><strong>ergo</strong></span> <span class='ocrx_word' id='word_1_688' title='bbox 3071 2792 3125 2843; x_wconf 87' lang='lat' dir='ltr'><strong>in</strong></span> <span class='ocrx_word' id='word_1_689' title='bbox 3149 2800 3393 2845; x_wconf 65' lang='lat' dir='ltr'><strong>internum</strong></span> <span class='ocrx_word' id='word_1_690' title='bbox 3417 2790 3773 2845; x_wconf 80' lang='lat' dir='ltr'><strong>misericordia</strong></span> 
     </span>
    </p>
   </div>
   <div class='ocr_carea' id='block_1_87' title="bbox 2186 2880 3773 2954">
    <p class='ocr_par' dir='ltr' id='par_1_87' title="bbox 2186 2880 3773 2954">
     <span class='ocr_line' id='line_1_87' title="bbox 2186 2880 3773 2954; baseline -0.004 -16"><span class='ocrx_word' id='word_1_691' title='bbox 2186 2885 2317 2954; x_wconf 82' lang='lat' dir='ltr'><strong>ejus.</strong></span> <span class='ocrx_word' id='word_1_692' title='bbox 2352 2883 2598 2945; x_wconf 78' lang='lat' dir='ltr'><strong>Proinde,</strong></span> <span class='ocrx_word' id='word_1_693' title='bbox 2625 2882 2950 2952; x_wconf 79' lang='lat' dir='ltr'><strong>Conﬁtemini</strong></span> <span class='ocrx_word' id='word_1_694' title='bbox 2968 2881 3215 2946; x_wconf 86' lang='lat' dir='ltr'><strong>&#39;Dommo,</strong></span> <span class='ocrx_word' id='word_1_695' title='bbox 3242 2880 3293 2934; x_wconf 86' lang='lat' dir='ltr'><strong>id</strong></span> <span class='ocrx_word' id='word_1_696' title='bbox 3321 2889 3432 2945; x_wconf 82' lang='lat' dir='ltr'><strong>est,</strong></span> <span class='ocrx_word' id='word_1_697' title='bbox 3462 2880 3773 2935; x_wconf 86' lang='lat' dir='ltr'><strong>conﬁtendo</strong></span> 
     </span>
    </p>
   </div>
   <div class='ocr_carea' id='block_1_88' title="bbox 2185 2972 3771 3043">
    <p class='ocr_par' dir='ltr' id='par_1_88' title="bbox 2185 2972 3771 3043">
     <span class='ocr_line' id='line_1_88' title="bbox 2185 2972 3771 3043; baseline -0.001 -16"><span class='ocrx_word' id='word_1_698' title='bbox 2185 2974 2397 3027; x_wconf 77' lang='lat' dir='ltr'><strong>laudate</strong></span> <span class='ocrx_word' id='word_1_699' title='bbox 2429 2974 2739 3037; x_wconf 88' lang='lat' dir='ltr'><strong>Dominum;</strong></span> <span class='ocrx_word' id='word_1_700' title='bbox 2772 2973 3012 3043; x_wconf 73' lang='lat' dir='ltr'><strong>quoniam</strong></span> <span class='ocrx_word' id='word_1_701' title='bbox 3040 2972 3217 3027; x_wconf 82' lang='lat' dir='ltr'><strong>bonus.</strong></span> <span class='ocrx_word' id='word_1_702' title='bbox 3248 2972 3355 3027; x_wconf 81' lang='lat' dir='ltr'><strong>Nec</strong></span> <span class='ocrx_word' id='word_1_703' title='bbox 3387 2986 3483 3041; x_wconf 87' lang='lat' dir='ltr'><strong>pro</strong></span> <span class='ocrx_word' id='word_1_704' title='bbox 3504 2972 3607 3027; x_wconf 85' lang='lat' dir='ltr'><strong>hac</strong></span> <span class='ocrx_word' id='word_1_705' title='bbox 3635 2986 3771 3026; x_wconf 87' lang='lat' dir='ltr'><strong>con-</strong></span> 
     </span>
    </p>
   </div>
   <div class='ocr_carea' id='block_1_89' title="bbox 2185 3064 3774 3135">
    <p class='ocr_par' dir='ltr' id='par_1_89' title="bbox 2185 3064 3774 3135">
     <span class='ocr_line' id='line_1_89' title="bbox 2185 3064 3774 3135; baseline -0.001 -16"><span class='ocrx_word' id='word_1_706' title='bbox 2185 3064 2417 3123; x_wconf 79' lang='lat' dir='ltr'><strong>fessione</strong></span> <span class='ocrx_word' id='word_1_707' title='bbox 2456 3064 2653 3135; x_wconf 85' lang='lat' dir='ltr'><strong>aliquid</strong></span> <span class='ocrx_word' id='word_1_708' title='bbox 2701 3067 2830 3120; x_wconf 80' lang='lat' dir='ltr'><strong>estis</strong></span> <span class='ocrx_word' id='word_1_709' title='bbox 2874 3066 3166 3135; x_wconf 88' lang='lat' dir='ltr'><strong>temporale</strong></span> <span class='ocrx_word' id='word_1_710' title='bbox 3205 3064 3502 3134; x_wconf 69' lang='lat' dir='ltr'><strong>stnnpturi;</strong></span> <span class='ocrx_word' id='word_1_711' title='bbox 3531 3065 3774 3135; x_wconf 75' lang='lat' dir='ltr'><strong>quoniam</strong></span> 
     </span>
    </p>
   </div>
   <div class='ocr_carea' id='block_1_90' title="bbox 2182 3159 3772 3231">
    <p class='ocr_par' dir='ltr' id='par_1_90' title="bbox 2182 3159 3772 3231">
     <span class='ocr_line' id='line_1_90' title="bbox 2182 3159 3772 3231; baseline 0.001 -16"><span class='ocrx_word' id='word_1_712' title='bbox 2182 3160 2239 3214; x_wconf 76' lang='lat' dir='ltr'><strong>in</strong></span> <span class='ocrx_word' id='word_1_713' title='bbox 2263 3169 2505 3215; x_wconf 68' lang='lat' dir='ltr'><strong>(uernum</strong></span> <span class='ocrx_word' id='word_1_714' title='bbox 2534 3160 2877 3216; x_wconf 82' lang='lat' dir='ltr'><strong>misericordia</strong></span> <span class='ocrx_word' id='word_1_715' title='bbox 2903 3161 3013 3231; x_wconf 82' lang='lat' dir='ltr'><strong>ejus</strong></span> <span class='ocrx_word' id='word_1_716' title='bbox 3038 3203 3054 3227; x_wconf 94' lang='lat'><strong>,</strong></span> <span class='ocrx_word' id='word_1_717' title='bbox 3079 3159 3132 3215; x_wconf 83' lang='lat' dir='ltr'><strong>id</strong></span> <span class='ocrx_word' id='word_1_718' title='bbox 3161 3169 3263 3223; x_wconf 77' lang='lat' dir='ltr'><strong>est.</strong></span> <span class='ocrx_word' id='word_1_719' title='bbox 3293 3160 3610 3215; x_wconf 80' lang='lat' dir='ltr'><strong>beneﬁcium</strong></span> <span class='ocrx_word' id='word_1_720' title='bbox 3629 3161 3772 3231; x_wconf 89' lang='lat' dir='ltr'><strong>quod</strong></span> 
     </span>
    </p>
   </div>
   <div class='ocr_carea' id='block_1_91' title="bbox 2185 3252 3771 3322">
    <p class='ocr_par' dir='ltr' id='par_1_91' title="bbox 2185 3252 3771 3322">
     <span class='ocr_line' id='line_1_91' title="bbox 2185 3252 3771 3322; baseline 0.001 -16"><span class='ocrx_word' id='word_1_721' title='bbox 2185 3253 2339 3307; x_wconf 87' lang='lat' dir='ltr'><strong>vobis</strong></span> <span class='ocrx_word' id='word_1_722' title='bbox 2365 3252 2782 3309; x_wconf 86' lang='lat' dir='ltr'><strong>misericorditer</strong></span> <span class='ocrx_word' id='word_1_723' title='bbox 2810 3263 3045 3322; x_wconf 61' lang='lat' dir='ltr'><strong>pra&#39;stat,</strong></span> <span class='ocrx_word' id='word_1_724' title='bbox 3079 3263 3336 3308; x_wconf 83' lang='lat' dir='ltr'><strong>aeternum</strong></span> <span class='ocrx_word' id='word_1_725' title='bbox 3364 3253 3647 3322; x_wconf 59' lang='lat' dir='ltr'><strong>eshQrmd</strong></span> <span class='ocrx_word' id='word_1_726' title='bbox 3672 3271 3771 3308; x_wconf 83' lang='lat' dir='ltr'><strong>au-</strong></span> 
     </span>
    </p>
   </div>
   <div class='ocr_carea' id='block_1_92' title="bbox 2184 3345 3772 3416">
    <p class='ocr_par' dir='ltr' id='par_1_92' title="bbox 2184 3345 3772 3416">
     <span class='ocr_line' id='line_1_92' title="bbox 2184 3345 3772 3416; baseline 0.001 -16"><span class='ocrx_word' id='word_1_727' title='bbox 2184 3354 2291 3400; x_wconf 88' lang='lat' dir='ltr'><strong>tem</strong></span> <span class='ocrx_word' id='word_1_728' title='bbox 2323 3346 2500 3411; x_wconf 89' lang='lat' dir='ltr'><strong>habet,</strong></span> <span class='ocrx_word' id='word_1_729' title='bbox 2532 3345 2784 3413; x_wconf 81' lang='lat' dir='ltr'><strong>Quoniam</strong></span> <span class='ocrx_word' id='word_1_730' title='bbox 2804 3346 2982 3413; x_wconf 78' lang='lat' dir='ltr'><strong>bonus,</strong></span> <span class='ocrx_word' id='word_1_731' title='bbox 3010 3361 3217 3416; x_wconf 67' lang='lat' dir='ltr'><strong>grmcus</strong></span> <span class='ocrx_word' id='word_1_732' title='bbox 3240 3347 3399 3401; x_wconf 87' lang='lat' dir='ltr'><strong>habet</strong></span> <span class='ocrx_word' id='word_1_733' title='bbox 3422 3350 3593 3413; x_wconf 58' lang='lat' dir='ltr'><strong>ato/acea;</strong></span> <span class='ocrx_word' id='word_1_734' title='bbox 3622 3364 3635 3399; x_wconf 90' lang='lat'><strong>:</strong></span> <span class='ocrx_word' id='word_1_735' title='bbox 3664 3363 3772 3402; x_wconf 89' lang='lat' dir='ltr'><strong>non</strong></span> 
     </span>
    </p>
   </div>
   <div class='ocr_carea' id='block_1_93' title="bbox 2185 3438 3770 3508">
    <p class='ocr_par' dir='ltr' id='par_1_93' title="bbox 2185 3438 3770 3508">
     <span class='ocr_line' id='line_1_93' title="bbox 2185 3438 3770 3508; baseline 0.001 -16"><span class='ocrx_word' id='word_1_736' title='bbox 2185 3438 2326 3492; x_wconf 86' lang='lat' dir='ltr'><strong>sicut</strong></span> <span class='ocrx_word' id='word_1_737' title='bbox 2369 3439 2420 3492; x_wconf 91' lang='lat' dir='ltr'><strong>in</strong></span> <span class='ocrx_word' id='word_1_738' title='bbox 2456 3438 2658 3507; x_wconf 88' lang='lat' dir='ltr'><strong>psalmo</strong></span> <span class='ocrx_word' id='word_1_739' title='bbox 2703 3439 2997 3493; x_wconf 79' lang='lat' dir='ltr'><strong>centesimo</strong></span> <span class='ocrx_word' id='word_1_740' title='bbox 3023 3448 3073 3492; x_wconf 86' lang='lat' dir='ltr'><strong>et</strong></span> <span class='ocrx_word' id='word_1_741' title='bbox 3105 3439 3324 3508; x_wconf 88' lang='lat' dir='ltr'><strong>quinto;</strong></span> <span class='ocrx_word' id='word_1_742' title='bbox 3357 3438 3498 3508; x_wconf 88' lang='lat' dir='ltr'><strong>quod</strong></span> <span class='ocrx_word' id='word_1_743' title='bbox 3544 3439 3616 3493; x_wconf 89' lang='lat' dir='ltr'><strong>ibi</strong></span> <span class='ocrx_word' id='word_1_744' title='bbox 3647 3449 3731 3493; x_wconf 81' lang='lat' dir='ltr'><strong>est</strong></span> <span class='ocrx_word' id='word_1_745' title='bbox 3756 3482 3770 3499; x_wconf 84' lang='lat'><strong>.</strong></span> 
     </span>
    </p>
   </div>
   <div class='ocr_carea' id='block_1_94' title="bbox 2188 3530 3772 3600">
    <p class='ocr_par' dir='ltr' id='par_1_94' title="bbox 2188 3530 3772 3600">
     <span class='ocr_line' id='line_1_94' title="bbox 2188 3530 3772 3600; baseline 0.001 -17"><span class='ocrx_word' id='word_1_746' title='bbox 2188 3531 2443 3597; x_wconf 79' lang='lat' dir='ltr'><strong>Quoniam</strong></span> <span class='ocrx_word' id='word_1_747' title='bbox 2481 3531 2659 3596; x_wconf 76' lang='lat' dir='ltr'><strong>bonus,</strong></span> <span class='ocrx_word' id='word_1_748' title='bbox 2686 3545 2892 3600; x_wconf 57' lang='lat' dir='ltr'><strong>glaucus</strong></span> <span class='ocrx_word' id='word_1_749' title='bbox 2931 3531 3089 3584; x_wconf 86' lang='lat' dir='ltr'><strong>habet</strong></span> <span class='ocrx_word' id='word_1_750' title='bbox 3127 3540 3345 3599; x_wconf 70' lang='grc' dir='ltr'><strong>χρηστός.</strong></span> <span class='ocrx_word' id='word_1_751' title='bbox 3380 3530 3503 3584; x_wconf 87' lang='lat' dir='ltr'><strong>Ideo</strong></span> <span class='ocrx_word' id='word_1_752' title='bbox 3527 3532 3772 3585; x_wconf 85' lang='lat' dir='ltr'><strong>nonnulli</strong></span> 
     </span>
    </p>
   </div>
   <div class='ocr_carea' id='block_1_95' title="bbox 2186 3624 3774 3693">
    <p class='ocr_par' dir='ltr' id='par_1_95' title="bbox 2186 3624 3774 3693">
     <span class='ocr_line' id='line_1_95' title="bbox 2186 3624 3774 3693; baseline -0.003 -14"><span class='ocrx_word' id='word_1_753' title='bbox 2186 3624 2312 3679; x_wconf 77' lang='lat' dir='ltr'><strong>illud</strong></span> <span class='ocrx_word' id='word_1_754' title='bbox 2333 3625 2662 3693; x_wconf 80' lang='lat' dir='ltr'><strong>interpretati</strong></span> <span class='ocrx_word' id='word_1_755' title='bbox 2688 3633 2830 3688; x_wconf 75' lang='lat' dir='ltr'><strong>situt,</strong></span> <span class='ocrx_word' id='word_1_756' title='bbox 2855 3624 3115 3691; x_wconf 78' lang='lat' dir='ltr'><strong>Quoniam</strong></span> <span class='ocrx_word' id='word_1_757' title='bbox 3144 3625 3321 3681; x_wconf 81' lang='lat' dir='ltr'><strong>suavis</strong></span> <span class='ocrx_word' id='word_1_758' title='bbox 3348 3632 3449 3680; x_wconf 84' lang='lat' dir='ltr'><strong>est.</strong></span> <span class='ocrx_word' id='word_1_759' title='bbox 3481 3630 3663 3691; x_wconf 77' lang='grc' dir='ltr'><strong>Δγαθὸς</strong></span> <span class='ocrx_word' id='word_1_760' title='bbox 3680 3640 3774 3676; x_wconf 85' lang='lat' dir='ltr'><strong>au-</strong></span> 
     </span>
    </p>
   </div>
   <div class='ocr_carea' id='block_1_96' title="bbox 2187 3718 3773 3788">
    <p class='ocr_par' dir='ltr' id='par_1_96' title="bbox 2187 3718 3773 3788">
     <span class='ocr_line' id='line_1_96' title="bbox 2187 3718 3773 3788; baseline 0.002 -17"><span class='ocrx_word' id='word_1_761' title='bbox 2187 3725 2295 3771; x_wconf 79' lang='lat' dir='ltr'><strong>tem</strong></span> <span class='ocrx_word' id='word_1_762' title='bbox 2326 3733 2430 3772; x_wconf 89' lang='lat' dir='ltr'><strong>non</strong></span> <span class='ocrx_word' id='word_1_763' title='bbox 2459 3728 2744 3788; x_wconf 89' lang='lat' dir='ltr'><strong>utcumque</strong></span> <span class='ocrx_word' id='word_1_764' title='bbox 2777 3718 2967 3786; x_wconf 87' lang='lat' dir='ltr'><strong>bonus,</strong></span> <span class='ocrx_word' id='word_1_765' title='bbox 3000 3719 3094 3774; x_wconf 85' lang='lat' dir='ltr'><strong>sed</strong></span> <span class='ocrx_word' id='word_1_766' title='bbox 3117 3720 3567 3775; x_wconf 64' lang='lat' dir='ltr'><strong>excellentissime</strong></span> <span class='ocrx_word' id='word_1_767' title='bbox 3600 3718 3773 3774; x_wconf 76' lang='lat' dir='ltr'><strong>bubus</strong></span> 
     </span>
    </p>
   </div>
   <div class='ocr_carea' id='block_1_97' title="bbox 2186 3822 2287 3865">
    <p class='ocr_par' dir='ltr' id='par_1_97' title="bbox 2186 3822 2287 3865">
     <span class='ocr_line' id='line_1_97' title="bbox 2186 3822 2287 3865; baseline -0.02 0"><span class='ocrx_word' id='word_1_768' title='bbox 2186 3822 2287 3865; x_wconf 74' lang='lat' dir='ltr'><strong>(&#39;Sl.</strong></span> 
     </span>
    </p>
   </div>
   <div class='ocr_carea' id='block_1_98' title="bbox 2253 3900 3774 3975">
    <p class='ocr_par' dir='ltr' id='par_1_98' title="bbox 2253 3900 3774 3975">
     <span class='ocr_line' id='line_1_98' title="bbox 2253 3900 3774 3975; baseline 0.001 -19"><span class='ocrx_word' id='word_1_769' title='bbox 2253 3901 2308 3956; x_wconf 65' lang='grc' dir='ltr'><strong>Ω.</strong></span> <span class='ocrx_word' id='word_1_770' title='bbox 2350 3900 2519 3975; x_wconf 66' lang='grc' dir='ltr'><strong>[νοτε.</strong></span> <span class='ocrx_word' id='word_1_771' title='bbox 2545 3901 2610 3963; x_wconf 75' lang='lat'><strong>2.</strong></span> <span class='ocrx_word' id='word_1_772' title='bbox 2638 3900 2733 3975; x_wconf 71' lang='lat'><strong>15.]</strong></span> <span class='ocrx_word' id='word_1_773' title='bbox 2770 3901 2968 3957; x_wconf 86' lang='lat' dir='ltr'><strong>Deinde</strong></span> <span class='ocrx_word' id='word_1_774' title='bbox 3004 3903 3247 3973; x_wconf 84' lang='lat' dir='ltr'><strong>sequitur</strong></span> <span class='ocrx_word' id='word_1_775' title='bbox 3272 3919 3288 3957; x_wconf 73' lang='grc' dir='ltr'><strong>ε</strong></span> <span class='ocrx_word' id='word_1_776' title='bbox 3318 3902 3639 3971; x_wconf 78' lang='lat' dir='ltr'><strong>Con/t&#39;temini</strong></span> <span class='ocrx_word' id='word_1_777' title='bbox 3664 3902 3774 3958; x_wconf 79' lang='lat' dir='ltr'><strong>Deo</strong></span> 
     </span>
    </p>
   </div>
   <div class='ocr_carea' id='block_1_99' title="bbox 2185 3993 3775 4066">
    <p class='ocr_par' dir='ltr' id='par_1_99' title="bbox 2185 3993 3775 4066">
     <span class='ocr_line' id='line_1_99' title="bbox 2185 3993 3775 4066; baseline 0.001 -17"><span class='ocrx_word' id='word_1_778' title='bbox 2185 3993 2433 4058; x_wconf 77' lang='lat' dir='ltr'><strong>deorum;</strong></span> <span class='ocrx_word' id='word_1_779' title='bbox 2474 3994 2710 4063; x_wconf 85' lang='lat' dir='ltr'><strong>quoniam</strong></span> <span class='ocrx_word' id='word_1_780' title='bbox 2737 3994 2789 4047; x_wconf 82' lang='lat' dir='ltr'><strong>in</strong></span> <span class='ocrx_word' id='word_1_781' title='bbox 2819 4003 3061 4048; x_wconf 76' lang='lat' dir='ltr'><strong>teternum</strong></span> <span class='ocrx_word' id='word_1_782' title='bbox 3091 3996 3226 4049; x_wconf 70' lang='lat' dir='ltr'><strong>miser</strong></span> <span class='ocrx_word' id='word_1_783' title='bbox 3247 3994 3438 4049; x_wconf 72' lang='lat' dir='ltr'><strong>icordia</strong></span> <span class='ocrx_word' id='word_1_784' title='bbox 3473 3996 3606 4066; x_wconf 86' lang='lat' dir='ltr'><strong>ejus.</strong></span> <span class='ocrx_word' id='word_1_785' title='bbox 3642 3995 3775 4050; x_wconf 82' lang='lat' dir='ltr'><strong>Con-</strong></span> 
     </span>
    </p>
   </div>
   <div class='ocr_carea' id='block_1_100' title="bbox 2186 4086 3774 4158">
    <p class='ocr_par' dir='ltr' id='par_1_100' title="bbox 2186 4086 3774 4158">
     <span class='ocr_line' id='line_1_100' title="bbox 2186 4086 3774 4158; baseline 0.004 -21"><span class='ocrx_word' id='word_1_786' title='bbox 2186 4086 2399 4154; x_wconf 72' lang='lat' dir='ltr'><strong>ﬁtemini</strong></span> <span class='ocrx_word' id='word_1_787' title='bbox 2426 4086 2644 4139; x_wconf 83' lang='lat' dir='ltr'><strong>Domino</strong></span> <span class='ocrx_word' id='word_1_788' title='bbox 2672 4086 3031 4152; x_wconf 84' lang='lat' dir='ltr'><strong>dominorum;</strong></span> <span class='ocrx_word' id='word_1_789' title='bbox 3059 4089 3295 4158; x_wconf 77' lang='lat' dir='ltr'><strong>quoniam</strong></span> <span class='ocrx_word' id='word_1_790' title='bbox 3321 4088 3375 4141; x_wconf 80' lang='lat' dir='ltr'><strong>in</strong></span> <span class='ocrx_word' id='word_1_791' title='bbox 3405 4098 3649 4142; x_wconf 67' lang='lat' dir='ltr'><strong>teterrima</strong></span> <span class='ocrx_word' id='word_1_792' title='bbox 3681 4089 3774 4143; x_wconf 59' lang='lat' dir='ltr'><strong>nti.</strong></span> 
     </span>
    </p>
   </div>
   <div class='ocr_carea' id='block_1_101' title="bbox 2184 4176 3772 4250">
    <p class='ocr_par' dir='ltr' id='par_1_101' title="bbox 2184 4176 3772 4250">
     <span class='ocr_line' id='line_1_101' title="bbox 2184 4176 3772 4250; baseline 0.004 -20"><span class='ocrx_word' id='word_1_793' title='bbox 2184 4176 2457 4230; x_wconf 73' lang='lat' dir='ltr'><strong>serieordia</strong></span> <span class='ocrx_word' id='word_1_794' title='bbox 2494 4178 2620 4247; x_wconf 84' lang='lat' dir='ltr'><strong>ejus.</strong></span> <span class='ocrx_word' id='word_1_795' title='bbox 2666 4178 2886 4241; x_wconf 72' lang='lat' dir='ltr'><strong>Quinam</strong></span> <span class='ocrx_word' id='word_1_796' title='bbox 2927 4178 3030 4232; x_wconf 87' lang='lat' dir='ltr'><strong>sint</strong></span> <span class='ocrx_word' id='word_1_797' title='bbox 3073 4178 3145 4233; x_wconf 89' lang='lat' dir='ltr'><strong>dii</strong></span> <span class='ocrx_word' id='word_1_798' title='bbox 3178 4189 3229 4232; x_wconf 83' lang='lat' dir='ltr'><strong>et</strong></span> <span class='ocrx_word' id='word_1_799' title='bbox 3257 4179 3496 4246; x_wconf 86' lang='lat' dir='ltr'><strong>domini,</strong></span> <span class='ocrx_word' id='word_1_800' title='bbox 3543 4195 3772 4250; x_wconf 81' lang='lat' dir='ltr'><strong>quorum</strong></span> 
     </span>
    </p>
   </div>
   <div class='ocr_carea' id='block_1_102' title="bbox 2185 4270 3777 4342">
    <p class='ocr_par' dir='ltr' id='par_1_102' title="bbox 2185 4270 3777 4342">
     <span class='ocr_line' id='line_1_102' title="bbox 2185 4270 3777 4342; baseline 0.003 -18"><span class='ocrx_word' id='word_1_801' title='bbox 2185 4270 2406 4325; x_wconf 87' lang='lat' dir='ltr'><strong>deormn</strong></span> <span class='ocrx_word' id='word_1_802' title='bbox 2437 4280 2491 4325; x_wconf 85' lang='lat' dir='ltr'><strong>et</strong></span> <span class='ocrx_word' id='word_1_803' title='bbox 2520 4270 2854 4342; x_wconf 86' lang='lat' dir='ltr'><strong>dominorum</strong></span> <span class='ocrx_word' id='word_1_804' title='bbox 2896 4270 2962 4326; x_wconf 88' lang='lat' dir='ltr'><strong>sit</strong></span> <span class='ocrx_word' id='word_1_805' title='bbox 3002 4272 3138 4326; x_wconf 82' lang='lat' dir='ltr'><strong>Deus</strong></span> <span class='ocrx_word' id='word_1_806' title='bbox 3167 4281 3220 4326; x_wconf 88' lang='lat' dir='ltr'><strong>et</strong></span> <span class='ocrx_word' id='word_1_807' title='bbox 3254 4271 3508 4327; x_wconf 87' lang='lat' dir='ltr'><strong>Dominus</strong></span> <span class='ocrx_word' id='word_1_808' title='bbox 3529 4314 3542 4335; x_wconf 92' lang='lat'><strong>,</strong></span> <span class='ocrx_word' id='word_1_809' title='bbox 3575 4274 3668 4342; x_wconf 86' lang='lat' dir='ltr'><strong>qni</strong></span> <span class='ocrx_word' id='word_1_810' title='bbox 3695 4283 3777 4329; x_wconf 83' lang='lat' dir='ltr'><strong>cst</strong></span> 
     </span>
    </p>
   </div>
   <div class='ocr_carea' id='block_1_103' title="bbox 2185 4340 3772 4433">
    <p class='ocr_par' dir='ltr' id='par_1_103' title="bbox 2185 4340 3772 4433">
     <span class='ocr_line' id='line_1_103' title="bbox 2185 4340 3772 4433; baseline 0 -17"><span class='ocrx_word' id='word_1_811' title='bbox 2185 4369 2343 4417; x_wconf 67' lang='lat' dir='ltr'><strong>Verus</strong></span> <span class='ocrx_word' id='word_1_812' title='bbox 2379 4362 2557 4426; x_wconf 85' lang='lat' dir='ltr'><strong>Deus;</strong></span> <span class='ocrx_word' id='word_1_813' title='bbox 2609 4340 2800 4415; x_wconf 78' lang='lat' dir='ltr'><strong>merito</strong></span> <span class='ocrx_word' id='word_1_814' title='bbox 2828 4363 2991 4431; x_wconf 68' lang='lat' dir='ltr'><strong>quaeri</strong></span> <span class='ocrx_word' id='word_1_815' title='bbox 3032 4363 3190 4418; x_wconf 84' lang='lat' dir='ltr'><strong>solet.</strong></span> <span class='ocrx_word' id='word_1_816' title='bbox 3237 4361 3305 4417; x_wconf 86' lang='lat' dir='ltr'><strong>Et</strong></span> <span class='ocrx_word' id='word_1_817' title='bbox 3332 4340 3772 4433; x_wconf 73' lang='lat' dir='ltr'><strong>scriptuminve-</strong></span> 
     </span>
    </p>
   </div>
   <div class='ocr_carea' id='block_1_104' title="bbox 2184 4452 3771 4524">
    <p class='ocr_par' dir='ltr' id='par_1_104' title="bbox 2184 4452 3771 4524">
     <span class='ocr_line' id='line_1_104' title="bbox 2184 4452 3771 4524; baseline 0.001 -17"><span class='ocrx_word' id='word_1_818' title='bbox 2184 4453 2361 4507; x_wconf 85' lang='lat' dir='ltr'><strong>nimus</strong></span> <span class='ocrx_word' id='word_1_819' title='bbox 2388 4452 2438 4505; x_wconf 89' lang='lat' dir='ltr'><strong>in</strong></span> <span class='ocrx_word' id='word_1_820' title='bbox 2461 4452 2565 4505; x_wconf 89' lang='lat' dir='ltr'><strong>alio</strong></span> <span class='ocrx_word' id='word_1_821' title='bbox 2590 4452 2813 4521; x_wconf 80' lang='lat' dir='ltr'><strong>psalmo,</strong></span> <span class='ocrx_word' id='word_1_822' title='bbox 2840 4452 2971 4507; x_wconf 81' lang='lat' dir='ltr'><strong>deos</strong></span> <span class='ocrx_word' id='word_1_823' title='bbox 2997 4454 3156 4507; x_wconf 86' lang='lat' dir='ltr'><strong>etiam</strong></span> <span class='ocrx_word' id='word_1_824' title='bbox 3184 4452 3427 4509; x_wconf 85' lang='lat' dir='ltr'><strong>homines</strong></span> <span class='ocrx_word' id='word_1_825' title='bbox 3452 4454 3771 4524; x_wconf 83' lang='lat' dir='ltr'><strong>appellatos,</strong></span> 
     </span>
    </p>
   </div>
   <div class='ocr_carea' id='block_1_105' title="bbox 2185 4544 3774 4619">
    <p class='ocr_par' dir='ltr' id='par_1_105' title="bbox 2185 4544 3774 4619">
     <span class='ocr_line' id='line_1_105' title="bbox 2185 4544 3774 4619; baseline 0.001 -19"><span class='ocrx_word' id='word_1_826' title='bbox 2185 4546 2339 4601; x_wconf 83' lang='lat' dir='ltr'><strong>sicuti</strong></span> <span class='ocrx_word' id='word_1_827' title='bbox 2366 4557 2478 4610; x_wconf 87' lang='lat' dir='ltr'><strong>est,</strong></span> <span class='ocrx_word' id='word_1_828' title='bbox 2504 4544 2642 4601; x_wconf 86' lang='lat' dir='ltr'><strong>Deus</strong></span> <span class='ocrx_word' id='word_1_829' title='bbox 2680 4547 2811 4600; x_wconf 81' lang='lat' dir='ltr'><strong>stetit</strong></span> <span class='ocrx_word' id='word_1_830' title='bbox 2855 4547 2909 4599; x_wconf 80' lang='lat' dir='ltr'><strong>in</strong></span> <span class='ocrx_word' id='word_1_831' title='bbox 2951 4563 3209 4619; x_wconf 74' lang='lat' dir='ltr'><strong>synagoga</strong></span> <span class='ocrx_word' id='word_1_832' title='bbox 3247 4546 3495 4611; x_wconf 82' lang='lat' dir='ltr'><strong>deorum;</strong></span> <span class='ocrx_word' id='word_1_833' title='bbox 3521 4548 3577 4602; x_wconf 84' lang='lat' dir='ltr'><strong>in</strong></span> <span class='ocrx_word' id='word_1_834' title='bbox 3608 4549 3774 4603; x_wconf 85' lang='lat' dir='ltr'><strong>medio</strong></span> 
     </span>
    </p>
   </div>
   <div class='ocr_carea' id='block_1_106' title="bbox 2185 4639 3773 4711">
    <p class='ocr_par' dir='ltr' id='par_1_106' title="bbox 2185 4639 3773 4711">
     <span class='ocr_line' id='line_1_106' title="bbox 2185 4639 3773 4711; baseline 0.002 -19"><span class='ocrx_word' id='word_1_835' title='bbox 2185 4649 2352 4692; x_wconf 88' lang='lat' dir='ltr'><strong>autem</strong></span> <span class='ocrx_word' id='word_1_836' title='bbox 2379 4639 2498 4693; x_wconf 82' lang='lat' dir='ltr'><strong>deos</strong></span> <span class='ocrx_word' id='word_1_837' title='bbox 2526 4639 2761 4693; x_wconf 83' lang='lat' dir='ltr'><strong>discernit</strong></span> <span class='ocrx_word' id='word_1_838' title='bbox 2784 4654 2802 4693; x_wconf 91' lang='lat'><em>:</em></span> <span class='ocrx_word' id='word_1_839' title='bbox 2825 4649 2875 4694; x_wconf 86' lang='lat' dir='ltr'><strong>et</strong></span> <span class='ocrx_word' id='word_1_840' title='bbox 2904 4640 3060 4710; x_wconf 88' lang='lat' dir='ltr'><strong>paulo</strong></span> <span class='ocrx_word' id='word_1_841' title='bbox 3086 4647 3222 4709; x_wconf 80' lang='lat' dir='ltr'><strong>post,</strong></span> <span class='ocrx_word' id='word_1_842' title='bbox 3257 4639 3365 4711; x_wconf 86' lang='lat' dir='ltr'><strong>Ego</strong></span> <span class='ocrx_word' id='word_1_843' title='bbox 3390 4641 3516 4706; x_wconf 59' lang='lat' dir='ltr'><strong>disci,</strong></span> <span class='ocrx_word' id='word_1_844' title='bbox 3549 4641 3637 4694; x_wconf 78' lang='lat' dir='ltr'><strong>Dii</strong></span> <span class='ocrx_word' id='word_1_845' title='bbox 3657 4644 3773 4697; x_wconf 80' lang='lat' dir='ltr'><strong>estis</strong></span> 
     </span>
    </p>
   </div>
   <div class='ocr_carea' id='block_1_107' title="bbox 2185 4728 3768 4799">
    <p class='ocr_par' dir='ltr' id='par_1_107' title="bbox 2185 4728 3768 4799">
     <span class='ocr_line' id='line_1_107' title="bbox 2185 4728 3768 4799; baseline 0.001 -14"><span class='ocrx_word' id='word_1_846' title='bbox 2185 4740 2232 4785; x_wconf 87' lang='lat' dir='ltr'><strong>et</strong></span> <span class='ocrx_word' id='word_1_847' title='bbox 2255 4729 2352 4799; x_wconf 83' lang='lat' dir='ltr'><strong>ﬁlii</strong></span> <span class='ocrx_word' id='word_1_848' title='bbox 2375 4728 2577 4785; x_wconf 77' lang='lat' dir='ltr'><strong>Ercelsi</strong></span> <span class='ocrx_word' id='word_1_849' title='bbox 2605 4747 2818 4796; x_wconf 83' lang='lat' dir='ltr'><strong>omnes;</strong></span> <span class='ocrx_word' id='word_1_850' title='bbox 2844 4748 2931 4786; x_wconf 79' lang='lat' dir='ltr'><strong>ros</strong></span> <span class='ocrx_word' id='word_1_851' title='bbox 2957 4741 3121 4786; x_wconf 85' lang='lat' dir='ltr'><strong>autem</strong></span> <span class='ocrx_word' id='word_1_852' title='bbox 3142 4742 3198 4787; x_wconf 75' lang='lat' dir='ltr'><strong>ut</strong></span> <span class='ocrx_word' id='word_1_853' title='bbox 3219 4732 3441 4788; x_wconf 79' lang='lat' dir='ltr'><strong>homines</strong></span> <span class='ocrx_word' id='word_1_854' title='bbox 3463 4735 3768 4799; x_wconf 81' lang='lat' dir='ltr'><strong>moriemini,</strong></span> 
     </span>
    </p>
   </div>
   <div class='ocr_carea' id='block_1_108' title="bbox 2183 4822 3769 4893">
    <p class='ocr_par' dir='ltr' id='par_1_108' title="bbox 2183 4822 3769 4893">
     <span class='ocr_line' id='line_1_108' title="bbox 2183 4822 3769 4893; baseline 0.001 -16"><span class='ocrx_word' id='word_1_855' title='bbox 2183 4834 2230 4877; x_wconf 87' lang='lat' dir='ltr'><strong>et</strong></span> <span class='ocrx_word' id='word_1_856' title='bbox 2255 4824 2384 4877; x_wconf 76' lang='lat' dir='ltr'><strong>sicut</strong></span> <span class='ocrx_word' id='word_1_857' title='bbox 2413 4838 2543 4876; x_wconf 77' lang='lat' dir='ltr'><strong>unus</strong></span> <span class='ocrx_word' id='word_1_858' title='bbox 2569 4838 2634 4876; x_wconf 74' lang='lat' dir='ltr'><strong>ea:</strong></span> <span class='ocrx_word' id='word_1_859' title='bbox 2653 4822 2963 4893; x_wconf 82' lang='lat' dir='ltr'><strong>principibus</strong></span> <span class='ocrx_word' id='word_1_860' title='bbox 2983 4823 3191 4877; x_wconf 83' lang='lat' dir='ltr'><strong>cadetis.</strong></span> <span class='ocrx_word' id='word_1_861' title='bbox 3223 4823 3376 4891; x_wconf 84' lang='lat' dir='ltr'><strong>Quod</strong></span> <span class='ocrx_word' id='word_1_862' title='bbox 3406 4826 3769 4879; x_wconf 87' lang='lat' dir='ltr'><strong>testimonium</strong></span> 
     </span>
    </p>
   </div>
   <div class='ocr_carea' id='block_1_109' title="bbox 2184 4914 3770 4983">
    <p class='ocr_par' dir='ltr' id='par_1_109' title="bbox 2184 4914 3770 4983">
     <span class='ocr_line' id='line_1_109' title="bbox 2184 4914 3770 4983; baseline 0.003 -16"><span class='ocrx_word' id='word_1_863' title='bbox 2184 4916 2342 4968; x_wconf 79' lang='lat' dir='ltr'><strong>etiam</strong></span> <span class='ocrx_word' id='word_1_864' title='bbox 2388 4914 2645 4969; x_wconf 86' lang='lat' dir='ltr'><strong>Dominus</strong></span> <span class='ocrx_word' id='word_1_865' title='bbox 2692 4914 2744 4968; x_wconf 90' lang='lat' dir='ltr'><strong>in</strong></span> <span class='ocrx_word' id='word_1_866' title='bbox 2789 4915 3072 4983; x_wconf 77' lang='lat' dir='ltr'><strong>Evangelia</strong></span> <span class='ocrx_word' id='word_1_867' title='bbox 3115 4924 3502 4969; x_wconf 75' lang='lat' dir='ltr'><strong>Commemorat</strong></span> <span class='ocrx_word' id='word_1_868' title='bbox 3541 4916 3770 4972; x_wconf 88' lang='lat' dir='ltr'><strong>dicens:</strong></span> 
     </span>
    </p>
   </div>
   <div class='ocr_carea' id='block_1_110' title="bbox 2184 5003 3773 5075">
    <p class='ocr_par' dir='ltr' id='par_1_110' title="bbox 2184 5003 3773 5075">
     <span class='ocr_line' id='line_1_110' title="bbox 2184 5003 3773 5075; baseline 0.001 -16"><span class='ocrx_word' id='word_1_869' title='bbox 2184 5003 2375 5059; x_wconf 78' lang='lat' dir='ltr'><strong>Nonne</strong></span> <span class='ocrx_word' id='word_1_870' title='bbox 2402 5006 2644 5075; x_wconf 76' lang='lat' dir='ltr'><strong>scriptum</strong></span> <span class='ocrx_word' id='word_1_871' title='bbox 2670 5013 2742 5059; x_wconf 88' lang='lat' dir='ltr'><strong>est</strong></span> <span class='ocrx_word' id='word_1_872' title='bbox 2768 5006 2819 5058; x_wconf 83' lang='lat' dir='ltr'><strong>in</strong></span> <span class='ocrx_word' id='word_1_873' title='bbox 2847 5003 2981 5075; x_wconf 81' lang='lat' dir='ltr'><strong>Lege</strong></span> <span class='ocrx_word' id='word_1_874' title='bbox 3006 5014 3187 5069; x_wconf 68' lang='lat' dir='ltr'><strong>castra,</strong></span> <span class='ocrx_word' id='word_1_875' title='bbox 3217 5007 3356 5075; x_wconf 80' lang='lat' dir='ltr'><strong>quia,</strong></span> <span class='ocrx_word' id='word_1_876' title='bbox 3385 5003 3498 5074; x_wconf 78' lang='lat' dir='ltr'><strong>Ego</strong></span> <span class='ocrx_word' id='word_1_877' title='bbox 3525 5006 3654 5072; x_wconf 69' lang='lat' dir='ltr'><strong>dixi,</strong></span> <span class='ocrx_word' id='word_1_878' title='bbox 3685 5006 3773 5060; x_wconf 77' lang='lat' dir='ltr'><strong>Dii</strong></span> 
     </span>
    </p>
   </div>
   <div class='ocr_carea' id='block_1_111' title="bbox 2185 5097 3767 5169">
    <p class='ocr_par' dir='ltr' id='par_1_111' title="bbox 2185 5097 3767 5169">
     <span class='ocr_line' id='line_1_111' title="bbox 2185 5097 3767 5169; baseline 0.001 -18"><span class='ocrx_word' id='word_1_879' title='bbox 2185 5099 2303 5152; x_wconf 86' lang='lat' dir='ltr'><strong>estis</strong></span> <span class='ocrx_word' id='word_1_880' title='bbox 2323 5099 2349 5153; x_wconf 70' lang='lat'><strong>.9</strong></span> <span class='ocrx_word' id='word_1_881' title='bbox 2378 5098 2439 5152; x_wconf 86' lang='lat' dir='ltr'><strong>Si</strong></span> <span class='ocrx_word' id='word_1_882' title='bbox 2463 5099 2585 5151; x_wconf 72' lang='lat' dir='ltr'><strong>illos</strong></span> <span class='ocrx_word' id='word_1_883' title='bbox 2605 5098 2732 5151; x_wconf 70' lang='lat' dir='ltr'><strong>dixit</strong></span> <span class='ocrx_word' id='word_1_884' title='bbox 2763 5101 2899 5155; x_wconf 82' lang='lat' dir='ltr'><strong>deos,</strong></span> <span class='ocrx_word' id='word_1_885' title='bbox 2932 5097 3000 5149; x_wconf 80' lang='lat' dir='ltr'><strong>ad</strong></span> <span class='ocrx_word' id='word_1_886' title='bbox 3028 5114 3152 5166; x_wconf 75' lang='lat' dir='ltr'><strong>quos</strong></span> <span class='ocrx_word' id='word_1_887' title='bbox 3176 5114 3338 5151; x_wconf 84' lang='lat' dir='ltr'><strong>sermo</strong></span> <span class='ocrx_word' id='word_1_888' title='bbox 3364 5098 3457 5151; x_wconf 78' lang='lat' dir='ltr'><strong>Dei</strong></span> <span class='ocrx_word' id='word_1_889' title='bbox 3483 5103 3648 5169; x_wconf 81' lang='lat' dir='ltr'><strong>factus</strong></span> <span class='ocrx_word' id='word_1_890' title='bbox 3672 5108 3767 5163; x_wconf 82' lang='lat' dir='ltr'><strong>est,</strong></span> 
     </span>
    </p>
   </div>
   <div class='ocr_carea' id='block_1_112' title="bbox 2184 5187 3769 5259">
    <p class='ocr_par' dir='ltr' id='par_1_112' title="bbox 2184 5187 3769 5259">
     <span class='ocr_line' id='line_1_112' title="bbox 2184 5187 3769 5259; baseline 0.001 -16"><span class='ocrx_word' id='word_1_891' title='bbox 2184 5199 2230 5243; x_wconf 88' lang='lat' dir='ltr'><strong>et</strong></span> <span class='ocrx_word' id='word_1_892' title='bbox 2258 5205 2359 5243; x_wconf 76' lang='lat' dir='ltr'><strong>non</strong></span> <span class='ocrx_word' id='word_1_893' title='bbox 2387 5198 2546 5259; x_wconf 83' lang='lat' dir='ltr'><strong>potest</strong></span> <span class='ocrx_word' id='word_1_894' title='bbox 2574 5189 2698 5241; x_wconf 77' lang='lat' dir='ltr'><strong>solui</strong></span> <span class='ocrx_word' id='word_1_895' title='bbox 2729 5189 3026 5258; x_wconf 77' lang='lat' dir='ltr'><strong>Scriptura;</strong></span> <span class='ocrx_word' id='word_1_896' title='bbox 3058 5205 3204 5256; x_wconf 81' lang='lat' dir='ltr'><strong>quem</strong></span> <span class='ocrx_word' id='word_1_897' title='bbox 3232 5187 3387 5243; x_wconf 81' lang='lat' dir='ltr'><strong>Pater</strong></span> <span class='ocrx_word' id='word_1_898' title='bbox 3412 5191 3769 5259; x_wconf 75' lang='lat' dir='ltr'><strong>sanctiﬁatvit,</strong></span> 
     </span>
    </p>
   </div>
   <div class='ocr_carea' id='block_1_113' title="bbox 2184 5279 3773 5351">
    <p class='ocr_par' dir='ltr' id='par_1_113' title="bbox 2184 5279 3773 5351">
     <span class='ocr_line' id='line_1_113' title="bbox 2184 5279 3773 5351; baseline 0.001 -18"><span class='ocrx_word' id='word_1_899' title='bbox 2184 5291 2231 5333; x_wconf 83' lang='lat' dir='ltr'><strong>et</strong></span> <span class='ocrx_word' id='word_1_900' title='bbox 2261 5280 2394 5333; x_wconf 80' lang='lat' dir='ltr'><strong>misit</strong></span> <span class='ocrx_word' id='word_1_901' title='bbox 2423 5281 2474 5333; x_wconf 90' lang='lat' dir='ltr'><strong>in</strong></span> <span class='ocrx_word' id='word_1_902' title='bbox 2500 5279 2767 5344; x_wconf 80' lang='lat' dir='ltr'><strong>mundum,</strong></span> <span class='ocrx_word' id='word_1_903' title='bbox 2799 5295 2885 5332; x_wconf 79' lang='lat' dir='ltr'><strong>vos</strong></span> <span class='ocrx_word' id='word_1_904' title='bbox 2910 5279 3074 5333; x_wconf 70' lang='lat' dir='ltr'><strong>dicitis</strong></span> <span class='ocrx_word' id='word_1_905' title='bbox 3102 5280 3243 5348; x_wconf 82' lang='lat' dir='ltr'><strong>quia,</strong></span> <span class='ocrx_word' id='word_1_906' title='bbox 3272 5279 3621 5351; x_wconf 73' lang='lat' dir='ltr'><strong>Blasphcmas,</strong></span> <span class='ocrx_word' id='word_1_907' title='bbox 3650 5283 3773 5350; x_wconf 77' lang='lat' dir='ltr'><strong>quia</strong></span> 
     </span>
    </p>
   </div>
   <div class='ocr_carea' id='block_1_114' title="bbox 2184 5368 3770 5443">
    <p class='ocr_par' dir='ltr' id='par_1_114' title="bbox 2184 5368 3770 5443">
     <span class='ocr_line' id='line_1_114' title="bbox 2184 5368 3770 5443; baseline 0.002 -20"><span class='ocrx_word' id='word_1_908' title='bbox 2184 5371 2311 5435; x_wconf 69' lang='lat' dir='ltr'><strong>dixi,</strong></span> <span class='ocrx_word' id='word_1_909' title='bbox 2341 5369 2507 5424; x_wconf 72' lang='lat' dir='ltr'><strong>Filius</strong></span> <span class='ocrx_word' id='word_1_910' title='bbox 2534 5369 2630 5425; x_wconf 89' lang='lat' dir='ltr'><strong>Dei</strong></span> <span class='ocrx_word' id='word_1_911' title='bbox 2657 5385 2770 5424; x_wconf 84' lang='lat' dir='ltr'><strong>sum</strong></span> <span class='ocrx_word' id='word_1_912' title='bbox 2794 5368 2976 5437; x_wconf 82' lang='lat' dir='ltr'><strong>(Joan.</strong></span> <span class='ocrx_word' id='word_1_913' title='bbox 3000 5386 3054 5435; x_wconf 73' lang='grc' dir='ltr'><strong>κ,</strong></span> <span class='ocrx_word' id='word_1_914' title='bbox 3080 5369 3276 5442; x_wconf 67' lang='grc'><strong>34-56)</strong></span> <span class='ocrx_word' id='word_1_915' title='bbox 3296 5371 3325 5424; x_wconf 74' lang='grc' dir='ltr'>τ</span> <span class='ocrx_word' id='word_1_916' title='bbox 3348 5372 3461 5433; x_wconf 75' lang='lat' dir='ltr'><strong>Non</strong></span> <span class='ocrx_word' id='word_1_917' title='bbox 3489 5388 3618 5441; x_wconf 86' lang='lat' dir='ltr'><strong>ergo</strong></span> <span class='ocrx_word' id='word_1_918' title='bbox 3644 5373 3770 5443; x_wconf 83' lang='lat' dir='ltr'><strong>quia</strong></span> 
     </span>
    </p>
   </div>
   <div class='ocr_carea' id='block_1_115' title="bbox 2182 5462 3775 5531">
    <p class='ocr_par' dir='ltr' id='par_1_115' title="bbox 2182 5462 3775 5531">
     <span class='ocr_line' id='line_1_115' title="bbox 2182 5462 3775 5531; baseline 0.002 -13"><span class='ocrx_word' id='word_1_919' title='bbox 2182 5462 2307 5518; x_wconf 85' lang='lat' dir='ltr'><strong>boni</strong></span> <span class='ocrx_word' id='word_1_920' title='bbox 2338 5472 2461 5516; x_wconf 85' lang='lat' dir='ltr'><strong>sunt</strong></span> <span class='ocrx_word' id='word_1_921' title='bbox 2489 5475 2709 5525; x_wconf 89' lang='lat' dir='ltr'><strong>omnes,</strong></span> <span class='ocrx_word' id='word_1_922' title='bbox 2744 5462 2837 5516; x_wconf 83' lang='lat' dir='ltr'><strong>sed</strong></span> <span class='ocrx_word' id='word_1_923' title='bbox 2864 5463 2986 5531; x_wconf 84' lang='lat' dir='ltr'><strong>quia</strong></span> <span class='ocrx_word' id='word_1_924' title='bbox 3016 5477 3195 5517; x_wconf 80' lang='lat' dir='ltr'><strong>sermo</strong></span> <span class='ocrx_word' id='word_1_925' title='bbox 3224 5463 3320 5518; x_wconf 89' lang='lat' dir='ltr'><strong>Dei</strong></span> <span class='ocrx_word' id='word_1_926' title='bbox 3358 5463 3424 5519; x_wconf 85' lang='lat' dir='ltr'><strong>ad</strong></span> <span class='ocrx_word' id='word_1_927' title='bbox 3454 5465 3571 5520; x_wconf 80' lang='lat' dir='ltr'><strong>illos</strong></span> <span class='ocrx_word' id='word_1_928' title='bbox 3598 5464 3775 5521; x_wconf 77' lang='lat' dir='ltr'><strong>factus</strong></span> 
     </span>
    </p>
   </div>
   <div class='ocr_carea' id='block_1_116' title="bbox 2183 5552 3773 5625">
    <p class='ocr_par' dir='ltr' id='par_1_116' title="bbox 2183 5552 3773 5625">
     <span class='ocr_line' id='line_1_116' title="bbox 2183 5552 3773 5625; baseline 0.004 -18"><span class='ocrx_word' id='word_1_929' title='bbox 2183 5562 2299 5618; x_wconf 82' lang='lat' dir='ltr'><strong>est,</strong></span> <span class='ocrx_word' id='word_1_930' title='bbox 2330 5552 2577 5621; x_wconf 84' lang='lat' dir='ltr'><strong>appellati</strong></span> <span class='ocrx_word' id='word_1_931' title='bbox 2616 5561 2743 5606; x_wconf 81' lang='lat' dir='ltr'><strong>sunt</strong></span> <span class='ocrx_word' id='word_1_932' title='bbox 2778 5553 2872 5607; x_wconf 88' lang='lat' dir='ltr'><strong>dii.</strong></span> <span class='ocrx_word' id='word_1_933' title='bbox 2920 5552 3050 5607; x_wconf 80' lang='lat' dir='ltr'><strong>Nam</strong></span> <span class='ocrx_word' id='word_1_934' title='bbox 3093 5554 3136 5607; x_wconf 88' lang='lat' dir='ltr'><strong>si</strong></span> <span class='ocrx_word' id='word_1_935' title='bbox 3169 5564 3446 5623; x_wconf 78' lang='lat' dir='ltr'><strong>propterea</strong></span> <span class='ocrx_word' id='word_1_936' title='bbox 3489 5556 3612 5625; x_wconf 85' lang='lat' dir='ltr'><strong>quia</strong></span> <span class='ocrx_word' id='word_1_937' title='bbox 3642 5556 3773 5613; x_wconf 86' lang='lat' dir='ltr'><strong>boni</strong></span> 
     </span>
    </p>
   </div>
   <div class='ocr_carea' id='block_1_117' title="bbox 2183 5646 3772 5716">
    <p class='ocr_par' dir='ltr' id='par_1_117' title="bbox 2183 5646 3772 5716">
     <span class='ocr_line' id='line_1_117' title="bbox 2183 5646 3772 5716; baseline 0.003 -15"><span class='ocrx_word' id='word_1_938' title='bbox 2183 5651 2367 5701; x_wconf 80' lang='lat' dir='ltr'><strong>essent</strong></span> <span class='ocrx_word' id='word_1_939' title='bbox 2402 5659 2617 5710; x_wconf 84' lang='lat' dir='ltr'><strong>omnes,</strong></span> <span class='ocrx_word' id='word_1_940' title='bbox 2665 5660 2771 5701; x_wconf 92' lang='lat' dir='ltr'><strong>non</strong></span> <span class='ocrx_word' id='word_1_941' title='bbox 2814 5647 2893 5701; x_wconf 89' lang='lat' dir='ltr'><strong>sic</strong></span> <span class='ocrx_word' id='word_1_942' title='bbox 2936 5660 3032 5701; x_wconf 85' lang='lat' dir='ltr'><strong>eos</strong></span> <span class='ocrx_word' id='word_1_943' title='bbox 3073 5646 3406 5716; x_wconf 82' lang='lat' dir='ltr'><strong>diiudicaret.</strong></span> <span class='ocrx_word' id='word_1_944' title='bbox 3450 5650 3585 5705; x_wconf 88' lang='lat' dir='ltr'><strong>Cum</strong></span> <span class='ocrx_word' id='word_1_945' title='bbox 3623 5651 3772 5705; x_wconf 86' lang='lat' dir='ltr'><strong>enim</strong></span> 
     </span>
    </p>
   </div>
   <div class='ocr_carea' id='block_1_118' title="bbox 2182 5735 3772 5811">
    <p class='ocr_par' dir='ltr' id='par_1_118' title="bbox 2182 5735 3772 5811">
     <span class='ocr_line' id='line_1_118' title="bbox 2182 5735 3772 5811; baseline 0.005 -19"><span class='ocrx_word' id='word_1_946' title='bbox 2182 5735 2443 5800; x_wconf 83' lang='lat' dir='ltr'><strong>dixisset,</strong></span> <span class='ocrx_word' id='word_1_947' title='bbox 2473 5735 2614 5792; x_wconf 87' lang='lat' dir='ltr'><strong>Deus</strong></span> <span class='ocrx_word' id='word_1_948' title='bbox 2643 5738 2776 5793; x_wconf 87' lang='lat' dir='ltr'><strong>stetit</strong></span> <span class='ocrx_word' id='word_1_949' title='bbox 2811 5739 2863 5792; x_wconf 88' lang='lat' dir='ltr'><strong>in</strong></span> <span class='ocrx_word' id='word_1_950' title='bbox 2890 5755 3151 5811; x_wconf 81' lang='lat' dir='ltr'><strong>synagoga</strong></span> <span class='ocrx_word' id='word_1_951' title='bbox 3178 5740 3385 5797; x_wconf 86' lang='lat' dir='ltr'><strong>deorum</strong></span> <span class='ocrx_word' id='word_1_952' title='bbox 3402 5761 3423 5810; x_wconf 84' lang='lat'><strong><em>;</em></strong></span> <span class='ocrx_word' id='word_1_953' title='bbox 3454 5758 3556 5800; x_wconf 92' lang='lat' dir='ltr'><strong>non</strong></span> <span class='ocrx_word' id='word_1_954' title='bbox 3589 5744 3683 5809; x_wconf 89' lang='lat' dir='ltr'><strong>ait,</strong></span> <span class='ocrx_word' id='word_1_955' title='bbox 3712 5744 3772 5800; x_wconf 87' lang='lat' dir='ltr'><strong>In</strong></span> 
     </span>
    </p>
   </div>
   <div class='ocr_carea' id='block_1_119' title="bbox 2196 5828 3789 5906">
    <p class='ocr_par' dir='ltr' id='par_1_119' title="bbox 2196 5828 3789 5906">
     <span class='ocr_line' id='line_1_119' title="bbox 2196 5828 3789 5906; baseline 0.006 -21"><span class='ocrx_word' id='word_1_956' title='bbox 2196 5828 2375 5887; x_wconf 87' lang='lat' dir='ltr'><strong>medio</strong></span> <span class='ocrx_word' id='word_1_957' title='bbox 2398 5828 2533 5887; x_wconf 85' lang='lat' dir='ltr'><strong>deos</strong></span> <span class='ocrx_word' id='word_1_958' title='bbox 2557 5839 2615 5888; x_wconf 78' lang='lat' dir='ltr'><strong>et</strong></span> <span class='ocrx_word' id='word_1_959' title='bbox 2635 5829 2881 5889; x_wconf 84' lang='lat' dir='ltr'><strong>homines</strong></span> <span class='ocrx_word' id='word_1_960' title='bbox 2906 5831 3182 5901; x_wconf 79' lang='lat' dir='ltr'><strong>discernit,</strong></span> <span class='ocrx_word' id='word_1_961' title='bbox 3214 5845 3460 5906; x_wconf 85' lang='lat' dir='ltr'><strong>tanquam</strong></span> <span class='ocrx_word' id='word_1_962' title='bbox 3485 5838 3789 5899; x_wconf 58' lang='lat' dir='ltr'><strong>«tandem</strong></span> 
     </span>
    </p>
   </div>
  </div>
