4078 6468
263 377 395 436 178⁸1

273 500 392 570 quid
436 499 644 554 intersit
684 500 822 555 inter
852 500 982 555 deos
1014 511 1064 554 ct
1095 499 1335 554 homines
1365 516 1376 551 :
1407 499 1500 552 sed
1536 541 1548 564 ,
1584 497 1650 552 lu
1678 495 1844 550 medio

264 593 446 664 inquit,
473 593 593 647 deos
617 593 872 647 discernit.
900 593 1098 648 Deinde
1125 593 1382 662 sequitur,
1413 590 1680 662 Usquequo
1698 591 1846 662 judi-

262 689 381 742 catis
411 687 724 753 iniquitatem
751 685 924 757 (Psal.
958 702 1141 752 mm,
1169 687 1219 749 l,
1246 684 1299 748 ‘2,
1326 687 1380 748 6,
1406 683 1502 753 7)?
1530 692 1584 737 et
1609 692 1802 738 eartera
1826 701 1840 737 :

264 794 375 850 qua:
404 780 583 849 utique
627 795 732 833 non
765 779 1010 833 omnibus
1039 779 1132 834 sed
1172 778 1487 849 quibusdam
1519 778 1685 843 dicit,
1717 777 1840 846 quia

263 873 569 928 discernens
603 872 730 928 dicit
757 889 772 939 ;
806 883 858 928 et
890 882 1064 928 tamen
1095 875 1146 926 in
1173 873 1336 925 medio
1366 871 1486 925 deos
1513 870 1766 923 discernit.

331 967 382 1021 5.
419 965 525 1022 Sed
564 968 840 1037 quaeritur,
885 968 929 1021 si
971 968 1211 1021 homines
1251 967 1313 1019 ad
1355 981 1488 1036 quos
1529 980 1708 1019 sermo
1749 964 1838 1017 Dei

260 1056 431 1113 fictus
457 1068 555 1119 est,
583 1059 653 1112 dii
681 1068 956 1123 vocantur,
987 1069 1160 1112 utrum
1190 1069 1238 1112 ct
1264 1059 1444 1127 Angcli
1472 1056 1691 1110 vocandi
1720 1064 1842 1109 situt

261 1152 328 1203 dii
353 1168 366 1215 ;
412 1167 530 1205 cum
567 1151 867 1207 hominibus
893 1152 1053 1221 justis
1081 1161 1131 1206 et
1159 1152 1357 1205 sanctis
1385 1152 1672 1204 maximum
1703 1166 1838 1216 pra:-

260 1241 422 1296 mium
453 1243 795 1312 promittatur
825 1244 1098 1312 asqualitas
1130 1244 1470 1308 Angelorutn.
1522 1243 1583 1296 Et
1614 1243 1664 1296 in
1697 1241 1841 1296 Scri-

259 1334 432 1404 pturis
457 1333 668 1403 quidem
702 1333 882 1388 nescio
908 1342 1082 1388 utrttm
1105 1332 1189 1388 vel
1212 1333 1402 1405 possit,
1431 1334 1510 1386 vel
1541 1332 1692 1386 facile
1720 1349 1841 1404 pos-

257 1424 324 1476 sit
354 1425 599 1493 reperiri,
632 1433 814 1494 aperte
842 1425 1010 1479 dictos
1033 1425 1262 1492 Angelos
1291 1424 1456 1488 deos;
1497 1424 1592 1478 sed
1623 1439 1742 1478 cum
1776 1423 1842 1478 de

206 1525 216 1588 ξ
262 1515 489 1570 Domino
515 1517 621 1570 Deo
643 1516 838 1570 dictum
866 1525 1027 1579 esset,
1055 1515 1312 1570 Terribilis
1335 1533 1486 1585 super
1507 1532 1680 1568 omnes
1701 1516 1838 1582 deos,

208 1621 219 1629 ν
257 1621 354 1660 cur
385 1607 483 1660 hoc
509 1607 727 1670 dixerit,
757 1609 1010 1661 continuo
1035 1607 1179 1661 velut
1205 1606 1518 1676 eXponcndo
1543 1609 1836 1675 conjunxit,

260 1698 513 1762 Quoniam
536 1700 608 1753 dii
630 1698 862 1753 Gentium
885 1701 1134 1753 dwmonia
1161 1699 1328 1771 (Psal.
1352 1715 1475 1765 xcv,
1491 1701 1544 1766 4,
1565 1700 1640 1769 5).
1670 1698 1843 1766 Stiper

201 1777 221 1802 ⁸
259 1791 392 1845 tales
420 1791 550 1846 deos
579 1791 711 1846 dixit
739 1791 1018 1845 Dominum
1053 1791 1342 1846 terribilem
1377 1792 1426 1844 in
1468 1791 1668 1845 sanctis
1706 1791 1837 1856 suis,

253 1899 391 1953 quos
422 1884 586 1939 caelos
615 1882 738 1938 fecit
757 1925 772 1949 ,
801 1899 831 1938 a
857 1886 1048 1954 quibus
1078 1884 1335 1939 daemonia
1370 1895 1716 1940 terrerentur.
1752 1884 1841 1948 Sic

252 1977 401 2031 enim
428 1977 699 2050 sequitur,
731 1977 981 2032 Dominus
1011 1988 1172 2032 autem
1200 1981 1350 2033 cwlos
1377 1980 1513 2051 fecit.
1545 1977 1660 2032 Non
1691 1994 1838 2047 ergo,

251 2067 336 2122 Dii
380 2069 496 2124 sine
539 2069 938 2137 additamento;
988 2070 1112 2134 sed,
1146 2072 1220 2124 Dii
1253 2070 1500 2127 Gentium
1530 2071 1789 2126 daemonia
1824 2091 1837 2125 :

249 2163 503 2230 superius
533 2171 729 2228 tamen,
763 2163 1018 2217 Terribilis
1038 2207 1051 2230 ,
1082 2163 1284 2234 inquit,
1312 2181 1462 2234 super
1489 2181 1659 2218 omnes
1688 2165 1840 2230 deos;

254 2269 367 2307 non
400 2253 508 2320 ait,
542 2269 702 2322 super
730 2270 916 2309 omnes
944 2255 1073 2309 deos
1104 2256 1350 2310 Gentium
1372 2298 1385 2318 ,
1413 2257 1652 2326 quamvis
1683 2256 1836 2309 intel-

249 2347 343 2416 ligi
389 2346 490 2405 hoc
529 2348 788 2414 voluerit,
821 2349 1065 2403 addendo
1106 2349 1246 2420 quod
1279 2351 1552 2421 sequitur,
1589 2350 1840 2416 Quoniam

248 2438 320 2491 dii
354 2437 588 2492 Gentium
609 2439 881 2493 da’monia.
912 2440 1062 2507 Quod
1089 2441 1303 2511 quidem
1332 2442 1382 2495 in
1407 2441 1624 2497 bebrreo
1649 2441 1844 2496 dicitur

249 2546 356 2583 non
389 2531 458 2584 ita
492 2545 612 2585 esse
643 2532 936 2600 scriptum;
982 2530 1074 2587 sed
1098 2576 1111 2598 ,
1146 2532 1233 2587 Dii
1270 2531 1502 2587 Gentium
1544 2535 1836 2588 simulacra.

247 2623 404 2692 Quod
430 2625 475 2680 si
493 2640 675 2680 verum
703 2633 804 2694 est,
827 2625 996 2682 multo
1016 2627 1187 2698 magis
1205 2626 1456 2684 credendi
1484 2636 1607 2683 sunt
1623 2626 1842 2698 Septua-

247 2731 390 2786 gaita
425 2721 602 2770 tlivinu
635 2721 830 2787 Spiritu
877 2721 1227 2790 interpretati,
1261 2738 1364 2790 quo
1407 2722 1607 2790 Spiritu
1651 2729 1702 2775 et
1749 2721 1833 2774 illa

246 2809 386 2863 dicta
422 2821 546 2864 sunt
574 2827 690 2879 quae
725 2811 772 2863 in
809 2813 1032 2864 hebraeis
1066 2812 1256 2866 litteris
1287 2823 1425 2866 sunt.
1462 2814 1659 2867 Eodem
1689 2830 1840 2867 natu-

245 2917 348 2971 que
389 2911 647 2973 operaute
684 2902 918 2973 Spiritu,
947 2905 1104 2957 etiam
1138 2903 1239 2959 boc
1279 2905 1380 2959 dici
1429 2906 1664 2973 Oportuit
1694 2906 1836 2975 quod

244 2995 450 3050 dictum
477 3005 556 3052 est
577 3038 591 3061 ,
618 2993 708 3050 Dii
746 2995 976 3050 Gentium
1006 2997 1256 3050 dmmonia
1283 3013 1300 3051 :
1333 3007 1386 3050 ut
1420 2998 1837 3068 iutelligeremus

247 3089 321 3144 sic
348 3089 514 3143 etiam
541 3087 590 3143 in
623 3088 836 3144 bebrmo
867 3088 1118 3158 positum,
1147 3087 1232 3141 Dii
1263 3087 1498 3142 Gentium
1525 3088 1834 3153 simulacra;

245 3193 302 3239 ut
330 3185 597 3239 dartnonia
630 3184 804 3253 potius
830 3200 948 3252 qua:
981 3191 1103 3236 sunt
1133 3183 1182 3236 in
1215 3183 1538 3246 simulacris,
1569 3181 1837 3251 signitiCa-

246 3287 458 3332 rentur.
506 3276 634 3331 Nam
681 3275 821 3344 quod
867 3275 1056 3328 attinet
1097 3274 1162 3327 ad
1209 3274 1318 3343 ipsa
1368 3273 1684 3339 simulacra,
1717 3288 1837 3342 quae

243 3385 418 3438 grmce
451 3369 783 3438 appellantur
811 3366 971 3430 idola,
1005 3381 1109 3436 quo
1140 3365 1353 3419 nomine
1376 3365 1484 3434 jam
1517 3365 1714 3418 utimur
1741 3380 1836 3432 pro

242 3464 409 3518 latino
429 3505 443 3528 ,
479 3463 660 3515 oculos
691 3461 887 3516 habent
927 3469 979 3514 et
1009 3473 1115 3513 non
1141 3458 1352 3521 vident;
1401 3466 1454 3512 et
1495 3465 1687 3511 caetera
1717 3472 1835 3526 qtttc

242 3556 307 3610 de
336 3557 424 3611 his
465 3555 584 3609 ideo
610 3555 891 3619 dicuntur,
925 3551 1045 3621 quia
1075 3551 1218 3604 omni
1249 3565 1410 3604 sensu
1441 3559 1623 3603 carent
1655 3567 1668 3604 :
1699 3563 1832 3619 quo-

241 3648 382 3703 circa
417 3663 520 3703 nec
550 3645 738 3700 terreri
780 3652 1029 3722 possunt,
1059 3645 1180 3714 quia
1212 3643 1314 3697 nisi
1339 3658 1400 3697 ea
1428 3659 1545 3713 qtae
1577 3643 1832 3707 sentiunt,

243 3742 434 3797 terreri
488 3741 670 3811 utique
712 3754 817 3794 non
854 3746 1098 3808 possunt.
1142 3736 1419 3805 Quomodo
1460 3750 1587 3804 ergo
1633 3736 1831 3789 dictum

242 3843 323 3888 est
353 3833 422 3888 de
457 3833 682 3886 Domino
702 3873 715 3896 ,
742 3828 1007 3885 Terribilis
1032 3837 1104 3883 est
1141 3845 1292 3897 super
1319 3843 1489 3880 omnes
1524 3827 1645 3880 deos
1665 3869 1678 3891 ,
1706 3842 1836 3896 quo-

239 3927 375 3982 niam
407 3925 488 3980 dii
515 3923 746 3980 Gentium
773 3922 1073 3986 simulacra,
1105 3919 1208 3974 nisi
1235 3933 1331 3988 per
1356 3919 1639 3972 simulacra
1667 3917 1832 3972 intel-

241 4018 478 4089 ligantur
507 4016 789 4079 dsemonia,
823 4029 941 4086 qua:
971 4013 1158 4068 terreri
1189 4011 1454 4083 possunt?
1497 4009 1652 4066 Unde
1678 4009 1749 4063 ait
1781 4018 1833 4062 et

239 4110 570 4180 Apostolus,
601 4108 802 4164 Scimus
839 4108 957 4180 quia
997 4105 1126 4159 nihil
1154 4115 1222 4159 est
1252 4105 1440 4157 idolum
1482 4120 1500 4156 :
1546 4103 1644 4156 hoc
1688 4102 1828 4155 enim
1907 4123 1910 4144 ε

241 4202 426 4257 retulit
459 4200 523 4254 ad
565 4200 839 4254 materiam
873 4209 1137 4253 terrenam
1183 4210 1344 4251 sensu
1372 4205 1662 4249 carentem.
1700 4192 1829 4247 ltem

240 4308 304 4347 ne
359 4292 648 4362 quisquam
698 4298 908 4360 putaret
955 4285 1058 4342 non
1110 4301 1229 4342 esse
1285 4287 1514 4355 aliquant
1565 4285 1831 4338 viventem

238 4386 670 4458 sentientemque
712 4392 975 4446 naturam,
1006 4397 1123 4452 qua:
1149 4380 1396 4435 Gentium
1438 4378 1714 4432 sacriﬁciis
1740 4377 1836 4430 de-

238 4458 494 4540 lec1etttr,
527 4476 769 4547 adjunxit
800 4494 812 4529 :
846 4476 950 4529 Sed
979 4490 1090 4544 qua:
1118 4473 1380 4527 immolant
1407 4469 1611 4536 Gentes,
1645 4469 1837 4523 daemo-

239 4569 336 4621 niis
366 4567 658 4632 immolant,
691 4574 737 4620 et
765 4582 867 4619 non
899 4564 1024 4618 Deo.
1056 4565 1192 4618 Nolo
1213 4579 1300 4617 vos
1320 4564 1479 4617 socios
1502 4562 1612 4629 ﬁeri
1640 4561 1832 4614 demto.

237 4663 444 4718 uiarum
487 4659 682 4731 (lCor.
706 4675 769 4726 ι,
793 4659 920 4730 20).
962 4657 1015 4713 Si
1047 4673 1172 4726 ergo
1220 4671 1476 4726 nusquam
1525 4657 1573 4708 in
1606 4654 1836 4723 eloquiis

238 4753 439 4808 divinis
474 4753 738 4821 reperitur
763 4757 978 4805 sanctos
1001 4748 1233 4818 Angelos
1262 4748 1558 4816 appellatos
1588 4746 1740 4811 deos,
1769 4760 1830 4800 ea

241 4844 368 4898 mihi
399 4859 561 4901 causa
590 4843 925 4914 potissimum
961 4841 1224 4904 occurrit,
1252 4855 1317 4893 ne
1348 4839 1449 4893 isto
1491 4839 1706 4892 nomine
1730 4836 1832 4890 ho-

237 4939 414 4993 mines
446 4937 513 4991 ad
545 4936 646 4991 hoc
682 4935 1106 4998 :ediﬁcarentur,
1140 4942 1197 4985 ut
1222 4932 1576 4985 ministerium
1608 4931 1688 4986 vel
1720 4944 1835 4984 ser-

238 5030 426 5083 vitium
458 5027 728 5098 religionis
749 5070 763 5093 ,
791 5041 907 5097 quae
935 5038 1110 5094 graece
1139 5023 1345 5093 liturgia
1365 5063 1381 5088 ,
1411 5022 1491 5075 vel
1524 5021 1672 5076 latria
1700 5022 1834 5076 dici-

239 5129 345 5187 tur,
382 5119 588 5174 sanctis
616 5117 830 5187 Angelis
858 5113 1216 5178 cxhiberent;
1257 5111 1398 5182 quod
1431 5125 1528 5166 nec
1557 5112 1655 5181 ipsi
1682 5111 1833 5166 exhi-

238 5213 350 5267 beri
385 5199 455 5266 ab
483 5211 788 5265 hominibus
814 5210 1018 5270 volunt,
1046 5209 1143 5262 nisi
1171 5207 1241 5261 illi
1269 5208 1375 5261 Deo
1396 5206 1483 5276 qui
1510 5213 1566 5258 et
1594 5205 1829 5274 ipsorum

235 5316 288 5362 et
342 5308 625 5361 hominum
675 5306 812 5360 Deus
859 5315 956 5357 est.
1010 5301 1162 5359 Unde
1206 5302 1372 5355 multo
1421 5300 1602 5354 utilius
1645 5300 1828 5369 Angeli

235 5408 546 5464 vocantur,
595 5399 685 5470 qui
734 5398 894 5452 latine
941 5395 1107 5450 nuntii
1158 5402 1574 5463 nuncupantur;
1633 5403 1691 5448 ut
1734 5409 1830 5464 per

234 5508 441 5548 nomen
478 5507 582 5546 non
610 5491 937 5552 substantiae,
973 5488 1064 5543 sed
1097 5485 1278 5552 ofﬁcii,
1313 5487 1442 5542 satis
1474 5487 1828 5556 intelligamus

234 5586 390 5640 illmn
428 5586 601 5639 Deum
629 5599 657 5638 a
689 5583 842 5638 nobis
885 5597 978 5635 eos
1018 5580 1120 5633 coli
1162 5579 1331 5640 velle,
1361 5593 1517 5647 quem
1561 5579 1824 5632 nuntiant.

232 5676 432 5733 Totam
487 5691 614 5746 ergo
659 5677 812 5730 istam
862 5674 1210 5743 qua-stionem
1260 5671 1492 5723 breviter
1539 5671 1828 5739 Apostolus

206 5775 215 5844 ξ
231 5771 420 5835 solvit,
457 5768 543 5822 ubi
570 5769 644 5822 ait
677 5785 690 5820 :
723 5765 861 5820 Nam
887 5764 978 5818 etsi
1006 5772 1122 5817 sunt
1150 5762 1236 5832 qui
1265 5761 1500 5814 dicantur
1525 5762 1618 5829 dii,
1650 5765 1751 5817 sive
1776 5765 1828 5818 in

226 5875 356 5928 aeto
377 5909 395 5938 ,
430 5865 538 5920 sive
577 5865 632 5919 in
670 5873 841 5928 terra;
883 5859 1308 5934 quemadmodum
1331 5867 1448 5914 sunt
1485 5858 1566 5913 dii“
1599 5861 1747 5916 multi
1774 5872 1821 5916 et

1332 375 1734 438 ENARRATIO
1767 375 1836 432 IN
1873 374 2196 436 ηιιηωι
2231 381 2493 440 CXXXV.

3393 399 3534 462 ηδε

1949 495 2140 550 domini
2184 500 2369 565 multi;
2417 503 2504 555 sed
2544 503 2684 558 nobis
2728 521 2858 562 unus
2887 507 3058 576 Deus,
3102 482 3293 579 Pater,
3336 531 3399 568 ea:
3434 532 3532 581 quo

1947 589 2136 653 omnia,
2165 598 2210 642 et
2236 607 2326 644 nos
2354 593 2404 645 in
2434 593 2568 662 ipso,
2597 607 2644 649 et
2675 614 2804 651 unus
2831 597 3078 655 Dominus
3101 601 3252 657 Jesus
3274 604 3524 673 Christus,

1947 696 2040 750 per
2064 697 2211 751 quem
2238 686 2429 751 omnia,
2457 696 2506 740 et
2526 704 2618 742 nos
2646 706 2735 760 per
2761 692 2930 760 ipsum
2957 694 2999 765 (Ι
3021 693 3138 749 Cor.
3172 712 3281 762 vnt,
3313 698 3454 769 4-6).

2017 775 2071 830 4.
2114 774 2264 850 [vers
2291 779 2372 854 4.]
2401 780 2765 839 Conﬁteamur
2789 801 2916 858 ergo
2943 788 3054 842 Deo
3082 791 3287 844 deorum
3305 834 3318 859 ,
3351 803 3396 846 et
3426 793 3504 848 Do

1946 869 2083 922 mino
2111 870 2428 927 dominorum
2447 889 2468 938 ;
2515 877 2750 944 quoniam
2793 879 2845 932 in
2891 889 3132 935 (uernum
3181 884 3520 939 misericordia

1946 962 2073 1032 ejus.
2105 962 2204 1028 Qui
2225 965 2342 1033 fecit
2362 967 2614 1022 mirabilia
2635 987 2820 1041 magna
2841 971 2997 1028 solus.
3031 975 3178 1030 Sicut
3207 978 3257 1031 in
3287 981 3524 1034 omnium

1947 1066 2196 1108 versuum
2240 1057 2545 1115 novissimis
2581 1063 2821 1131 partibus
2864 1066 3092 1134 positum
3123 1079 3237 1133 est,
3275 1071 3527 1138 Quoniam

1946 1147 1998 1198 in
2023 1154 2267 1200 teternum
2293 1149 2634 1207 misericordia
2657 1156 2804 1224 ejus;
2834 1157 2984 1212 sicin
3009 1162 3244 1214 omnium
3267 1165 3528 1232 capitibus

1947 1239 2186 1305 quamvis
2220 1256 2324 1294 non
2363 1243 2431 1296 sit
2469 1246 2737 1312 positum,
2767 1249 3190 1307 subaudiendum
3220 1265 3322 1322 est,
3351 1256 3526 1326 Conﬁ-

1949 1331 2137 1385 temini.
2170 1332 2320 1400 Quod
2358 1336 2410 1389 in
2440 1351 2615 1406 επιξοο
2639 1342 2937 1398 evidentius
2965 1358 3202 1416 apparet.
3233 1350 3530 1419 Appareret

1947 1434 2127 1480 autem
2161 1437 2211 1480 et
2240 1429 2290 1481 in
2321 1430 2510 1493 latino,
2542 1434 2586 1486 si
2617 1436 2860 1491 eamdem
2891 1438 3212 1497 locutionem
3243 1444 3530 1500 transferre

1948 1518 2248 1586 potuissent
2290 1521 2607 1592 interpretes
2645 1527 2834 1582 nostri.
2877 1530 3031 1597 Quod
3073 1534 3286 1603 quidem
3329 1537 3381 1590 in
3429 1537 3530 1592 isto

1951 1624 2105 1665 versu
2146 1621 2397 1681 possent,
2441 1615 2483 1669 si
2510 1616 2780 1681 dicerent,
2832 1622 3038 1690 facienti
3065 1625 3316 1680 mirabilia
3341 1642 3360 1680 :
3387 1628 3526 1698 quod

1948 1703 2090 1756 cnim
2117 1717 2214 1756 nos
2241 1704 2518 1770 habemus,
2546 1709 2648 1774 Qui
2674 1711 2788 1780 fecit
2810 1711 3096 1778 mirabilia;
3119 1730 3324 1785 gracus
3349 1718 3527 1788 habet,

1948 1795 2152 1864 facienti
2188 1797 2440 1853 mirabilia
2471 1800 2576 1871 (a);
2610 1802 2698 1856 ubi
2729 1805 3031 1858 necessario
3057 1806 3378 1877 Conﬁtemini
3403 1813 3530 1867 sub-

1947 1887 2177 1942 auditur.
2211 1891 2382 1959 Atque
2431 1893 2630 1946 utinam
2675 1895 2754 1948 vel
2808 1911 3098 1964 pronomen
3144 1899 3440 1966 adderent,
3477 1911 3533 1956 ut

1947 1979 2206 2047 dicerent,
2240 1983 2300 2037 Ei
2340 1985 2426 2053 qui
2465 1987 2630 2055 facit;
2675 1987 2790 2053 vel,
2822 1988 2868 2042 ei
2905 1990 2992 2058 qui
3019 1991 3172 2060 fecit;
3215 1992 3297 2047 vel
3324 2034 3336 2053 ,
3371 1993 3419 2047 ei
3449 1995 3533 2063 qui

1947 2073 2196 2141 ﬁrmavit:
2213 2077 2332 2145 tpna
2357 2077 2514 2131 etiam
2538 2079 2613 2133 sic
2637 2077 2789 2134 facile
2813 2081 3194 2151 intelligeretur
3211 2084 3534 2154 Con/itemini

1947 2181 2067 2221 esse.
2104 2168 2547 2224 subaudiendum.
2579 2171 2730 2226 Nunc
2759 2189 2882 2228 vero
2913 2176 2980 2228 ita
3023 2176 3308 2232 obscurum
3337 2179 3531 2233 factum

1947 2268 2048 2324 est,
2081 2267 2137 2312 ut
2168 2263 2253 2328 qui
2283 2261 2522 2316 codicem
2550 2280 2780 2333 grtecum
2807 2266 2917 2320 sive
2959 2269 3208 2322 nescierit
3248 2270 3528 2339 inspicere,

1947 2351 2059 2402 sive
2091 2370 2135 2402 ιι.
2158 2355 2382 2422 glexrrit
2410 2398 2422 2420 ,
2461 2357 2625 2422 possit
2669 2365 2853 2424 [uitare
2875 2399 2889 2422 ,
2925 2359 3026 2424 Qui
3068 2342 3184 2430 fecit
3213 2362 3361 2414 celos
3383 2403 3396 2426 ,
3433 2361 3532 2426 Qui

1947 2446 2166 2513 ﬁrmavit
2193 2457 2396 2512 terram,
2430 2447 2532 2514 Qui
2565 2450 2681 2521 fecit
2716 2449 3008 2515 luminaria,
3038 2454 3278 2522 quoniam
3305 2454 3360 2507 in
3383 2464 3532 2508 teter-

1946 2551 2066 2589 num
2096 2538 2442 2593 misericordia
2469 2541 2577 2610 ejus
2602 2583 2614 2605 ,
2645 2541 2764 2595 ideo
2793 2541 2990 2596 dictum
3018 2584 3031 2606 ,
3067 2544 3216 2611 quasi
3249 2554 3527 2614 propterea

1947 2630 2045 2684 ista
2078 2631 2282 2695 iecerit,
2323 2633 2574 2699 Quoniam
2609 2635 2662 2687 in
2707 2644 2951 2689 teternum
2994 2637 3339 2690 misericordia
3368 2639 3479 2708 ejus
3507 2653 3526 2693 .°

1945 2737 2066 2777 cum
2095 2724 2161 2778 ad
2206 2725 2320 2794 ejus
2351 2726 2772 2780 misericordiam
2817 2727 2891 2782 illi
2939 2729 3267 2798 pertineant,
3301 2743 3434 2800 quos
3463 2730 3532 2786 de

1946 2816 2157 2870 miseria
2209 2817 2438 2883 liberat;
2499 2833 2600 2872 non
2654 2829 2831 2873 autem
2886 2828 2942 2873 ut
2987 2820 3102 2888 ejus
3151 2821 3532 2876 misericordiae

1946 2905 2108 2961 fuisse
2139 2909 2495 2979 intelligamus
2527 2910 2702 2965 facere
2747 2913 2938 2966 coelum
2983 2921 3037 2966 et
3065 2921 3260 2965 terram
3289 2922 3342 2967 et
3371 2913 3530 2967 lumi-

1946 3002 2090 3055 naria
2113 3043 2128 3068 ,
2158 3018 2276 3056 cum
2318 3003 2443 3056 illud
2471 2987 2834 3058 sit'bonitatis
2865 3007 2978 3073 ejus
3009 3005 3094 3074 qui
3123 3004 3326 3060 creavit
3349 3007 3530 3059 omnia

1945 3093 2082 3148 bona
2115 3093 2268 3148 valde
2309 3093 2468 3164 (Gen.
2497 3111 2551 3160 ι,
2581 3096 2639 3150 3t
2666 3094 2707 3166 ).
2755 3097 2966 3150 Creavit
2995 3106 3208 3162 autem,
3255 3108 3311 3151 ut
3351 3106 3533 3153 essent

1943 3188 2120 3240 omnia
2150 3187 2306 3258 (Sap.
2332 3203 2368 3252 ι,
2402 3187 2525 3260 M);
2562 3189 2661 3243 hoc
2680 3205 2809 3244 vero
2836 3188 3238 3258 misericordiae,
3268 3199 3324 3244 ut
3350 3205 3380 3245 a
3408 3206 3532 3261 pee-

1943 3278 2077 3331 catis
2125 3279 2323 3332 nostris
2374 3278 2594 3334 mundet
2642 3295 2760 3346 nos,
2809 3290 2861 3334 et
2905 3296 2933 3334 a
2984 3283 3198 3336 miseria
3245 3283 3432 3336 liberet
3478 3283 3530 3338 in

1943 3379 2224 3423 mternum.
2263 3369 2336 3424 Ita
2367 3386 2495 3440 ergo
2533 3386 2632 3426 nos
2677 3372 2961 3442 alloquitur
2995 3372 3240 3427 Psalmus
3267 3391 3280 3428 :
3306 3373 3530 3443 Conﬁte-

1944 3462 2076 3514 mini
2121 3460 2226 3515 Deo
2268 3463 2511 3529 deorum,
2560 3465 2866 3534 conﬁtemini
2913 3463 3129 3520 Domino
3171 3465 3530 3532 dominorum;

1943 3553 2273 3608 conﬁtemini
2305 3556 2351 3609 ei
2391 3557 2478 3627 qui
2507 3557 2629 3626 facit
2657 3556 2908 3610 mirabilia
2938 3574 3122 3627 magna
3149 3559 3328 3622 solus;
3357 3558 3529 3613 eonﬁ-

1946 3647 2128 3701 temini
2160 3648 2206 3701 ei
2247 3649 2330 3717 qui
2361 3649 2479 3716 fecit
2513 3648 2664 3702 cwlos
2703 3650 2756 3701 in
2797 3650 3090 3714 intellectu;
3120 3649 3448 3705 conﬁtemini
3478 3651 3528 3704 ei

1943 3739 2032 3805 qui
2073 3738 2293 3807 firmarit
2339 3748 2522 3792 terram
2565 3757 2718 3810 super
2755 3757 2949 3809 aquas;
2991 3742 3315 3795 conﬁtemini
3358 3742 3405 3794 ei
3445 3744 3534 3807 qui

1946 3829 2062 3898 fecit
2089 3829 2360 3882 luminaria
2397 3846 2580 3900 magna
2608 3831 2765 3883 solus.
2810 3830 2917 3884 Cur
2946 3841 3124 3884 autem
3159 3831 3524 3894 conﬁteamur,

1944 3918 1998 3974 in
2030 3920 2264 3972 omnium
2294 3934 2542 3974 versuum
2575 3919 2768 3973 ﬁnibus
2797 3921 2961 3988 ponit,
3000 3920 3250 3986 Quoniam
3293 3921 3347 3974 in
3384 3931 3531 3973 cter-

1943 4027 2062 4064 num
2089 4010 2437 4064 misericordia
2464 4013 2593 4082 ejus.

2014 4103 2065 4157 5.
2113 4101 2276 4175 [rem
2307 4102 2488 4175 5-10.]
2528 4103 2631 4158 Sed
2669 4102 2794 4173 quid
2826 4112 2939 4169 est,
2990 4102 3092 4170 Qui
3135 4103 3250 4175 fecit
3277 4103 3529 4160 mirabilia

1943 4211 2126 4264 magna
2167 4195 2304 4248 solus
2328 4195 2353 4247 ?
2397 4210 2464 4248 an
2513 4195 2634 4264 quia
2675 4194 2839 4247 multa
2886 4192 3146 4247 mirabilia
3179 4210 3273 4263 per
3297 4194 3530 4261 Angelos

1941 4293 1996 4340 et
2021 4301 2118 4354 per
2135 4285 2383 4339 homines
2410 4285 2529 4340 fecit
2552 4285 2577 4338 ?
2603 4283 2735 4340 Sunt
2763 4286 3004 4354 qua-dam
3029 4300 3213 4354 magna
3238 4301 3358 4354 qum
3384 4287 3529 4340 solus

1943 4377 2084 4432 Deus
2110 4376 2234 4430 facit
2255 4418 2268 4442 ,
2297 4386 2350 4430 et
2376 4377 2488 4447 ipsa
2515 4377 2830 4445 estsequitur
2856 4376 3040 4430 dicens
3059 4418 3072 4441 ,
3106 4375 3208 4441 Qui
3238 4379 3352 4448 fecit
3378 4379 3528 4432 cwlos

1939 4471 1992 4523 in
2018 4469 2293 4530 intellectu,
2327 4469 2426 4533 Qui
2449 4469 2670 4538 ﬁrmavit
2697 4477 2879 4521 terram
2907 4484 3055 4536 super
3078 4485 3258 4539 aquas,
3289 4468 3387 4532 Qui
3414 4470 3528 4537 fecit

1943 4563 2216 4616 luminaria
2261 4578 2447 4632 magna
2489 4559 2629 4615 solus
2664 4575 2683 4614 .'
2723 4559 2844 4615 ideo
2873 4570 2926 4614 et
2969 4559 3055 4613 hic
3100 4560 3321 4624 addidit,
3368 4561 3524 4619 solus.

1941 4657 2062 4725 quia
2092 4663 2283 4709 c:rtera
2317 4653 2577 4708 mirabilia
2608 4669 2726 4722 qua:
2753 4652 2995 4706 dtcturus
3027 4661 3128 4718 est,
3165 4668 3258 4722 per
3286 4651 3528 4708 homines

1941 4746 2085 4801 fecit.
2118 4748 2248 4799 (Iunt
2281 4746 2423 4799 enim
2455 4745 2712 4812 dixisset,
2744 4743 2841 4810 Qut
2885 4745 3002 4812 fecit
3041 4745 3312 4798 luminaria
3342 4761 3526 4813 magna

1939 4838 2116 4900 solus;
2162 4853 2279 4905 qua:
2310 4837 2416 4911 sint
2461 4835 2646 4889 eadem
2697 4835 3010 4898 luminaria,
3053 4844 3267 4889 secutus
3296 4835 3522 4902 aperuit,

1941 4929 2116 4984 Solem
2143 4928 2196 4981 in
2223 4937 2515 4997 potestatem
2535 4927 2656 4993 diei,
2689 4928 2860 4980 lunam
2882 4935 2926 4980 et
2950 4925 3122 4981 stellas
3150 4926 3202 4978 in
3226 4933 3525 4993 potestatem

1939 5021 2114 5078 noctis.
2155 5017 2353 5072 Deinde
2380 5018 2565 5086 incipit
2593 5018 2769 5072 dicere
2795 5033 2911 5086 quae
2944 5030 3038 5085 per
3056 5015 3286 5084 Angelos
3309 5016 3390 5069 vel
3423 5030 3518 5084 per

1941 5113 2184 5166 homines
2214 5111 2396 5164 iecerit
2426 5129 2439 5164 :
2471 5110 2572 5177 Qui
2603 5110 2842 5179 percussit
2869 5106 3154 5176 {Egyptum
3185 5122 3298 5160 cum
3328 5107 3520 5176 primo.

1937 5205 2117 5276 genitis
2139 5218 2344 5266 eorum;
2365 5210 2419 5257 et
2443 5212 2656 5256 castora.
2684 5200 2994 5258 Universam
3023 5198 3180 5265 igitur
3200 5208 3520 5263 creaturam,

1939 5313 2043 5352 non
2078 5298 2258 5366 utique
2302 5297 2441 5352 Deus
2483 5311 2578 5364 per
2615 5294 2844 5362 aliquam
2875 5300 3198 5354 creaturam,
3244 5291 3336 5346 Sed
3377 5294 3523 5347 solus

1937 5389 2081 5445 fecit.
2111 5389 2275 5458 Cujus
2313 5399 2574 5442 creatura:
2608 5384 2862 5455 quasdattt
2898 5392 3075 5451 partes
3115 5383 3521 5439 excellentiores

1936 5482 2415 5545 commemoravit,
2467 5494 2531 5532 ex
2593 5478 2783 5547 quibus
2840 5477 3082 5532 universa
3140 5477 3516 5546 cogitaremus,

1939 5577 2298 5647 intelligibiles
2341 5574 2508 5628 cmlos
2545 5581 2598 5625 et
2630 5569 2892 5624 visibilem
2925 5580 3118 5624 terram
3149 5588 3162 5623 :
3191 5580 3242 5624 et
3269 5573 3517 5639 quoniam

1937 5682 2060 5725 sunt
2085 5672 2242 5724 etiam
2271 5665 2393 5720 eteli
2416 5664 2673 5726 visibiles,
2702 5663 3131 5717 commemoratis
3155 5678 3338 5717 eorum
3366 5662 3519 5719 lumi-

1997 5869 2070 5932 (a)
2112 5868 2169 5918 'I‘ti
2191 5859 2437 5929 poiésanti.
