4078 6504
526 360 666 419 1759

530 480 753 535 naribus
788 487 953 534 totum
986 475 1207 533 caeleste
1235 488 1547 545 corporeum
1589 482 1646 530 ut
1673 473 1739 530 ab
1769 474 1884 545 ipso
1910 473 2106 530 factum

529 572 919 641 acciperemus,
951 567 1243 623 admonuit.

599 664 653 719 6.
676 664 985 732 Quanquam
1014 662 1064 716 id
1086 660 1225 731 quod
1250 661 1344 725 ait,
1376 659 1476 726 Qui
1503 662 1621 731 fecit
1648 659 1798 716 caelos
1832 661 1885 715 in
1914 660 2107 715 intelle-

526 768 626 822 ctu,
670 756 773 821 vel,
820 757 956 811 sicut
993 755 1081 808 alii
1120 755 1449 824 interpretati
1480 764 1623 822 sunt,
1666 757 1719 809 in
1758 756 2103 826 intelligentia,

525 860 700 905 utrum
732 850 898 904 etelos
927 848 1278 919 intelligibiles
1325 849 1623 918 signiﬁcare
1669 849 1771 903 hoc
1814 848 1973 904 modo
2016 862 2107 903 vo-

525 941 700 1007 luerit,
737 957 801 994 an
843 940 897 994 in
938 955 1034 995 suo
1076 940 1370 1004 intellectu,
1410 942 1491 994 vel
1533 941 1584 995 in
1627 957 1717 995 sua
1760 941 2103 1011 intelligentia

524 1034 713 1090 fecisse
758 1036 943 1101 ewlos,
994 1034 1094 1089 hoc
1138 1042 1221 1089 est
1259 1036 1309 1088 in
1352 1050 1445 1088 sua
1483 1034 1771 1103 Sapientia,
1816 1035 1951 1089 sicut
1980 1034 2104 1088 alibi

522 1130 781 1197 scriptum
800 1136 901 1190 est,
925 1125 1109 1179 Omnia
1132 1127 1185 1179 in
1208 1125 1471 1196 Sapientia
1486 1126 1646 1195 fecisti
1668 1125 1835 1198 (Psal.
1861 1141 1970 1191 cm,
1989 1125 2101 1196 24),

521 1235 588 1274 eo
604 1209 767 1273 modo
788 1218 1064 1272 insinuans
1082 1217 1404 1287 unigenitum
1433 1216 1682 1283 Verbum,
1712 1217 1875 1286 qu:eri
1910 1224 2099 1283 potest.

521 1310 626 1365 Sed
658 1310 701 1363 si
732 1309 801 1362 ita
838 1316 940 1375 est,
975 1318 1032 1363 ut
1060 1309 1112 1362 in
1140 1324 1237 1363 suo
1262 1308 1531 1364 intellectu
1569 1306 1757 1362 fecisse
1782 1307 2103 1375 accipiamus

522 1404 685 1457 Deum
708 1403 892 1467 caelos,
920 1417 1016 1457 cur
1037 1410 1235 1456 tantum
1259 1401 1326 1455 de
1351 1401 1501 1455 caelis
1533 1399 1633 1453 hoc
1654 1400 1745 1463 ait,
1776 1416 1895 1453 cum
1925 1399 2102 1453 omnia

520 1497 571 1548 in
600 1493 785 1548 cadem
808 1493 1075 1563 Sapientia
1103 1491 1286 1547 fecerit
1310 1490 1334 1545 ‘i
1354 1491 1433 1545 An
1465 1492 1533 1546 ibi
1561 1499 1761 1545 tantum
1798 1491 2102 1559 exprimen-

517 1584 642 1638 dum
672 1583 788 1650 fuit,
813 1592 869 1638 ut
896 1585 949 1637 in
972 1584 1179 1638 caeteris
1206 1583 1363 1636 etiam
1394 1582 1609 1636 tacitum
1642 1589 1821 1650 posset
1848 1580 2097 1651 intelligi:

519 1686 577 1730 ut
602 1676 701 1731 iste
722 1676 790 1730 sit
816 1690 1024 1738 sensus,
1047 1675 1146 1740 Qui
1170 1674 1285 1745 fecit
1312 1675 1462 1728 caelos
1483 1674 1537 1726 in
1559 1673 1832 1737 intellectu,
1864 1674 1960 1738 Qui
1978 1672 2099 1741 [un-

518 1767 653 1821 davit
676 1778 859 1821 terram
884 1784 1033 1837 super
1060 1783 1252 1837 aquas;
1281 1774 1335 1819 ul
1359 1775 1413 1820 et
1434 1764 1519 1818 hic
1548 1764 1853 1831 subaudias,
1876 1765 1928 1816 in
1953 1764 2102 1817 intel-

517 1859 643 1912 lectu
670 1876 687 1912 :
720 1860 818 1926 Qui
856 1859 972 1928 fecit
999 1858 1269 1913 luminaria
1294 1874 1476 1928 magna
1499 1857 1658 1922 solus,
1690 1857 1845 1910 solent
1872 1856 1925 1909 in
1955 1864 2098 1926 pote-

517 1960 691 2004 statem
706 1952 826 2014 diei,
846 1950 1017 2004 lunam
1040 1961 1086 2005 et
1106 1950 1277 2005 stellas
1293 1952 1344 2003 in
1366 1960 1655 2019 potestatem
1678 1952 1834 2003 noctis
1854 1967 1870 2013 ;
1895 1950 2096 2020 utique,

514 2047 567 2098 in
593 2046 843 2099 intellectu
869 2046 894 2098 .9
918 2045 1195 2112 Quomodo
1222 2059 1351 2115 ergo
1371 2044 1528 2107 solus,
1562 2044 1606 2097 si
1636 2043 1736 2097 hoc
1762 2053 1843 2097 est
1864 2044 1919 2097 in
1945 2044 2094 2097 intel-

514 2140 663 2203 lectu,
695 2139 777 2193 vel
805 2140 854 2191 in
879 2138 1227 2207 intelligentia,
1256 2136 1397 2207 quod
1420 2143 1501 2190 est
1528 2137 1577 2188 in
1603 2135 1886 2205 Sapientia,
1914 2135 1966 2189 id
1990 2145 2094 2202 est,

514 2229 564 2282 in
598 2228 772 2283 Verbo
818 2229 1121 2299 unigenito?
1164 2230 1242 2282 An
1273 2228 1393 2298 quia
1426 2227 1657 2281 Trinitas
1684 2244 1788 2281 non
1824 2236 1949 2282 sunt
1989 2236 2097 2283 tres

511 2321 602 2387 dii,
635 2321 729 2378 sed
760 2337 894 2376 unus
936 2323 1095 2389 Deus,
1141 2321 1206 2375 ad
1238 2321 1289 2374 id
1329 2319 1558 2375 refertur
1596 2321 1732 2389 quod
1774 2322 1918 2375 solus
1950 2320 2097 2377 Deus

510 2414 651 2480 fecit,
675 2418 795 2486 quia
823 2430 929 2470 non
952 2425 1248 2470 creaturam
1283 2429 1377 2483 per
1403 2421 1705 2468 creaturam
1739 2411 1902 2467 fecit?

582 2510 634 2565 7.
662 2508 765 2564 Sed
795 2508 921 2579 quid
956 2516 1055 2571 est,
1097 2508 1198 2574 Qui
1225 2506 1445 2576 ﬁrmavit
1488 2516 1672 2559 terram
1720 2522 1873 2574 super
1898 2506 2096 2576 aquas?

508 2600 744 2656 Obscura
770 2601 913 2656 enim
929 2600 1153 2670 quaestio
1178 2608 1292 2661 est;
1317 2598 1440 2668 quia
1467 2606 1605 2652 terra
1629 2597 1839 2666 gravior
1867 2596 2091 2665 videtur,

508 2701 567 2746 ut
594 2707 697 2747 non
725 2691 923 2761 portari
951 2691 1121 2760 aquis,
1154 2689 1248 2745 sed
1274 2702 1437 2757 aquas
1463 2688 1635 2757 potius
1662 2697 1874 2756 portare
1904 2688 2092 2743 creda-

507 2795 613 2840 tur.
645 2786 717 2839 De
745 2802 846 2855 qua
877 2799 935 2839 re
956 2800 1022 2838 ne
1047 2784 1301 2837 adversus
1331 2797 1422 2837 eos
1443 2782 1530 2852 qui
1552 2797 1611 2836 se
1642 2790 1829 2852 putant
1854 2781 1953 2835 ista
1978 2796 2096 2836 cer-

509 2875 577 2930 tis
601 2874 893 2930 rationibus
921 2874 1269 2944 comperisse,
1307 2874 1639 2928 contentiose
1664 2872 1966 2942 Scripturas
1995 2886 2093 2926 no-

510 2976 649 3023 stras
691 2966 976 3023 defendere
1004 2967 1306 3032 videamur;
1348 2967 1460 3022 sive
1490 2966 1617 3021 illud
1655 2967 1749 3032 ita,
1789 2966 1902 3022 sive
1936 2966 2094 3022 aliter

506 3060 593 3123 sit,
633 3058 889 3113 habemus
925 3058 1065 3129 quod
1109 3059 1176 3113 de
1203 3059 1449 3128 proximo
1482 3057 1857 3128 intelligamus,
1894 3066 2093 3114 terram

505 3166 624 3221 quae
665 3150 933 3207 habitatur
974 3151 1041 3206 ab
1090 3151 1391 3205 hominibus
1437 3158 1491 3205 et
1538 3152 1809 3205 terrestria
1855 3152 2093 3208 continet

504 3243 771 3311 animalia,
813 3259 929 3315 qua:
954 3244 1058 3298 alio
1086 3243 1243 3297 modo
1279 3244 1330 3297 in
1363 3243 1653 3311 Scripturis
1693 3242 1837 3297 arida
1870 3243 2086 3311 dicitur,

504 3335 642 3391 sicut
683 3334 937 3406 scriptum
980 3344 1093 3399 est,
1134 3335 1388 3405 Appareat
1432 3335 1596 3399 arida,
1642 3342 1688 3388 et
1726 3336 1916 3389 vocavit
1950 3334 2091 3390 Deus

505 3426 703 3480 aridam
732 3435 918 3480 terram
944 3424 1095 3500 (Gen.
1125 3442 1161 3490 ι,
1194 3425 1227 3479 9
1245 3436 1290 3480 et
1314 3426 1425 3495 10),
1449 3441 1610 3495 super
1628 3440 1792 3496 aquas
1820 3441 1939 3481 esse
1968 3427 2090 3481 fun-

498 3518 704 3585 datam,
732 3518 873 3587 quod
895 3519 1045 3587 aquis
1064 3516 1552 3572 circumfluentibus
1569 3519 1953 3587 supereminet.
1975 3519 2086 3573 Non

505 3609 648 3665 enim
674 3624 793 3679 quae
826 3610 1018 3663 dicitur
1051 3609 1339 3663 littoraria‘
1377 3610 1562 3664 civitas
1605 3624 1765 3678 super
1786 3625 1943 3665 mare
1972 3609 2090 3665 fun-

505 3701 648 3768 data,
676 3701 747 3755 ita
777 3701 875 3755 sub
912 3716 973 3756 ea
1002 3716 1147 3755 mare
1176 3712 1277 3766 est,
1323 3700 1770 3770 quemadmodum
1792 3712 1915 3756 sunt
1939 3716 2090 3771 aquae

506 3794 606 3849 sub
633 3794 1003 3864 speluncarum
1038 3794 1282 3858 carueris,
1331 3803 1421 3848 aut
1465 3795 1562 3849 sub
1592 3795 1814 3848 navibus
1839 3810 2093 3864 superna-

506 3887 766 3951 tantibus;
799 3886 891 3942 sed
930 3886 1049 3940 ideo
1080 3901 1240 3955 super
1265 3901 1410 3940 mare
1439 3886 1650 3951 dicitur,
1699 3886 1819 3955 quia
1851 3885 2087 3942 inferiori

507 3981 638 4034 mari
669 3980 1076 4051 supereminet'.
1107 3978 1195 4035 Sic
1211 3980 1383 4033 dictus
1406 3988 1488 4033 est
1516 3979 1720 4033 Pharao
1742 3980 1915 4034 exisse
1941 3998 2091 4051 super

506 4088 724 4143 aquam:
758 4073 827 4127 ita
859 4073 999 4126 enim
1042 4072 1200 4126 habet
1232 4086 1458 4141 graecus,
1496 4071 1635 4140 quod
1672 4071 1882 4139 quidam
1917 4071 2089 4128 Latini

507 4164 726 4230 habent,
744 4164 812 4218 ad
838 4181 1020 4235 aquam
1049 4164 1243 4235 (Exod.
1273 4180 1366 4229 vn,
1398 4163 1518 4233 l5);
1544 4164 1621 4217 sic
1658 4163 1913 4217 Dominus
1935 4180 2091 4234 super

507 4265 710 4326 puteum
737 4255 936 4309 sedebat
966 4254 1144 4325 (Joun.
1175 4272 1247 4319 tv,
1292 4255 1345 4326 6)
1376 4273 1389 4308 :
1419 4255 1558 4324 quod
1601 4255 1758 4309 ambo
1788 4256 2089 4324 superiores

505 4357 689 4402 essent
712 4362 867 4418 quam
900 4348 1097 4402 flumen
1124 4356 1177 4402 et
1203 4356 1429 4417 puteus;
1464 4347 1549 4402 ille
1571 4346 1727 4417 juxta
1747 4346 1966 4416 ﬂumen,
1989 4349 2090 4405 iste

503 4441 652 4509 juxta
684 4450 916 4510 puteum.

580 4532 631 4586 8.
662 4533 715 4586 Si
747 4543 923 4587 autem
945 4534 1101 4588 etiam
1124 4533 1319 4603 aliquid
1344 4534 1508 4594 aliud.
1540 4532 1679 4603 quod
1712 4534 1777 4587 ad
1805 4549 1902 4589 nos
1922 4535 2089 4605 magis

510 4624 757 4695 pertinet,
789 4625 883 4678 ista
906 4625 1043 4678 dicta
1070 4625 1370 4694 signiﬁcant
1395 4643 1408 4683 :
1440 4626 1557 4696 fecit
1585 4625 1723 4679 Deus
1753 4625 1902 4680 ctelos
1925 4626 1977 4679 in
2004 4626 2087 4680 in-

510 4719 725 4784 tellectu,
760 4718 1061 4789 spirituales
1101 4729 1312 4772 sanctos
1348 4734 1493 4781 suos,
1529 4718 1720 4788 quibus
1754 4734 1856 4771 non
1886 4726 2086 4774 tantum

507 4814 744 4879 credere,
777 4828 959 4868 verum
989 4814 1147 4867 etiam
1175 4812 1465 4883 intelligere
1491 4812 1669 4865 divina
1698 4811 1913 4865 donavit
1942 4829 1954 4864 :
1986 4811 2088 4866 hoc

507 4909 593 4978 qui
618 4906 848 4961 nondum
877 4916 1115 4977 possunt,
1151 4915 1205 4960 et
1236 4907 1405 4961 solam
1444 4904 1603 4961 fidem
1635 4904 1990 4959 ﬁrmissimam
2020 4914 2089 4960 te-

509 5010 656 5067 nent,
695 5012 941 5072 tanquam
974 5000 1104 5055 infra
1149 5001 1314 5055 cmlos
1348 5011 1501 5054 teme
1531 5000 1745 5055 nomine
1778 5001 2083 5070 figurantur.

510 5093 572 5147 Et
592 5094 711 5163 quia
736 5093 785 5147 in
812 5093 1078 5162 Baptismo
1100 5108 1256 5162 quem
1274 5099 1612 5160 acceperunt,
1639 5092 1947 5145 inconcussa
1968 5104 2089 5145 cre—

505 5185 725 5241 dulitate
750 5187 1082 5251 consistunt;
1114 5185 1233 5239 ideo
1262 5185 1462 5240 dictum
1494 5194 1595 5245 est,
1630 5183 1877 5237 Firmavit
1905 5194 2086 5237 terram

504 5296 655 5349 super
683 5296 855 5345 aquas.
901 5278 1029 5333 Item
1067 5279 1187 5345 quia
1222 5278 1477 5347 scriptum
1517 5285 1598 5331 est
1630 5274 1695 5329 de
1719 5273 2087 5329 Dominolesu

506 5371 720 5426 Christo
752 5371 891 5441 quod
930 5372 979 5424 in
1018 5371 1106 5424 illo
1144 5371 1249 5424 sint
1288 5385 1458 5422 omnes
1500 5367 1720 5421 thesauri
1757 5367 2015 5435 sapientia:
2041 5374 2088 5420 et

505 5467 724 5519 mentite
759 5464 1035 5520 absconditi
1062 5462 1279 5537 (Coloss.
1309 5478 1367 5529 tt,
1398 5463 1490 5532 5);
1539 5460 1654 5515 haec
1678 5468 1853 5513 autem
1878 5458 2003 5525 duo,
2036 5458 2085 5513 id

508 5566 591 5614 est
613 5558 927 5630 sapientiam
955 5566 1010 5614 ct
1043 5557 1339 5623 scientiam,
1384 5556 1582 5611 distare
1610 5555 1751 5609 inter
1780 5568 1838 5609 se
1863 5551 2084 5622 aliquid,

576 5696 593 5727 ι
619 5698 787 5744 Plures
810 5703 934 5754 Mss,
962 5691 1219 5744 littorialis.
1459 5752 1469 5756 _
1707 5749 1717 5756 _
1799 5747 1823 5756 _
2000 5745 2011 5756 ,

573 5759 595 5789 ³
613 5759 687 5821 sic
709 5768 807 5805 am.
830 5747 1085 5821 etaliquot
1126 5762 1230 5804 Mss.
1260 5761 1314 5803 At
1333 5752 1661 5821 _negius_Ms.,
1787 5747 1909 5819 ﬁnes

511 5819 640 5871 mari
661 5807 999 5881 supermu’nctf
1016 5825 1090 5867 Er.
1110 5826 1162 5867 et
1178 5824 1310 5877 ιον..
1325 5807 1546 5877 inferiori
1560 5811 1687 5863 mari
1702 5812 1753 5863 in
1771 5807 1950 5874 primos
1968 5807 2089 5871 lines

511 5879 845 5945 supereminet.

1758 355 1817 413 S.
1858 357 2223 416 AUGUSTINI
2262 358 2564 417 EPISCOPI

3657 366 3798 424 i700

2220 476 2323 531 alia
2351 491 2561 548 quoque
2594 475 2983 546 Scripturarum
3014 482 3272 531 testantur
3299 476 3527 547 eloquia,
3559 481 3796 537 maxime

2216 567 2467 638 loquente
2494 576 2678 622 sancto
2706 567 2826 634 Job,
2868 568 2956 622 ubi
2992 566 3385 637 quodammodo
3427 569 3632 640 singula
3661 570 3794 625 dell-

2214 660 2463 727 niunlur;
2504 660 2578 715 ait
2615 661 2790 723 enim,
2822 659 2964 713 Dixit
3004 669 3171 714 autem
3206 661 3417 726 homini,
3462 660 3594 717 Ecce
3635 663 3795 733 pietas

2212 762 2285 807 est
2309 754 2590 823 sapientia,
2624 754 2870 808 abstinere
2899 762 3063 807 autem
3104 771 3135 807 a
3168 754 3302 808 malo
3330 756 3535 809 scientia
3561 766 3632 810 est
3672 757 3792 826 (Job

2212 860 2395 909 xxvnt,
2428 842 2519 917 28)
2550 862 2563 897 :
2603 860 2704 898 non
2742 845 3152 915 incongruenter
3194 846 3533 915 intelligimus
3577 849 3792 916 sapien-

2214 930 2337 982 tiam
2370 930 2418 983 in
2446 929 2747 999 cognitione
2773 943 2825 983 et
2856 931 3138 985 dilectione
3159 930 3273 1001 ejus
3290 931 3429 1000 quod
3452 947 3667 1002 semper
3688 942 3789 997 est,

2212 1033 2369 1093 atque
2406 1023 2905 1078 incommutabiliter
2925 1033 3121 1087 manet,
3168 1024 3306 1091 quod
3340 1025 3477 1078 Deus
3506 1034 3606 1079 est.
3660 1024 3790 1081 Nam

2209 1122 2263 1169 et
2291 1113 2431 1184 quod
2451 1115 2541 1178 ait,
2568 1114 2698 1169 Ecce
2723 1116 2881 1185 pietas
2901 1126 2972 1170 est
2996 1116 3261 1184 sapientia,
3286 1125 3517 1170 arcessita:
3540 1116 3680 1170 dicta
3710 1127 3791 1172 est

2211 1206 2262 1260 in
2283 1222 2457 1278 graeco
2483 1226 2494 1260 :
2519 1207 2657 1278 quod
2678 1218 2732 1262 ut
2755 1216 2919 1261 totum
2943 1207 3102 1262 latine
3124 1208 3467 1277 exprimatur,
3502 1208 3594 1261 Dei
3616 1208 3789 1263 cultus

2210 1297 2310 1353 dici
2333 1307 2523 1367 potest.
2571 1299 2830 1354 Abstinere
2866 1311 3032 1355 autem
3064 1318 3095 1353 a
3124 1301 3276 1365 malo,
3321 1302 3459 1370 quod
3504 1301 3636 1355 dixit
3672 1316 3788 1357 esse

2209 1389 2505 1454 scientiam,
2554 1390 2678 1460 quid
2723 1403 2806 1446 est
2846 1391 3008 1457 aliud,
3054 1407 3209 1461 quam
3247 1392 3300 1445 in
3343 1392 3518 1446 medio
3562 1392 3786 1447 nationis

2211 1490 2462 1537 tortuosa:
2492 1492 2546 1537 et
2568 1498 2851 1552 perversre,
2871 1492 3118 1552 tanquam
3146 1484 3196 1536 in
3221 1492 3374 1537 nocte
3397 1482 3556 1552 hujus
3585 1484 3783 1550 saeculi,

2208 1583 2359 1628 caute
2407 1574 2798 1646 prudenterque
2824 1577 3022 1630 versari
3055 1575 3307 1646 (Philipp.
3343 1592 3399 1642 n,
3433 1574 3555 1647 15);
3588 1577 3784 1631 utabs-

2209 1666 2423 1720 tinendo
2466 1669 2687 1737 quisque
2728 1669 2794 1722 ab
2825 1667 3098 1738 iniquitate
3126 1684 3228 1723 nun
3260 1668 3614 1724 confundatur
3637 1681 3785 1726 tene-

2206 1756 2334 1823 bris,
2363 1759 2561 1827 proprii
2592 1761 2826 1814 muneris
2849 1760 2967 1815 luce
2996 1761 3298 1815 discretus?
3333 1760 3464 1814 Cum
3495 1777 3623 1832 ergo
3652 1777 3786 1831 quo-

2206 1850 2326 1906 dam
2350 1852 2467 1906 loco
2499 1854 2783 1922 Apostolus
2806 1853 3127 1909 concordem
3157 1854 3446 1924 gratiarum
3478 1857 3785 1909 varietatem

2207 1945 2256 1999 in
2304 1946 2604 2001 hominibus
2647 1948 2742 2001 Dei
2790 1947 2948 2002 vellet
2994 1948 3296 2012 ostendere,
3342 1948 3455 2004 haec
3504 1950 3554 2001 in
3600 1950 3786 2018 primis

2204 2036 2308 2090 duo
2346 2038 2518 2106 posuit
2555 2038 2772 2105 dicens,
2827 2038 2928 2094 Alii
2964 2040 3165 2111 quidem
3207 2042 3357 2094 datur
3399 2058 3487 2110 per
3534 2040 3786 2111 Spiritum

2203 2147 2363 2183 sermo
2394 2132 2686 2201 sapientiaz;
2727 2131 2826 2186 hoc
2861 2147 2979 2187 esse
3003 2132 3251 2197 arbitror,
3296 2132 3469 2187 Solem
3492 2134 3543 2185 in
3569 2143 3785 2201 potesta-

2203 2232 2299 2277 teut
2325 2224 2423 2277 diei
2452 2240 2471 2277 :
2492 2225 2593 2277 Alii
2620 2242 2784 2279 sermo
2812 2226 3033 2282 scientia:
3052 2225 3327 2279 secundum
3353 2226 3580 2279 eumdem
3610 2226 3783 2295 Spiri-

2202 2326 2343 2381 tum;
2388 2316 2491 2372 ltoc
2535 2328 2636 2382 est,
2682 2320 2875 2371 lunam.
2932 2318 3129 2373 Deinde
3172 2318 3563 2387 quodammodo
3611 2318 3784 2372 stellas

2199 2410 2602 2464 commemorari
2645 2418 2771 2479 puto
2814 2411 2864 2464 in
2904 2425 2967 2464 eo
2998 2410 3137 2480 quod
3171 2410 3383 2476 dicitur,
3420 2410 3523 2463 Alii
3568 2411 3697 2479 ﬁdes
3730 2413 3783 2464 in

2200 2502 2371 2557 eodem
2400 2503 2619 2573 Spiritu,
2650 2505 2739 2557 alii
2764 2505 3081 2558 curationum
3113 2504 3318 2557 donatio
3344 2504 3397 2557 in
3424 2521 3525 2557 uno
3557 2502 3781 2572 Spiritu,

2199 2597 2285 2650 alii
2313 2598 2625 2667 operationes
2655 2598 2913 2663 virtutum,
2947 2598 3035 2651 alii
3054 2597 3339 2668 prophetia,
3367 2597 3457 2649 alii
3483 2596 3782 2666 dijudicatio

2196 2690 2485 2758 spirituum,
2518 2691 2607 2744 alii
2635 2707 2815 2760 genera
2840 2691 3143 2762 linguarum,
3177 2691 3262 2743 alii
3301 2691 3643 2759 interpretatio
3672 2706 3780 2744 ser-

2197 2798 2400 2837 monum
2428 2782 2475 2855 (Ι
2505 2780 2622 2837 Cor.
2651 2798 2742 2845 xn,
2768 2782 2948 2852 8-10).
2975 2780 3114 2835 Nihil
3144 2782 3283 2836 enim
3312 2780 3499 2835 horum
3539 2779 3782 2850 estquod

2197 2876 2251 2929 in
2278 2874 2433 2944 hujus
2457 2874 2636 2929 saeculi
2664 2884 2817 2929 nocte
2847 2890 2948 2928 non
2972 2874 3041 2927 sit
3067 2874 3425 2929 necessarium
3456 2890 3468 2926 :
3518 2888 3636 2943 quae
3659 2889 3780 2927 cum

2198 2968 2484 3034 transierit,
2507 2968 2803 3023 necessaria
2831 2970 2929 3022 ista
2956 2984 3058 3023 non
3090 2977 3278 3022 erunt:
3307 2968 3446 3033 ideo,
3477 2969 3530 3021 in
3558 2976 3782 3037 potesta-

2197 3070 2293 3114 tem
2315 3061 2490 3115 noctis.
2515 3059 2582 3113 lu
2609 3069 2901 3130 potestatem
2919 3060 3111 3129 quippe
3136 3060 3226 3123 ait,
3257 3060 3341 3114 vel
3368 3060 3467 3113 diei
3487 3059 3568 3112 vel
3596 3060 3778 3126 noctis,

2196 3164 2253 3210 ut
2278 3163 2513 3225 potestas
2537 3163 2678 3208 esset
2707 3154 2789 3208 die
2816 3154 2996 3208 lucere
3026 3152 3107 3206 vel
3138 3153 3328 3206 nocte1
3354 3168 3368 3218 ;
3411 3150 3553 3221 quod
3589 3151 3641 3204 in
3668 3151 3780 3219 spi-

2196 3248 2474 3304 ritualibus
2502 3247 2653 3302 donis
2670 3248 2748 3301 sic
2779 3245 3102 3315 intelligitur,
3140 3244 3262 3314 quia
3285 3242 3429 3296 dedit
3461 3251 3781 3311 potestatem

2198 3341 2333 3395 lilios
2358 3340 2452 3395 Dei
2481 3339 2592 3393 fieri
2635 3338 2813 3409 (Joan.
2842 3355 2878 3401 ι,
2912 3336 3021 3406 12).
3068 3335 3167 3399 Qui
3198 3334 3438 3405 percussit
3465 3331 3776 3405 ngyptum,

2195 3449 2309 3487 cum
2334 3432 2674 3503 primogenitis
2703 3447 2895 3485 eorum.
2942 3427 3208 3484 Percussit
3248 3434 3303 3481 et
3334 3425 3609 3490 sarculum,
3657 3439 3780 3480 cum

2196 3524 2279 3579 his
2302 3540 2421 3595 qua!
2447 3524 2711 3594 praecipua
2742 3531 2992 3590 putantur
3018 3521 3069 3574 in
3094 3518 3313 3575 smculo.

2264 3618 2317 3672 9.
2348 3614 2499 3690 [vers.
2534 3613 2749 3689 11-26.]
2788 3614 2887 3681 Qui
2912 3613 3082 3690 eduxit
3108 3612 3273 3666 Israel
3301 3610 3364 3665 de
3388 3611 3553 3665 medio
3578 3627 3778 3668 eorum.

2196 3686 2389 3766 Eduxit
2415 3711 2574 3765 etiam
2605 3686 2817 3763 sanctos
2842 3723 2905 3762 ac
2936 3686 3119 3762 fideles
3143 3723 3269 3761 suos
3303 3706 3372 3762 de
3406 3706 3582 3761 medio
3604 3706 3779 3761 malo-

2195 3818 2332 3856 rum.
2374 3798 2440 3854 Iu
2466 3817 2620 3854 manu
2646 3799 2830 3854 potenti
2863 3808 2909 3851 et
2937 3798 3139 3852 brachio
3163 3798 3374 3851 excelso.
3419 3796 3557 3864 Quid
3587 3805 3778 3865 poten-

2194 3895 2320 3959 tius,
2344 3892 2468 3963 quid
2495 3892 2758 3946 excelsius
2782 3906 2847 3944 eo
2861 3889 2928 3944 de
2948 3906 3051 3959 quo
3069 3890 3265 3944 dictum
3287 3897 3368 3944 est
3392 3906 3406 3942 :
3436 3887 3500 3940 Et
3518 3889 3779 3942 brachium

2194 3985 2400 4039 Domini
2449 3986 2529 4038 cui
2569 3982 2842 4038 revelatum
2880 3991 2953 4037 est
2993 3980 3146 4053 (lsai.
3193 3996 3299 4044 ιλιι,
3336 3978 3434 4050 1)?
3486 3979 3586 4044 Qui
3611 3979 3780 4033 divisit

2195 4094 2332 4131 mare
2375 4075 2603 4129 Rubrum
2646 4075 2699 4128 in
2747 4073 3032 4127 divisiones.
3085 4072 3277 4128 Dividit
3304 4072 3485 4137 etiam,
3536 4082 3596 4125 ut
3640 4086 3777 4126 unus

2193 4178 2351 4239 atque
2389 4168 2529 4223 idem
2560 4168 2855 4236 Baptismus
2884 4166 3000 4219 aliis
3046 4165 3113 4218 sit
3142 4163 3197 4217 in
3236 4164 3414 4227 vitam,
3465 4162 3584 4216 aliis
3618 4164 3689 4217 sit
3724 4163 3776 4218 in

2194 4271 2441 4317 mortem.
2488 4260 2553 4313 Et
2594 4261 2763 4314 eduxit
2814 4258 2978 4312 Israel
3023 4275 3111 4329 per
3148 4257 3368 4310 medium
3407 4258 3537 4328 ejus.
3585 4255 3780 4310 Educit

2192 4355 2351 4409 etiam
2392 4355 2697 4408 innovatum
2732 4352 2979 4421 populum
3017 4365 3170 4404 suum
3199 4363 3292 4417 per
3320 4349 3589 4402 lavacrum
3616 4363 3774 4418 rege-

2193 4448 2500 4503 nerationis.
2540 4444 2609 4500 Et
2634 4446 2847 4500 excussit
2878 4444 3197 4497 Pharaonem
3228 4452 3274 4496 et
3303 4443 3534 4495 virtutem
3574 4442 3684 4511 ejus
3725 4443 3777 4495 in

2192 4543 2321 4594 mari
2348 4541 2540 4595 Rubro.
2573 4537 2833 4594 Celeriter
2855 4537 3109 4592 interimit
3131 4544 3187 4591 et
3208 4544 3482 4605 peccatum
3511 4550 3735 4589 suorum
3755 4537 3777 4567 ²

2194 4642 2506 4703 realumque
2532 4632 2647 4701 ejus
2670 4646 2762 4700 per
2784 4631 3132 4698 Baptismum.
3166 4628 3265 4695 Qui
3281 4628 3505 4681 traduxit
3528 4628 3776 4696 populum

2192 4743 2336 4779 suum
2358 4726 2409 4778 in
2439 4726 2650 4779 deserto.
2684 4723 2935 4777 Tradncit
2962 4731 3017 4778 et
3042 4736 3140 4776 nos
3180 4721 3233 4775 in
3268 4721 3425 4790 hujus
3463 4720 3645 4775 saeculi
3673 4720 3778 4775 ari-

2193 4818 2356 4873 ditate
2391 4827 2445 4872 et
2470 4818 2766 4882 sterilitate,
2797 4831 2863 4871 ne
2885 4816 2936 4869 in
2967 4831 3027 4870 ea
3055 4828 3354 4883 pereamus.
3401 4812 3502 4881 Qui
3531 4814 3778 4882 percussit

2192 4927 2331 4981 reges
2374 4925 2600 4979 magnos,
2647 4918 2694 4963 ct
2726 4908 2907 4962 occidit
2945 4923 3083 4977 reges
3117 4910 3290 4978 fortes.
3345 4905 3577 4959 Perculit
3615 4913 3778 4976 atque

2193 5003 2385 5059 occidit
2416 5002 2573 5056 etiam
2605 5017 2635 5055 a
2675 5001 2828 5055 nobis
2853 5000 3141 5054 diabolicas
3164 5008 3219 5053 et
3250 4998 3437 5052 noxias
3456 5006 3774 5067 potestates.

2196 5096 2331 5151 Seon
2352 5111 2517 5166 regem
2541 5093 2968 5147 Amorrhseorum.
2999 5089 3229 5144 Gertnen
3261 5088 3444 5143 inutile
3463 5087 3551 5142 vel
3571 5087 3776 5142 Tenta-

2196 5189 2391 5243 tionem
2427 5187 2685 5241 calentem
2711 5225 2725 5250 ,
2767 5182 2911 5254 quod
2946 5183 3322 5251 interpretatur
3358 5181 3534 5245 Seon;
3590 5194 3775 5250 regem

2194 5281 2628 5343 Amarieantium,
2652 5277 2792 5347 quod
2820 5277 3194 5346 interpretatur
3223 5273 3682 5329 Amorrhmorum.
3708 5271 3778 5327 Et

2197 5374 2274 5446 Og
2310 5390 2475 5445 regem
2509 5371 2699 5425 Busan.
2750 5369 3183 5432 Coacervanlem,
3225 5367 3366 5437 quod
3396 5366 3781 5434 interpretatur

2192 5467 2270 5536 Og
2295 5485 2309 5531 ;
2341 5476 2389 5520 et
2420 5478 2596 5535 regem
2624 5461 2979 5528 Confusionis,
3003 5460 3142 5531 quod
3166 5461 3539 5527 interpretatur
3568 5457 3775 5511 Busan:

2194 5559 2320 5631 quid
2349 5559 2489 5613 enim
2517 5565 2797 5612 eoacervat
2825 5554 3086 5621 diabolus,
3128 5554 3226 5607 nisi
3252 5548 3659 5607 confusionem?
3710 5546 3779 5601 Et

2260 5743 2275 5774 ι
2304 5748 2402 5789 am.
2430 5745 2482 5789 et
2513 5736 2681 5801 plures
2709 5741 2851 5796 Mssa,
2886 5740 2937 5785 ut
2958 5739 3163 5799 potestas
3198 5737 3318 5783 esset
3361 5728 3460 5780 diei
3498 5726 3663 5778 lucere
3703 5729 3778 5778 vel

2196 5812 2375 5915 ηοξιξίο
2397 5872 2500 5913 Mss.
2520 5870 2576 5912 At
2602 5859 2735 5921 add,
2752 5871 2909 5911 satum.
