  <div class='ocr_page' id='page_1' title='image "/cluster/home/n/w/nwhite01/storage/ocr_20150623/37/hvd.32044015471477/374.png"; bbox 0 0 4074 6472; ppageno 0'>
   <div class='ocr_carea' id='block_1_1' title="bbox 310 355 440 413">
    <p class='ocr_par' dir='ltr' id='par_1_1' title="bbox 310 355 440 413">
     <span class='ocr_line' id='line_1_1' title="bbox 310 355 440 413; baseline -0.023 0"><span class='ocrx_word' id='word_1_1' title='bbox 310 355 440 413; x_wconf 75' lang='grc'><strong>1761</strong></span> 
     </span>
    </p>
   </div>
   <div class='ocr_carea' id='block_1_2' title="bbox 309 462 1894 529">
    <p class='ocr_par' dir='ltr' id='par_1_2' title="bbox 309 462 1894 529">
     <span class='ocr_line' id='line_1_2' title="bbox 309 462 1894 529; baseline -0.003 -5"><span class='ocrx_word' id='word_1_2' title='bbox 309 470 445 525; x_wconf 84' lang='lat' dir='ltr'><strong>aedit</strong></span> <span class='ocrx_word' id='word_1_3' title='bbox 488 477 670 522; x_wconf 80' lang='lat' dir='ltr'><strong>terram</strong></span> <span class='ocrx_word' id='word_1_4' title='bbox 715 481 885 519; x_wconf 79' lang='lat' dir='ltr'><strong>eorum</strong></span> <span class='ocrx_word' id='word_1_5' title='bbox 922 463 1293 529; x_wconf 61' lang='lat' dir='ltr'><strong>hereditatem,</strong></span> <span class='ocrx_word' id='word_1_6' title='bbox 1345 465 1688 519; x_wconf 79' lang='lat' dir='ltr'><strong>hrereditatem</strong></span> <span class='ocrx_word' id='word_1_7' title='bbox 1727 462 1894 519; x_wconf 85' lang='lat' dir='ltr'><strong>Israel</strong></span> 
     </span>
    </p>
   </div>
   <div class='ocr_carea' id='block_1_3' title="bbox 308 555 1896 627">
    <p class='ocr_par' dir='ltr' id='par_1_3' title="bbox 308 555 1896 627">
     <span class='ocr_line' id='line_1_3' title="bbox 308 555 1896 627; baseline -0.004 -10"><span class='ocrx_word' id='word_1_8' title='bbox 308 577 446 617; x_wconf 78' lang='lat' dir='ltr'><strong>seruo</strong></span> <span class='ocrx_word' id='word_1_9' title='bbox 474 576 582 614; x_wconf 86' lang='lat' dir='ltr'><strong>suo.</strong></span> <span class='ocrx_word' id='word_1_10' title='bbox 629 559 728 612; x_wconf 91' lang='lat' dir='ltr'><strong>Dat</strong></span> <span class='ocrx_word' id='word_1_11' title='bbox 751 558 915 612; x_wconf 88' lang='lat' dir='ltr'><strong>etiam</strong></span> <span class='ocrx_word' id='word_1_12' title='bbox 944 572 1076 627; x_wconf 88' lang='lat' dir='ltr'><strong>quos</strong></span> <span class='ocrx_word' id='word_1_13' title='bbox 1101 556 1344 612; x_wconf 86' lang='lat' dir='ltr'><strong>diabolus</strong></span> <span class='ocrx_word' id='word_1_14' title='bbox 1370 556 1693 627; x_wconf 75' lang='lat' dir='ltr'><strong>possidebat,</strong></span> <span class='ocrx_word' id='word_1_15' title='bbox 1723 555 1896 611; x_wconf 77' lang='lat' dir='ltr'><strong>haere-</strong></span> 
     </span>
    </p>
   </div>
   <div class='ocr_carea' id='block_1_4' title="bbox 309 648 1895 717">
    <p class='ocr_par' dir='ltr' id='par_1_4' title="bbox 309 648 1895 717">
     <span class='ocr_line' id='line_1_4' title="bbox 309 648 1895 717; baseline -0.004 -8"><span class='ocrx_word' id='word_1_16' title='bbox 309 655 523 709; x_wconf 89' lang='lat' dir='ltr'><strong>ditatcm</strong></span> <span class='ocrx_word' id='word_1_17' title='bbox 550 651 740 705; x_wconf 80' lang='lat' dir='ltr'><strong>semini</strong></span> <span class='ocrx_word' id='word_1_18' title='bbox 775 649 1021 716; x_wconf 74' lang='lat' dir='ltr'><strong>Abralne,</strong></span> <span class='ocrx_word' id='word_1_19' title='bbox 1064 649 1204 717; x_wconf 87' lang='lat' dir='ltr'><strong>quod</strong></span> <span class='ocrx_word' id='word_1_20' title='bbox 1241 658 1322 704; x_wconf 89' lang='lat' dir='ltr'><strong>est</strong></span> <span class='ocrx_word' id='word_1_21' title='bbox 1355 648 1622 704; x_wconf 76' lang='lat' dir='ltr'><strong>Christus.</strong></span> <span class='ocrx_word' id='word_1_22' title='bbox 1673 649 1803 714; x_wconf 82' lang='lat' dir='ltr'><strong>Quia</strong></span> <span class='ocrx_word' id='word_1_23' title='bbox 1841 649 1895 702; x_wconf 88' lang='lat' dir='ltr'><strong>in</strong></span> 
     </span>
    </p>
   </div>
   <div class='ocr_carea' id='block_1_5' title="bbox 309 741 1893 813">
    <p class='ocr_par' dir='ltr' id='par_1_5' title="bbox 309 741 1893 813">
     <span class='ocr_line' id='line_1_5' title="bbox 309 741 1893 813; baseline -0.006 -10"><span class='ocrx_word' id='word_1_24' title='bbox 309 747 586 803; x_wconf 73' lang='lat' dir='ltr'><strong>humilitate</strong></span> <span class='ocrx_word' id='word_1_25' title='bbox 612 753 783 798; x_wconf 85' lang='lat' dir='ltr'><strong>nostra</strong></span> <span class='ocrx_word' id='word_1_26' title='bbox 819 760 1007 796; x_wconf 89' lang='lat' dir='ltr'><strong>memor</strong></span> <span class='ocrx_word' id='word_1_27' title='bbox 1037 743 1131 813; x_wconf 78' lang='lat' dir='ltr'><strong>fuit</strong></span> <span class='ocrx_word' id='word_1_28' title='bbox 1161 742 1337 798; x_wconf 89' lang='lat' dir='ltr'><strong>nostri.</strong></span> <span class='ocrx_word' id='word_1_29' title='bbox 1367 742 1433 796; x_wconf 88' lang='lat' dir='ltr'><strong>Et</strong></span> <span class='ocrx_word' id='word_1_30' title='bbox 1463 743 1690 796; x_wconf 84' lang='lat' dir='ltr'><strong>redemit-</strong></span> <span class='ocrx_word' id='word_1_31' title='bbox 1705 758 1796 795; x_wconf 88' lang='lat' dir='ltr'><strong>nos</strong></span> <span class='ocrx_word' id='word_1_32' title='bbox 1831 741 1893 794; x_wconf 93' lang='lat' dir='ltr'><strong>ab</strong></span> 
     </span>
    </p>
   </div>
   <div class='ocr_carea' id='block_1_6' title="bbox 309 833 1892 905">
    <p class='ocr_par' dir='ltr' id='par_1_6' title="bbox 309 833 1892 905">
     <span class='ocr_line' id='line_1_6' title="bbox 309 833 1892 905; baseline -0.006 -11"><span class='ocrx_word' id='word_1_33' title='bbox 309 838 522 895; x_wconf 88' lang='lat' dir='ltr'><strong>inimicis</strong></span> <span class='ocrx_word' id='word_1_34' title='bbox 549 835 732 892; x_wconf 81' lang='lat' dir='ltr'><strong>nostris</strong></span> <span class='ocrx_word' id='word_1_35' title='bbox 755 852 772 889; x_wconf 89' lang='lat'><strong><em>:</em></strong></span> <span class='ocrx_word' id='word_1_36' title='bbox 801 835 1055 905; x_wconf 81' lang='lat' dir='ltr'><strong>sanguine</strong></span> <span class='ocrx_word' id='word_1_37' title='bbox 1074 833 1342 905; x_wconf 84' lang='lat' dir='ltr'><strong>Unigeniti</strong></span> <span class='ocrx_word' id='word_1_38' title='bbox 1360 835 1460 889; x_wconf 90' lang='lat' dir='ltr'><strong>sui.</strong></span> <span class='ocrx_word' id='word_1_39' title='bbox 1494 833 1592 899; x_wconf 85' lang='lat' dir='ltr'><strong>Qui</strong></span> <span class='ocrx_word' id='word_1_40' title='bbox 1616 833 1702 886; x_wconf 91' lang='lat' dir='ltr'><strong>dat</strong></span> <span class='ocrx_word' id='word_1_41' title='bbox 1727 849 1892 888; x_wconf 87' lang='lat' dir='ltr'><strong>escam</strong></span> 
     </span>
    </p>
   </div>
   <div class='ocr_carea' id='block_1_7' title="bbox 307 928 1894 998">
    <p class='ocr_par' dir='ltr' id='par_1_7' title="bbox 307 928 1894 998">
     <span class='ocr_line' id='line_1_7' title="bbox 307 928 1894 998; baseline -0.003 -11"><span class='ocrx_word' id='word_1_42' title='bbox 307 933 440 988; x_wconf 88' lang='lat' dir='ltr'><strong>onmi</strong></span> <span class='ocrx_word' id='word_1_43' title='bbox 460 931 636 996; x_wconf 85' lang='lat' dir='ltr'><strong>carui;</strong></span> <span class='ocrx_word' id='word_1_44' title='bbox 664 930 766 985; x_wconf 87' lang='lat' dir='ltr'><strong>hoc</strong></span> <span class='ocrx_word' id='word_1_45' title='bbox 791 937 893 994; x_wconf 89' lang='lat' dir='ltr'><strong>est,</strong></span> <span class='ocrx_word' id='word_1_46' title='bbox 927 930 1072 982; x_wconf 90' lang='lat' dir='ltr'><strong>omni</strong></span> <span class='ocrx_word' id='word_1_47' title='bbox 1105 928 1379 982; x_wconf 84' lang='lat' dir='ltr'><strong>hominum</strong></span> <span class='ocrx_word' id='word_1_48' title='bbox 1413 928 1614 998; x_wconf 72' lang='lat' dir='ltr'><strong>generi,</strong></span> <span class='ocrx_word' id='word_1_49' title='bbox 1649 943 1754 982; x_wconf 87' lang='lat' dir='ltr'><strong>non</strong></span> <span class='ocrx_word' id='word_1_50' title='bbox 1781 935 1894 982; x_wconf 82' lang='lat' dir='ltr'><strong>tan-</strong></span> 
     </span>
    </p>
   </div>
   <div class='ocr_carea' id='block_1_8' title="bbox 309 1019 1894 1092">
    <p class='ocr_par' dir='ltr' id='par_1_8' title="bbox 309 1019 1894 1092">
     <span class='ocr_line' id='line_1_8' title="bbox 309 1019 1894 1092; baseline -0.004 -12"><span class='ocrx_word' id='word_1_51' title='bbox 309 1037 414 1082; x_wconf 90' lang='lat' dir='ltr'><strong>tum</strong></span> <span class='ocrx_word' id='word_1_52' title='bbox 448 1025 825 1086; x_wconf 86' lang='lat' dir='ltr'><strong>lsraclitarum,</strong></span> <span class='ocrx_word' id='word_1_53' title='bbox 861 1021 954 1076; x_wconf 88' lang='lat' dir='ltr'><strong>sed</strong></span> <span class='ocrx_word' id='word_1_54' title='bbox 983 1031 1036 1076; x_wconf 88' lang='lat' dir='ltr'><strong>et</strong></span> <span class='ocrx_word' id='word_1_55' title='bbox 1061 1020 1308 1077; x_wconf 87' lang='lat' dir='ltr'><strong>Gentium</strong></span> <span class='ocrx_word' id='word_1_56' title='bbox 1345 1039 1358 1074; x_wconf 89' lang='lat'><strong>:</strong></span> <span class='ocrx_word' id='word_1_57' title='bbox 1391 1021 1457 1075; x_wconf 89' lang='lat' dir='ltr'><strong>de</strong></span> <span class='ocrx_word' id='word_1_58' title='bbox 1486 1036 1587 1092; x_wconf 91' lang='lat' dir='ltr'><strong>qua</strong></span> <span class='ocrx_word' id='word_1_59' title='bbox 1617 1036 1737 1076; x_wconf 89' lang='lat' dir='ltr'><strong>esca</strong></span> <span class='ocrx_word' id='word_1_60' title='bbox 1763 1019 1894 1075; x_wconf 90' lang='lat' dir='ltr'><strong>diei-</strong></span> 
     </span>
    </p>
   </div>
   <div class='ocr_carea' id='block_1_9' title="bbox 309 1110 1893 1185">
    <p class='ocr_par' dir='ltr' id='par_1_9' title="bbox 309 1110 1893 1185">
     <span class='ocr_line' id='line_1_9' title="bbox 309 1110 1893 1185; baseline -0.004 -12"><span class='ocrx_word' id='word_1_61' title='bbox 309 1127 411 1180; x_wconf 91' lang='lat' dir='ltr'><strong>tur,</strong></span> <span class='ocrx_word' id='word_1_62' title='bbox 435 1115 566 1171; x_wconf 85' lang='lat' dir='ltr'><strong>Caro</strong></span> <span class='ocrx_word' id='word_1_63' title='bbox 595 1133 705 1169; x_wconf 88' lang='lat' dir='ltr'><strong>mea</strong></span> <span class='ocrx_word' id='word_1_64' title='bbox 735 1131 845 1168; x_wconf 82' lang='lat' dir='ltr'><strong>vere</strong></span> <span class='ocrx_word' id='word_1_65' title='bbox 874 1124 946 1168; x_wconf 88' lang='lat' dir='ltr'><strong>est</strong></span> <span class='ocrx_word' id='word_1_66' title='bbox 972 1130 1086 1168; x_wconf 85' lang='lat' dir='ltr'><strong>esca</strong></span> <span class='ocrx_word' id='word_1_67' title='bbox 1116 1110 1294 1184; x_wconf 87' lang='lat' dir='ltr'><strong>(Joan.</strong></span> <span class='ocrx_word' id='word_1_68' title='bbox 1325 1130 1400 1175; x_wconf 85' lang='lat' dir='ltr'><strong>Vl,</strong></span> <span class='ocrx_word' id='word_1_69' title='bbox 1429 1113 1544 1185; x_wconf 78' lang='lat'><strong>56).</strong></span> <span class='ocrx_word' id='word_1_70' title='bbox 1572 1111 1893 1182; x_wconf 86' lang='lat' dir='ltr'><strong>Con/itemini</strong></span> 
     </span>
    </p>
   </div>
   <div class='ocr_carea' id='block_1_10' title="bbox 308 1207 1896 1278">
    <p class='ocr_par' dir='ltr' id='par_1_10' title="bbox 308 1207 1896 1278">
     <span class='ocr_line' id='line_1_10' title="bbox 308 1207 1896 1278; baseline -0.002 -15"><span class='ocrx_word' id='word_1_71' title='bbox 308 1209 411 1263; x_wconf 88' lang='lat' dir='ltr'><strong>Deo</strong></span> <span class='ocrx_word' id='word_1_72' title='bbox 436 1208 568 1272; x_wconf 70' lang='lat' dir='ltr'><strong>caeli,</strong></span> <span class='ocrx_word' id='word_1_73' title='bbox 601 1208 839 1278; x_wconf 89' lang='lat' dir='ltr'><strong>quoniam</strong></span> <span class='ocrx_word' id='word_1_74' title='bbox 865 1207 917 1260; x_wconf 86' lang='lat' dir='ltr'><strong>in</strong></span> <span class='ocrx_word' id='word_1_75' title='bbox 937 1217 1176 1261; x_wconf 76' lang='lat' dir='ltr'><strong>teternum</strong></span> <span class='ocrx_word' id='word_1_76' title='bbox 1204 1207 1544 1261; x_wconf 75' lang='lat' dir='ltr'><strong>misericordia</strong></span> <span class='ocrx_word' id='word_1_77' title='bbox 1570 1208 1696 1278; x_wconf 89' lang='lat' dir='ltr'><strong>ejus.</strong></span> <span class='ocrx_word' id='word_1_78' title='bbox 1723 1207 1896 1276; x_wconf 71' lang='lat' dir='ltr'><strong>(Ion/i-</strong></span> 
     </span>
    </p>
   </div>
   <div class='ocr_carea' id='block_1_11' title="bbox 306 1300 1892 1372">
    <p class='ocr_par' dir='ltr' id='par_1_11' title="bbox 306 1300 1892 1372">
     <span class='ocr_line' id='line_1_11' title="bbox 306 1300 1892 1372; baseline 0 -18"><span class='ocrx_word' id='word_1_79' title='bbox 306 1303 474 1357; x_wconf 85' lang='lat' dir='ltr'><strong>temini</strong></span> <span class='ocrx_word' id='word_1_80' title='bbox 505 1301 720 1356; x_wconf 84' lang='lat' dir='ltr'><strong>Domino</strong></span> <span class='ocrx_word' id='word_1_81' title='bbox 761 1302 1095 1362; x_wconf 85' lang='lat' dir='ltr'><strong>dominorum,</strong></span> <span class='ocrx_word' id='word_1_82' title='bbox 1123 1301 1359 1372; x_wconf 88' lang='lat' dir='ltr'><strong>quoniam</strong></span> <span class='ocrx_word' id='word_1_83' title='bbox 1395 1300 1446 1353; x_wconf 87' lang='lat' dir='ltr'><strong>in</strong></span> <span class='ocrx_word' id='word_1_84' title='bbox 1472 1311 1712 1354; x_wconf 76' lang='lat' dir='ltr'><strong>wteruum</strong></span> <span class='ocrx_word' id='word_1_85' title='bbox 1740 1300 1892 1354; x_wconf 85' lang='lat' dir='ltr'><strong>mise-</strong></span> 
     </span>
    </p>
   </div>
   <div class='ocr_carea' id='block_1_12' title="bbox 307 1392 1894 1462">
    <p class='ocr_par' dir='ltr' id='par_1_12' title="bbox 307 1392 1894 1462">
     <span class='ocr_line' id='line_1_12' title="bbox 307 1392 1894 1462; baseline -0.001 -14"><span class='ocrx_word' id='word_1_86' title='bbox 307 1394 524 1449; x_wconf 78' lang='lat' dir='ltr'><strong>ricordia</strong></span> <span class='ocrx_word' id='word_1_87' title='bbox 570 1396 697 1462; x_wconf 83' lang='lat' dir='ltr'><strong>ejus.</strong></span> <span class='ocrx_word' id='word_1_88' title='bbox 755 1394 904 1462; x_wconf 86' lang='lat' dir='ltr'><strong>Quod</strong></span> <span class='ocrx_word' id='word_1_89' title='bbox 953 1394 1037 1448; x_wconf 90' lang='lat' dir='ltr'><strong>hic</strong></span> <span class='ocrx_word' id='word_1_90' title='bbox 1083 1394 1176 1456; x_wconf 88' lang='lat' dir='ltr'><strong>ait,</strong></span> <span class='ocrx_word' id='word_1_91' title='bbox 1224 1392 1332 1446; x_wconf 88' lang='lat' dir='ltr'><strong>Deo</strong></span> <span class='ocrx_word' id='word_1_92' title='bbox 1371 1393 1504 1457; x_wconf 64' lang='lat' dir='ltr'><strong>caeli,</strong></span> <span class='ocrx_word' id='word_1_93' title='bbox 1541 1392 1703 1447; x_wconf 91' lang='lat' dir='ltr'><strong>credo</strong></span> <span class='ocrx_word' id='word_1_94' title='bbox 1739 1392 1894 1446; x_wconf 95' lang='lat' dir='ltr'><strong>aliter</strong></span> 
     </span>
    </p>
   </div>
   <div class='ocr_carea' id='block_1_13' title="bbox 306 1478 1893 1556">
    <p class='ocr_par' dir='ltr' id='par_1_13' title="bbox 306 1478 1893 1556">
     <span class='ocr_line' id='line_1_13' title="bbox 306 1478 1893 1556; baseline -0.003 -13"><span class='ocrx_word' id='word_1_95' title='bbox 306 1487 480 1543; x_wconf 78' lang='lat' dir='ltr'><strong>dicere</strong></span> <span class='ocrx_word' id='word_1_96' title='bbox 514 1478 680 1541; x_wconf 84' lang='lat' dir='ltr'><strong>voluit</strong></span> <span class='ocrx_word' id='word_1_97' title='bbox 718 1486 857 1556; x_wconf 87' lang='lat' dir='ltr'><strong>quod</strong></span> <span class='ocrx_word' id='word_1_98' title='bbox 897 1501 1054 1554; x_wconf 84' lang='lat' dir='ltr'><strong>supra</strong></span> <span class='ocrx_word' id='word_1_99' title='bbox 1093 1485 1203 1554; x_wconf 82' lang='lat' dir='ltr'><strong>jam</strong></span> <span class='ocrx_word' id='word_1_100' title='bbox 1232 1485 1460 1550; x_wconf 76' lang='lat' dir='ltr'><strong>dixerat,</strong></span> <span class='ocrx_word' id='word_1_101' title='bbox 1506 1484 1614 1538; x_wconf 90' lang='lat' dir='ltr'><strong>Deo</strong></span> <span class='ocrx_word' id='word_1_102' title='bbox 1641 1485 1848 1538; x_wconf 83' lang='lat' dir='ltr'><strong>deorum</strong></span> <span class='ocrx_word' id='word_1_103' title='bbox 1873 1499 1893 1539; x_wconf 90' lang='lat'><strong><em>:</em></strong></span> 
     </span>
    </p>
   </div>
   <div class='ocr_carea' id='block_1_14' title="bbox 307 1576 1890 1648">
    <p class='ocr_par' dir='ltr' id='par_1_14' title="bbox 307 1576 1890 1648">
     <span class='ocr_line' id='line_1_14' title="bbox 307 1576 1890 1648; baseline -0.001 -16"><span class='ocrx_word' id='word_1_104' title='bbox 307 1594 422 1633; x_wconf 90' lang='lat' dir='ltr'><strong>nam</strong></span> <span class='ocrx_word' id='word_1_105' title='bbox 455 1578 595 1645; x_wconf 78' lang='lat' dir='ltr'><strong>quod</strong></span> <span class='ocrx_word' id='word_1_106' title='bbox 629 1579 698 1631; x_wconf 89' lang='lat' dir='ltr'><strong>ibi</strong></span> <span class='ocrx_word' id='word_1_107' title='bbox 727 1577 918 1632; x_wconf 79' lang='lat' dir='ltr'><strong>deinde</strong></span> <span class='ocrx_word' id='word_1_108' title='bbox 947 1577 1236 1646; x_wconf 77' lang='lat' dir='ltr'><strong>subjunxit,</strong></span> <span class='ocrx_word' id='word_1_109' title='bbox 1273 1577 1372 1632; x_wconf 89' lang='lat' dir='ltr'><strong>hoc</strong></span> <span class='ocrx_word' id='word_1_110' title='bbox 1396 1576 1555 1630; x_wconf 90' lang='lat' dir='ltr'><strong>etiam</strong></span> <span class='ocrx_word' id='word_1_111' title='bbox 1587 1576 1670 1629; x_wconf 88' lang='lat' dir='ltr'><strong>hic</strong></span> <span class='ocrx_word' id='word_1_112' title='bbox 1694 1577 1890 1648; x_wconf 85' lang='lat' dir='ltr'><strong>repeti-</strong></span> 
     </span>
    </p>
   </div>
   <div class='ocr_carea' id='block_1_15' title="bbox 305 1667 1894 1739">
    <p class='ocr_par' dir='ltr' id='par_1_15' title="bbox 305 1667 1894 1739">
     <span class='ocr_line' id='line_1_15' title="bbox 305 1667 1894 1739; baseline -0.002 -15"><span class='ocrx_word' id='word_1_113' title='bbox 305 1673 395 1735; x_wconf 87' lang='lat' dir='ltr'><strong>vit,</strong></span> <span class='ocrx_word' id='word_1_114' title='bbox 439 1667 763 1739; x_wconf 80' lang='lat' dir='ltr'><strong>Cou/itemini</strong></span> <span class='ocrx_word' id='word_1_115' title='bbox 795 1670 1009 1723; x_wconf 84' lang='lat' dir='ltr'><strong>Domino</strong></span> <span class='ocrx_word' id='word_1_116' title='bbox 1039 1670 1380 1724; x_wconf 84' lang='lat' dir='ltr'><strong>dominorum.</strong></span> <span class='ocrx_word' id='word_1_117' title='bbox 1411 1669 1514 1724; x_wconf 88' lang='lat' dir='ltr'><strong>Sed</strong></span> <span class='ocrx_word' id='word_1_118' title='bbox 1547 1671 1634 1722; x_wconf 89' lang='lat' dir='ltr'><strong>etsi</strong></span> <span class='ocrx_word' id='word_1_119' title='bbox 1664 1679 1778 1722; x_wconf 90' lang='lat' dir='ltr'><strong>sunt</strong></span> <span class='ocrx_word' id='word_1_120' title='bbox 1807 1669 1894 1739; x_wconf 88' lang='lat' dir='ltr'><strong>qui</strong></span> 
     </span>
    </p>
   </div>
   <div class='ocr_carea' id='block_1_16' title="bbox 305 1746 1891 1836">
    <p class='ocr_par' dir='ltr' id='par_1_16' title="bbox 305 1763 1891 1836">
     <span class='ocr_line' id='line_1_16' title="bbox 305 1763 1891 1836; baseline -0.002 -17"><span class='ocrx_word' id='word_1_121' title='bbox 305 1766 540 1819; x_wconf 85' lang='lat' dir='ltr'><strong>dicuntur</strong></span> <span class='ocrx_word' id='word_1_122' title='bbox 565 1765 654 1827; x_wconf 82' lang='lat' dir='ltr'><strong>dii,</strong></span> <span class='ocrx_word' id='word_1_123' title='bbox 679 1767 780 1819; x_wconf 79' lang='lat' dir='ltr'><strong>sive</strong></span> <span class='ocrx_word' id='word_1_124' title='bbox 806 1766 858 1818; x_wconf 89' lang='lat' dir='ltr'><strong>in</strong></span> <span class='ocrx_word' id='word_1_125' title='bbox 889 1766 1031 1830; x_wconf 74' lang='lat' dir='ltr'><strong>cwlo,</strong></span> <span class='ocrx_word' id='word_1_126' title='bbox 1073 1765 1174 1818; x_wconf 78' lang='lat' dir='ltr'><strong>sive</strong></span> <span class='ocrx_word' id='word_1_127' title='bbox 1196 1765 1246 1817; x_wconf 90' lang='lat' dir='ltr'><strong>in</strong></span> <span class='ocrx_word' id='word_1_128' title='bbox 1271 1775 1403 1817; x_wconf 71' lang='lat' dir='ltr'><strong>terra</strong></span> <span class='ocrx_word' id='word_1_129' title='bbox 1425 1779 1444 1827; x_wconf 90' lang='lat'><strong>;</strong></span> <span class='ocrx_word' id='word_1_130' title='bbox 1470 1763 1891 1836; x_wconf 84' lang='lat' dir='ltr'><strong>quemadmodum</strong></span> 
     </span>
    </p>
   </div>
   <div class='ocr_carea' id='block_1_17' title="bbox 302 1855 1886 1922">
    <p class='ocr_par' dir='ltr' id='par_1_17' title="bbox 302 1855 1886 1922">
     <span class='ocr_line' id='line_1_17' title="bbox 302 1855 1886 1922; baseline 0 -12"><span class='ocrx_word' id='word_1_131' title='bbox 302 1867 414 1911; x_wconf 89' lang='lat' dir='ltr'><strong>sunt</strong></span> <span class='ocrx_word' id='word_1_132' title='bbox 444 1856 519 1909; x_wconf 83' lang='lat' dir='ltr'><strong>dii</strong></span> <span class='ocrx_word' id='word_1_133' title='bbox 545 1857 690 1910; x_wconf 80' lang='lat' dir='ltr'><strong>mulli</strong></span> <span class='ocrx_word' id='word_1_134' title='bbox 710 1867 755 1910; x_wconf 88' lang='lat' dir='ltr'><strong>et</strong></span> <span class='ocrx_word' id='word_1_135' title='bbox 782 1857 972 1910; x_wconf 85' lang='lat' dir='ltr'><strong>domini</strong></span> <span class='ocrx_word' id='word_1_136' title='bbox 997 1857 1173 1920; x_wconf 88' lang='lat' dir='ltr'><strong>multi;</strong></span> <span class='ocrx_word' id='word_1_137' title='bbox 1201 1856 1288 1910; x_wconf 89' lang='lat' dir='ltr'><strong>sed</strong></span> <span class='ocrx_word' id='word_1_138' title='bbox 1315 1856 1455 1910; x_wconf 86' lang='lat' dir='ltr'><strong>nobis</strong></span> <span class='ocrx_word' id='word_1_139' title='bbox 1478 1873 1606 1910; x_wconf 87' lang='lat' dir='ltr'><strong>unus</strong></span> <span class='ocrx_word' id='word_1_140' title='bbox 1631 1865 1703 1910; x_wconf 87' lang='lat' dir='ltr'><strong>est</strong></span> <span class='ocrx_word' id='word_1_141' title='bbox 1732 1855 1886 1922; x_wconf 88' lang='lat' dir='ltr'><strong>Deus,</strong></span> 
     </span>
    </p>
   </div>
   <div class='ocr_carea' id='block_1_18' title="bbox 303 1948 1892 2020">
    <p class='ocr_par' dir='ltr' id='par_1_18' title="bbox 303 1948 1892 2020">
     <span class='ocr_line' id='line_1_18' title="bbox 303 1948 1892 2020; baseline -0.001 -15"><span class='ocrx_word' id='word_1_142' title='bbox 303 1949 478 2014; x_wconf 82' lang='lat' dir='ltr'><strong>Pater,</strong></span> <span class='ocrx_word' id='word_1_143' title='bbox 505 1967 567 2005; x_wconf 70' lang='lat' dir='ltr'><strong>ea!</strong></span> <span class='ocrx_word' id='word_1_144' title='bbox 590 1967 687 2020; x_wconf 87' lang='lat' dir='ltr'><strong>quo</strong></span> <span class='ocrx_word' id='word_1_145' title='bbox 716 1950 905 2014; x_wconf 83' lang='lat' dir='ltr'><strong>omnia,</strong></span> <span class='ocrx_word' id='word_1_146' title='bbox 935 1959 980 2003; x_wconf 89' lang='lat' dir='ltr'><strong>et</strong></span> <span class='ocrx_word' id='word_1_147' title='bbox 1005 1967 1096 2003; x_wconf 85' lang='lat' dir='ltr'><strong>nos</strong></span> <span class='ocrx_word' id='word_1_148' title='bbox 1120 1951 1170 2003; x_wconf 90' lang='lat' dir='ltr'><strong>in</strong></span> <span class='ocrx_word' id='word_1_149' title='bbox 1193 1949 1378 2019; x_wconf 86' lang='lat' dir='ltr'><strong>ipsum,</strong></span> <span class='ocrx_word' id='word_1_150' title='bbox 1415 1959 1460 2003; x_wconf 90' lang='lat' dir='ltr'><strong>et</strong></span> <span class='ocrx_word' id='word_1_151' title='bbox 1487 1966 1615 2003; x_wconf 92' lang='lat' dir='ltr'><strong>unus</strong></span> <span class='ocrx_word' id='word_1_152' title='bbox 1643 1948 1892 2003; x_wconf 79' lang='lat' dir='ltr'><strong>Dominus</strong></span> 
     </span>
    </p>
   </div>
   <div class='ocr_carea' id='block_1_19' title="bbox 299 2039 1891 2112">
    <p class='ocr_par' dir='ltr' id='par_1_19' title="bbox 299 2039 1891 2112">
     <span class='ocr_line' id='line_1_19' title="bbox 299 2039 1891 2112; baseline -0.003 -16"><span class='ocrx_word' id='word_1_153' title='bbox 299 2041 448 2096; x_wconf 82' lang='lat' dir='ltr'><strong>Jesus</strong></span> <span class='ocrx_word' id='word_1_154' title='bbox 495 2039 746 2103; x_wconf 84' lang='lat' dir='ltr'><strong>Christus,</strong></span> <span class='ocrx_word' id='word_1_155' title='bbox 795 2057 885 2112; x_wconf 81' lang='lat' dir='ltr'><strong>per</strong></span> <span class='ocrx_word' id='word_1_156' title='bbox 931 2058 1075 2112; x_wconf 89' lang='lat' dir='ltr'><strong>quem</strong></span> <span class='ocrx_word' id='word_1_157' title='bbox 1129 2043 1315 2105; x_wconf 84' lang='lat' dir='ltr'><strong>omnia,</strong></span> <span class='ocrx_word' id='word_1_158' title='bbox 1365 2051 1409 2095; x_wconf 87' lang='lat' dir='ltr'><strong>et</strong></span> <span class='ocrx_word' id='word_1_159' title='bbox 1451 2058 1542 2095; x_wconf 89' lang='lat' dir='ltr'><strong>nos</strong></span> <span class='ocrx_word' id='word_1_160' title='bbox 1597 2057 1684 2110; x_wconf 80' lang='lat' dir='ltr'><strong>per</strong></span> <span class='ocrx_word' id='word_1_161' title='bbox 1725 2041 1891 2108; x_wconf 85' lang='lat' dir='ltr'><strong>ipsum</strong></span> 
     </span>
    </p>
   </div>
   <div class='ocr_carea' id='block_1_20' title="bbox 301 2131 1892 2206">
    <p class='ocr_par' dir='ltr' id='par_1_20' title="bbox 301 2131 1892 2206">
     <span class='ocr_line' id='line_1_20' title="bbox 301 2131 1892 2206; baseline -0.003 -16"><span class='ocrx_word' id='word_1_162' title='bbox 301 2136 342 2205; x_wconf 91' lang='lat' dir='ltr'><strong>(l</strong></span> <span class='ocrx_word' id='word_1_163' title='bbox 369 2135 485 2188; x_wconf 84' lang='lat' dir='ltr'><strong>Cor.</strong></span> <span class='ocrx_word' id='word_1_164' title='bbox 503 2151 617 2199; x_wconf 79' lang='lat' dir='ltr'><strong>vni,</strong></span> <span class='ocrx_word' id='word_1_165' title='bbox 641 2135 734 2189; x_wconf 74' lang='lat' dir='ltr'><strong>Set</strong></span> <span class='ocrx_word' id='word_1_166' title='bbox 751 2131 804 2206; x_wconf 84' lang='lat'><strong>6)</strong></span> <span class='ocrx_word' id='word_1_167' title='bbox 829 2151 843 2200; x_wconf 93' lang='lat'><strong>;</strong></span> <span class='ocrx_word' id='word_1_168' title='bbox 867 2136 949 2189; x_wconf 90' lang='lat' dir='ltr'><strong>cui</strong></span> <span class='ocrx_word' id='word_1_169' title='bbox 967 2133 1299 2198; x_wconf 84' lang='lat' dir='ltr'><strong>conﬁtemur,</strong></span> <span class='ocrx_word' id='word_1_170' title='bbox 1321 2134 1558 2200; x_wconf 83' lang='lat' dir='ltr'><strong>quoniam</strong></span> <span class='ocrx_word' id='word_1_171' title='bbox 1577 2133 1628 2187; x_wconf 90' lang='lat' dir='ltr'><strong>in</strong></span> <span class='ocrx_word' id='word_1_172' title='bbox 1651 2141 1892 2187; x_wconf 78' lang='lat' dir='ltr'><strong>wtemum</strong></span> 
     </span>
    </p>
   </div>
   <div class='ocr_carea' id='block_1_21' title="bbox 300 2231 790 2301">
    <p class='ocr_par' dir='ltr' id='par_1_21' title="bbox 300 2231 790 2301">
     <span class='ocr_line' id='line_1_21' title="bbox 300 2231 790 2301; baseline 0 -17"><span class='ocrx_word' id='word_1_173' title='bbox 300 2231 640 2286; x_wconf 77' lang='lat' dir='ltr'><strong>misericordia</strong></span> <span class='ocrx_word' id='word_1_174' title='bbox 663 2232 790 2301; x_wconf 83' lang='lat' dir='ltr'><strong>ejus.</strong></span> 
     </span>
    </p>
   </div>
   <div class='ocr_carea' id='block_1_22' title="bbox 301 2344 606 2357">
    <p class='ocr_par' dir='ltr' id='par_1_22' title="bbox 301 2344 606 2357">
     <span class='ocr_line' id='line_1_22' title="bbox 301 2344 606 2357; baseline -0.003 0"><span class='ocrx_word' id='word_1_175' title='bbox 301 2344 606 2357; x_wconf 35' lang='grc' dir='ltr'><strong>ἢ*</strong></span> 
     </span>
    </p>
   </div>
   <div class='ocr_carea' id='block_1_23' title="bbox 899 2496 1316 2553">
    <p class='ocr_par' dir='ltr' id='par_1_23' title="bbox 899 2496 1316 2553">
     <span class='ocr_line' id='line_1_23' title="bbox 899 2496 1316 2553; baseline -0.005 0"><span class='ocrx_word' id='word_1_176' title='bbox 899 2496 1316 2553; x_wconf 73' lang='lat' dir='ltr'><strong>ENARRATIO.</strong></span> 
     </span>
    </p>
   </div>
   <div class='ocr_carea' id='block_1_24' title="bbox 859 2606 1380 2645">
    <p class='ocr_par' dir='ltr' id='par_1_24' title="bbox 859 2606 1380 2645">
     <span class='ocr_line' id='line_1_24' title="bbox 859 2606 1380 2645; baseline -0.006 0"><span class='ocrx_word' id='word_1_177' title='bbox 859 2606 1031 2645; x_wconf 67' lang='lat' dir='ltr'><strong>SERHO</strong></span> <span class='ocrx_word' id='word_1_178' title='bbox 1062 2606 1128 2644; x_wconf 80' lang='lat' dir='ltr'><strong>AD</strong></span> <span class='ocrx_word' id='word_1_179' title='bbox 1156 2606 1380 2645; x_wconf 75' lang='lat' dir='ltr'><strong>PLEBEM.</strong></span> 
     </span>
    </p>
   </div>
   <div class='ocr_carea' id='block_1_25' title="bbox 375 2681 1885 2759">
    <p class='ocr_par' dir='ltr' id='par_1_25' title="bbox 375 2681 1885 2759">
     <span class='ocr_line' id='line_1_25' title="bbox 375 2681 1885 2759; baseline -0.006 -19"><span class='ocrx_word' id='word_1_180' title='bbox 375 2687 428 2740; x_wconf 80' lang='lat' dir='ltr'><strong>l.</strong></span> <span class='ocrx_word' id='word_1_181' title='bbox 453 2684 603 2759; x_wconf 84' lang='lat' dir='ltr'><strong>[vers.</strong></span> <span class='ocrx_word' id='word_1_182' title='bbox 631 2683 708 2758; x_wconf 75' lang='grc'><strong>1.]</strong></span> <span class='ocrx_word' id='word_1_183' title='bbox 731 2684 933 2740; x_wconf 89' lang='lat' dir='ltr'><strong>Oblitos</strong></span> <span class='ocrx_word' id='word_1_184' title='bbox 953 2698 1048 2738; x_wconf 90' lang='lat' dir='ltr'><strong>vos</strong></span> <span class='ocrx_word' id='word_1_185' title='bbox 1068 2697 1186 2738; x_wconf 91' lang='lat' dir='ltr'><strong>esse</strong></span> <span class='ocrx_word' id='word_1_186' title='bbox 1212 2698 1316 2736; x_wconf 91' lang='lat' dir='ltr'><strong>non</strong></span> <span class='ocrx_word' id='word_1_187' title='bbox 1340 2681 1588 2747; x_wconf 84' lang='lat' dir='ltr'><strong>arbitror,</strong></span> <span class='ocrx_word' id='word_1_188' title='bbox 1607 2694 1885 2735; x_wconf 87' lang='lat' dir='ltr'><strong>commen-</strong></span> 
     </span>
    </p>
   </div>
   <div class='ocr_carea' id='block_1_26' title="bbox 299 2769 1888 2842">
    <p class='ocr_par' dir='ltr' id='par_1_26' title="bbox 299 2769 1888 2842">
     <span class='ocr_line' id='line_1_26' title="bbox 299 2769 1888 2842; baseline -0.007 -8"><span class='ocrx_word' id='word_1_189' title='bbox 299 2779 458 2835; x_wconf 86' lang='lat' dir='ltr'><strong>dasse</strong></span> <span class='ocrx_word' id='word_1_190' title='bbox 513 2794 609 2833; x_wconf 92' lang='lat' dir='ltr'><strong>nos</strong></span> <span class='ocrx_word' id='word_1_191' title='bbox 662 2777 831 2842; x_wconf 84' lang='lat' dir='ltr'><strong>vobis,</strong></span> <span class='ocrx_word' id='word_1_192' title='bbox 897 2776 1005 2830; x_wconf 88' lang='lat' dir='ltr'><strong>imo</strong></span> <span class='ocrx_word' id='word_1_193' title='bbox 1047 2789 1500 2829; x_wconf 86' lang='lat' dir='ltr'><strong>commemorasse</strong></span> <span class='ocrx_word' id='word_1_194' title='bbox 1551 2772 1702 2838; x_wconf 71' lang='lat' dir='ltr'><strong>vos‘,</strong></span> <span class='ocrx_word' id='word_1_195' title='bbox 1747 2769 1888 2841; x_wconf 88' lang='lat' dir='ltr'><strong>quod</strong></span> 
     </span>
    </p>
   </div>
   <div class='ocr_carea' id='block_1_27' title="bbox 299 2863 1890 2927">
    <p class='ocr_par' dir='ltr' id='par_1_27' title="bbox 299 2863 1890 2927">
     <span class='ocr_line' id='line_1_27' title="bbox 299 2863 1890 2927; baseline -0.004 0"><span class='ocrx_word' id='word_1_196' title='bbox 299 2871 475 2927; x_wconf 91' lang='lat' dir='ltr'><strong>omnis</strong></span> <span class='ocrx_word' id='word_1_197' title='bbox 514 2870 749 2926; x_wconf 89' lang='lat' dir='ltr'><strong>eruditus</strong></span> <span class='ocrx_word' id='word_1_198' title='bbox 779 2871 831 2924; x_wconf 93' lang='lat' dir='ltr'><strong>in</strong></span> <span class='ocrx_word' id='word_1_199' title='bbox 860 2880 1039 2925; x_wconf 88' lang='lat' dir='ltr'><strong>saneta</strong></span> <span class='ocrx_word' id='word_1_200' title='bbox 1083 2863 1318 2923; x_wconf 80' lang='lat' dir='ltr'><strong>Ecclesia</strong></span> <span class='ocrx_word' id='word_1_201' title='bbox 1365 2883 1524 2923; x_wconf 90' lang='lat' dir='ltr'><strong>nosse</strong></span> <span class='ocrx_word' id='word_1_202' title='bbox 1559 2866 1717 2922; x_wconf 84' lang='lat' dir='ltr'><strong>debet</strong></span> <span class='ocrx_word' id='word_1_203' title='bbox 1747 2864 1890 2920; x_wconf 88' lang='lat' dir='ltr'><strong>unde</strong></span> 
     </span>
    </p>
   </div>
   <div class='ocr_carea' id='block_1_28' title="bbox 297 2959 1888 3035">
    <p class='ocr_par' dir='ltr' id='par_1_28' title="bbox 297 2959 1888 3035">
     <span class='ocr_line' id='line_1_28' title="bbox 297 2959 1888 3035; baseline -0.005 -13"><span class='ocrx_word' id='word_1_204' title='bbox 297 2966 443 3022; x_wconf 81' lang='lat' dir='ltr'><strong>cives</strong></span> <span class='ocrx_word' id='word_1_205' title='bbox 470 2967 659 3035; x_wconf 89' lang='lat' dir='ltr'><strong>simus,</strong></span> <span class='ocrx_word' id='word_1_206' title='bbox 695 2974 749 3021; x_wconf 87' lang='lat' dir='ltr'><strong>et</strong></span> <span class='ocrx_word' id='word_1_207' title='bbox 776 2964 864 3020; x_wconf 91' lang='lat' dir='ltr'><strong>ubi</strong></span> <span class='ocrx_word' id='word_1_208' title='bbox 893 2963 1312 3034; x_wconf 86' lang='lat' dir='ltr'><strong>peregrinemur,</strong></span> <span class='ocrx_word' id='word_1_209' title='bbox 1350 2971 1402 3016; x_wconf 91' lang='lat' dir='ltr'><strong>et</strong></span> <span class='ocrx_word' id='word_1_210' title='bbox 1440 2959 1888 3032; x_wconf 81' lang='lat' dir='ltr'><strong>peregrinationis</strong></span> 
     </span>
    </p>
   </div>
   <div class='ocr_carea' id='block_1_29' title="bbox 297 3054 1889 3127">
    <p class='ocr_par' dir='ltr' id='par_1_29' title="bbox 297 3054 1889 3127">
     <span class='ocr_line' id='line_1_29' title="bbox 297 3054 1889 3127; baseline -0.006 -12"><span class='ocrx_word' id='word_1_211' title='bbox 297 3069 495 3117; x_wconf 72' lang='lat' dir='ltr'><strong>nostra:</strong></span> <span class='ocrx_word' id='word_1_212' title='bbox 523 3058 738 3116; x_wconf 86' lang='lat' dir='ltr'><strong>causam</strong></span> <span class='ocrx_word' id='word_1_213' title='bbox 759 3072 876 3114; x_wconf 87' lang='lat' dir='ltr'><strong>esse</strong></span> <span class='ocrx_word' id='word_1_214' title='bbox 903 3065 1197 3127; x_wconf 89' lang='lat' dir='ltr'><strong>peccatum,</strong></span> <span class='ocrx_word' id='word_1_215' title='bbox 1224 3054 1546 3110; x_wconf 84' lang='lat' dir='ltr'><strong>reversionis</strong></span> <span class='ocrx_word' id='word_1_216' title='bbox 1568 3063 1742 3108; x_wconf 90' lang='lat' dir='ltr'><strong>autem</strong></span> <span class='ocrx_word' id='word_1_217' title='bbox 1766 3068 1889 3107; x_wconf 91' lang='lat' dir='ltr'><strong>mu-</strong></span> 
     </span>
    </p>
   </div>
   <div class='ocr_carea' id='block_1_30' title="bbox 296 3147 1887 3222">
    <p class='ocr_par' dir='ltr' id='par_1_30' title="bbox 296 3147 1887 3222">
     <span class='ocr_line' id='line_1_30' title="bbox 296 3147 1887 3222; baseline -0.005 -14"><span class='ocrx_word' id='word_1_218' title='bbox 296 3169 396 3208; x_wconf 89' lang='lat' dir='ltr'><strong>nus</strong></span> <span class='ocrx_word' id='word_1_219' title='bbox 425 3153 794 3209; x_wconf 89' lang='lat' dir='ltr'><strong>remissionem</strong></span> <span class='ocrx_word' id='word_1_220' title='bbox 813 3160 1149 3222; x_wconf 90' lang='lat' dir='ltr'><strong>peccatorum</strong></span> <span class='ocrx_word' id='word_1_221' title='bbox 1171 3158 1227 3204; x_wconf 91' lang='lat' dir='ltr'><strong>et</strong></span> <span class='ocrx_word' id='word_1_222' title='bbox 1249 3147 1679 3218; x_wconf 88' lang='lat' dir='ltr'><strong>justiﬁcationem</strong></span> <span class='ocrx_word' id='word_1_223' title='bbox 1703 3147 1887 3217; x_wconf 81' lang='lat' dir='ltr'><strong>gratiae</strong></span> 
     </span>
    </p>
   </div>
   <div class='ocr_carea' id='block_1_31' title="bbox 297 3241 1890 3314">
    <p class='ocr_par' dir='ltr' id='par_1_31' title="bbox 297 3241 1890 3314">
     <span class='ocr_line' id='line_1_31' title="bbox 297 3241 1890 3314; baseline -0.003 -14"><span class='ocrx_word' id='word_1_224' title='bbox 297 3243 412 3302; x_wconf 84' lang='lat' dir='ltr'><strong>Dei.</strong></span> <span class='ocrx_word' id='word_1_225' title='bbox 443 3245 586 3300; x_wconf 91' lang='lat' dir='ltr'><strong>Duas</strong></span> <span class='ocrx_word' id='word_1_226' title='bbox 609 3246 850 3301; x_wconf 84' lang='lat' dir='ltr'><strong>civitates</strong></span> <span class='ocrx_word' id='word_1_227' title='bbox 878 3243 1167 3314; x_wconf 83' lang='lat' dir='ltr'><strong>permixtas</strong></span> <span class='ocrx_word' id='word_1_228' title='bbox 1193 3241 1292 3296; x_wconf 90' lang='lat' dir='ltr'><strong>sibi</strong></span> <span class='ocrx_word' id='word_1_229' title='bbox 1325 3241 1535 3295; x_wconf 91' lang='lat' dir='ltr'><strong>interim</strong></span> <span class='ocrx_word' id='word_1_230' title='bbox 1562 3255 1805 3309; x_wconf 88' lang='lat' dir='ltr'><strong>corpore,</strong></span> <span class='ocrx_word' id='word_1_231' title='bbox 1833 3248 1890 3295; x_wconf 83' lang='lat' dir='ltr'><strong>et</strong></span> 
     </span>
    </p>
   </div>
   <div class='ocr_carea' id='block_1_32' title="bbox 296 3331 1884 3408">
    <p class='ocr_par' dir='ltr' id='par_1_32' title="bbox 296 3331 1884 3408">
     <span class='ocr_line' id='line_1_32' title="bbox 296 3331 1884 3408; baseline -0.006 -14"><span class='ocrx_word' id='word_1_232' title='bbox 296 3337 459 3394; x_wconf 87' lang='lat' dir='ltr'><strong>corde</strong></span> <span class='ocrx_word' id='word_1_233' title='bbox 485 3347 779 3408; x_wconf 85' lang='lat' dir='ltr'><strong>separatas,</strong></span> <span class='ocrx_word' id='word_1_234' title='bbox 803 3351 1017 3392; x_wconf 85' lang='lat' dir='ltr'><strong>currere</strong></span> <span class='ocrx_word' id='word_1_235' title='bbox 1039 3349 1132 3404; x_wconf 89' lang='lat' dir='ltr'><strong>per</strong></span> <span class='ocrx_word' id='word_1_236' title='bbox 1149 3334 1245 3388; x_wconf 89' lang='lat' dir='ltr'><strong>ista</strong></span> <span class='ocrx_word' id='word_1_237' title='bbox 1276 3333 1544 3387; x_wconf 81' lang='lat' dir='ltr'><strong>volumina</strong></span> <span class='ocrx_word' id='word_1_238' title='bbox 1567 3331 1884 3387; x_wconf 84' lang='lat' dir='ltr'><strong>saeculorum</strong></span> 
     </span>
    </p>
   </div>
   <div class='ocr_carea' id='block_1_33' title="bbox 295 3423 1889 3500">
    <p class='ocr_par' dir='ltr' id='par_1_33' title="bbox 295 3423 1889 3500">
     <span class='ocr_line' id='line_1_33' title="bbox 295 3423 1889 3500; baseline -0.004 -15"><span class='ocrx_word' id='word_1_239' title='bbox 295 3444 462 3500; x_wconf 86' lang='lat' dir='ltr'><strong>usque</strong></span> <span class='ocrx_word' id='word_1_240' title='bbox 493 3430 545 3484; x_wconf 91' lang='lat' dir='ltr'><strong>in</strong></span> <span class='ocrx_word' id='word_1_241' title='bbox 577 3429 756 3491; x_wconf 91' lang='lat' dir='ltr'><strong>ﬁnem,</strong></span> <span class='ocrx_word' id='word_1_242' title='bbox 789 3428 1011 3483; x_wconf 75' lang='lat' dir='ltr'><strong>audistis</strong></span> <span class='ocrx_word' id='word_1_243' title='bbox 1036 3435 1090 3481; x_wconf 87' lang='lat' dir='ltr'><strong>et</strong></span> <span class='ocrx_word' id='word_1_244' title='bbox 1127 3426 1328 3492; x_wconf 92' lang='lat' dir='ltr'><strong>nostis;</strong></span> <span class='ocrx_word' id='word_1_245' title='bbox 1365 3440 1522 3480; x_wconf 90' lang='lat' dir='ltr'><strong>unam</strong></span> <span class='ocrx_word' id='word_1_246' title='bbox 1549 3424 1631 3479; x_wconf 91' lang='lat' dir='ltr'><strong>cui</strong></span> <span class='ocrx_word' id='word_1_247' title='bbox 1660 3423 1779 3478; x_wconf 83' lang='lat' dir='ltr'><strong>linis</strong></span> <span class='ocrx_word' id='word_1_248' title='bbox 1803 3431 1889 3479; x_wconf 89' lang='lat' dir='ltr'><strong>est</strong></span> 
     </span>
    </p>
   </div>
   <div class='ocr_carea' id='block_1_34' title="bbox 293 3515 1888 3592">
    <p class='ocr_par' dir='ltr' id='par_1_34' title="bbox 293 3515 1888 3592">
     <span class='ocr_line' id='line_1_34' title="bbox 293 3515 1888 3592; baseline -0.004 -16"><span class='ocrx_word' id='word_1_249' title='bbox 293 3535 394 3592; x_wconf 89' lang='lat' dir='ltr'><strong>pax</strong></span> <span class='ocrx_word' id='word_1_250' title='bbox 433 3530 656 3586; x_wconf 75' lang='lat' dir='ltr'><strong>aeterna,</strong></span> <span class='ocrx_word' id='word_1_251' title='bbox 701 3531 754 3575; x_wconf 88' lang='lat' dir='ltr'><strong>et</strong></span> <span class='ocrx_word' id='word_1_252' title='bbox 779 3528 998 3575; x_wconf 83' lang='lat' dir='ltr'><strong>vocatur</strong></span> <span class='ocrx_word' id='word_1_253' title='bbox 1022 3517 1356 3581; x_wconf 85' lang='lat' dir='ltr'><strong>Jerusalem;</strong></span> <span class='ocrx_word' id='word_1_254' title='bbox 1396 3515 1614 3570; x_wconf 89' lang='lat' dir='ltr'><strong>alteram</strong></span> <span class='ocrx_word' id='word_1_255' title='bbox 1643 3515 1727 3570; x_wconf 91' lang='lat' dir='ltr'><strong>cui</strong></span> <span class='ocrx_word' id='word_1_256' title='bbox 1758 3530 1888 3586; x_wconf 85' lang='lat' dir='ltr'><strong>gau-</strong></span> 
     </span>
    </p>
   </div>
   <div class='ocr_carea' id='block_1_35' title="bbox 295 3609 1886 3686">
    <p class='ocr_par' dir='ltr' id='par_1_35' title="bbox 295 3609 1886 3686">
     <span class='ocr_line' id='line_1_35' title="bbox 295 3609 1886 3686; baseline -0.004 -16"><span class='ocrx_word' id='word_1_257' title='bbox 295 3613 441 3670; x_wconf 88' lang='lat' dir='ltr'><strong>dium</strong></span> <span class='ocrx_word' id='word_1_258' title='bbox 487 3627 570 3671; x_wconf 91' lang='lat' dir='ltr'><strong>est</strong></span> <span class='ocrx_word' id='word_1_259' title='bbox 596 3631 697 3686; x_wconf 78' lang='lat' dir='ltr'><strong>pax</strong></span> <span class='ocrx_word' id='word_1_260' title='bbox 736 3613 1062 3685; x_wconf 90' lang='lat' dir='ltr'><strong>temporalis,</strong></span> <span class='ocrx_word' id='word_1_261' title='bbox 1104 3622 1158 3668; x_wconf 91' lang='lat' dir='ltr'><strong>et</strong></span> <span class='ocrx_word' id='word_1_262' title='bbox 1198 3620 1418 3667; x_wconf 88' lang='lat' dir='ltr'><strong>vocatur</strong></span> <span class='ocrx_word' id='word_1_263' title='bbox 1449 3610 1758 3683; x_wconf 88' lang='lat' dir='ltr'><strong>Babylonia.</strong></span> <span class='ocrx_word' id='word_1_264' title='bbox 1795 3609 1886 3665; x_wconf 88' lang='lat' dir='ltr'><strong>ln-</strong></span> 
     </span>
    </p>
   </div>
   <div class='ocr_carea' id='block_1_36' title="bbox 295 3703 1884 3779">
    <p class='ocr_par' dir='ltr' id='par_1_36' title="bbox 295 3703 1884 3779">
     <span class='ocr_line' id='line_1_36' title="bbox 295 3703 1884 3779; baseline -0.004 -16"><span class='ocrx_word' id='word_1_265' title='bbox 295 3711 706 3779; x_wconf 88' lang='lat' dir='ltr'><strong>terpretationcs</strong></span> <span class='ocrx_word' id='word_1_266' title='bbox 725 3710 882 3762; x_wconf 89' lang='lat' dir='ltr'><strong>etiam</strong></span> <span class='ocrx_word' id='word_1_267' title='bbox 912 3707 1208 3769; x_wconf 89' lang='lat' dir='ltr'><strong>nominum,</strong></span> <span class='ocrx_word' id='word_1_268' title='bbox 1237 3705 1280 3758; x_wconf 90' lang='lat' dir='ltr'><strong>si</strong></span> <span class='ocrx_word' id='word_1_269' title='bbox 1305 3719 1408 3758; x_wconf 92' lang='lat' dir='ltr'><strong>non</strong></span> <span class='ocrx_word' id='word_1_270' title='bbox 1437 3703 1609 3764; x_wconf 78' lang='lat' dir='ltr'><strong>fallor,</strong></span> <span class='ocrx_word' id='word_1_271' title='bbox 1650 3703 1841 3757; x_wconf 85' lang='lat' dir='ltr'><strong>tenetis</strong></span> <span class='ocrx_word' id='word_1_272' title='bbox 1871 3721 1884 3756; x_wconf 92' lang='lat'>:</span> 
     </span>
    </p>
   </div>
   <div class='ocr_carea' id='block_1_37' title="bbox 293 3796 1886 3870">
    <p class='ocr_par' dir='ltr' id='par_1_37' title="bbox 293 3796 1886 3870">
     <span class='ocr_line' id='line_1_37' title="bbox 293 3796 1886 3870; baseline -0.008 -10"><span class='ocrx_word' id='word_1_273' title='bbox 293 3803 595 3860; x_wconf 84' lang='lat' dir='ltr'><strong>Jerusalem</strong></span> <span class='ocrx_word' id='word_1_274' title='bbox 626 3801 985 3870; x_wconf 86' lang='lat' dir='ltr'><strong>interpretari,</strong></span> <span class='ocrx_word' id='word_1_275' title='bbox 1017 3798 1288 3853; x_wconf 82' lang='lat' dir='ltr'><strong>Visionem</strong></span> <span class='ocrx_word' id='word_1_276' title='bbox 1310 3796 1487 3864; x_wconf 86' lang='lat' dir='ltr'><strong>pacis;</strong></span> <span class='ocrx_word' id='word_1_277' title='bbox 1518 3796 1886 3867; x_wconf 89' lang='lat' dir='ltr'><strong>Babyloniam,</strong></span> 
     </span>
    </p>
   </div>
   <div class='ocr_carea' id='block_1_38' title="bbox 293 3888 1892 3960">
    <p class='ocr_par' dir='ltr' id='par_1_38' title="bbox 293 3888 1892 3960">
     <span class='ocr_line' id='line_1_38' title="bbox 293 3888 1892 3960; baseline -0.009 -5"><span class='ocrx_word' id='word_1_278' title='bbox 293 3896 694 3955; x_wconf 75' lang='lat' dir='ltr'><strong>Confusionem.</strong></span> <span class='ocrx_word' id='word_1_279' title='bbox 727 3893 1022 3949; x_wconf 82' lang='lat' dir='ltr'><strong>Jerusalem</strong></span> <span class='ocrx_word' id='word_1_280' title='bbox 1052 3891 1102 3944; x_wconf 90' lang='lat' dir='ltr'><strong>in</strong></span> <span class='ocrx_word' id='word_1_281' title='bbox 1132 3889 1419 3960; x_wconf 88' lang='lat' dir='ltr'><strong>Babylonia</strong></span> <span class='ocrx_word' id='word_1_282' title='bbox 1443 3888 1649 3957; x_wconf 86' lang='lat' dir='ltr'><strong>captiva</strong></span> <span class='ocrx_word' id='word_1_283' title='bbox 1678 3889 1892 3942; x_wconf 89' lang='lat' dir='ltr'><strong>teneba-</strong></span> 
     </span>
    </p>
   </div>
   <div class='ocr_carea' id='block_1_39' title="bbox 294 3979 1888 4053">
    <p class='ocr_par' dir='ltr' id='par_1_39' title="bbox 294 3979 1888 4053">
     <span class='ocr_line' id='line_1_39' title="bbox 294 3979 1888 4053; baseline -0.008 -7"><span class='ocrx_word' id='word_1_284' title='bbox 294 3999 381 4046; x_wconf 87' lang='lat' dir='ltr'><strong>tur</strong></span> <span class='ocrx_word' id='word_1_285' title='bbox 421 4006 527 4044; x_wconf 91' lang='lat' dir='ltr'><strong>non</strong></span> <span class='ocrx_word' id='word_1_286' title='bbox 571 3997 712 4053; x_wconf 91' lang='lat' dir='ltr'><strong>tota;</strong></span> <span class='ocrx_word' id='word_1_287' title='bbox 756 3987 898 4040; x_wconf 88' lang='lat' dir='ltr'><strong>cives</strong></span> <span class='ocrx_word' id='word_1_288' title='bbox 938 3984 1080 4039; x_wconf 89' lang='lat' dir='ltr'><strong>enim</strong></span> <span class='ocrx_word' id='word_1_289' title='bbox 1115 3983 1231 4052; x_wconf 85' lang='lat' dir='ltr'><strong>ejus</strong></span> <span class='ocrx_word' id='word_1_290' title='bbox 1273 3990 1328 4035; x_wconf 89' lang='lat' dir='ltr'><strong>et</strong></span> <span class='ocrx_word' id='word_1_291' title='bbox 1367 3981 1550 4050; x_wconf 82' lang='lat' dir='ltr'><strong>Angeli</strong></span> <span class='ocrx_word' id='word_1_292' title='bbox 1592 3987 1734 4034; x_wconf 89' lang='lat' dir='ltr'><strong>sunt.</strong></span> <span class='ocrx_word' id='word_1_293' title='bbox 1782 3979 1888 4035; x_wconf 89' lang='lat' dir='ltr'><strong>Sed</strong></span> 
     </span>
    </p>
   </div>
   <div class='ocr_carea' id='block_1_40' title="bbox 292 4071 1886 4152">
    <p class='ocr_par' dir='ltr' id='par_1_40' title="bbox 292 4071 1886 4152">
     <span class='ocr_line' id='line_1_40' title="bbox 292 4071 1886 4152; baseline -0.008 -16"><span class='ocrx_word' id='word_1_294' title='bbox 292 4081 438 4152; x_wconf 85' lang='lat' dir='ltr'><strong>quod</strong></span> <span class='ocrx_word' id='word_1_295' title='bbox 487 4079 678 4132; x_wconf 87' lang='lat' dir='ltr'><strong>attinet</strong></span> <span class='ocrx_word' id='word_1_296' title='bbox 719 4077 785 4132; x_wconf 84' lang='lat' dir='ltr'><strong>ad</strong></span> <span class='ocrx_word' id='word_1_297' title='bbox 827 4075 1075 4152; x_wconf 84' lang='lat' dir='ltr'><strong>homines</strong></span> <span class='ocrx_word' id='word_1_298' title='bbox 1119 4071 1524 4142; x_wconf 82' lang='lat' dir='ltr'><strong>pra-destinatos</strong></span> <span class='ocrx_word' id='word_1_299' title='bbox 1563 4072 1614 4126; x_wconf 92' lang='lat' dir='ltr'><strong>in</strong></span> <span class='ocrx_word' id='word_1_300' title='bbox 1664 4073 1886 4140; x_wconf 82' lang='lat' dir='ltr'><strong>gloriam</strong></span> 
     </span>
    </p>
   </div>
   <div class='ocr_carea' id='block_1_41' title="bbox 293 4150 1887 4240">
    <p class='ocr_par' dir='ltr' id='par_1_41' title="bbox 293 4150 1887 4240">
     <span class='ocr_line' id='line_1_41' title="bbox 293 4150 1887 4240; baseline -0.006 -11"><span class='ocrx_word' id='word_1_301' title='bbox 293 4150 414 4239; x_wconf 90' lang='lat' dir='ltr'><strong>Dei,</strong></span> <span class='ocrx_word' id='word_1_302' title='bbox 450 4174 651 4226; x_wconf 79' lang='lat' dir='ltr'><strong>futuros</strong></span> <span class='ocrx_word' id='word_1_303' title='bbox 678 4186 772 4240; x_wconf 87' lang='lat' dir='ltr'><strong>per</strong></span> <span class='ocrx_word' id='word_1_304' title='bbox 798 4150 1136 4239; x_wconf 81' lang='lat' dir='ltr'><strong>adoptionem</strong></span> <span class='ocrx_word' id='word_1_305' title='bbox 1167 4165 1474 4221; x_wconf 68' lang='lat' dir='ltr'><strong>cohmredes</strong></span> <span class='ocrx_word' id='word_1_306' title='bbox 1503 4164 1720 4228; x_wconf 83' lang='lat' dir='ltr'><strong>Christi,</strong></span> <span class='ocrx_word' id='word_1_307' title='bbox 1753 4179 1887 4235; x_wconf 89' lang='lat' dir='ltr'><strong>quos</strong></span> 
     </span>
    </p>
   </div>
   <div class='ocr_carea' id='block_1_42' title="bbox 295 4255 1886 4336">
    <p class='ocr_par' dir='ltr' id='par_1_42' title="bbox 295 4255 1886 4336">
     <span class='ocr_line' id='line_1_42' title="bbox 295 4255 1886 4336; baseline -0.007 -15"><span class='ocrx_word' id='word_1_308' title='bbox 295 4265 360 4321; x_wconf 85' lang='lat' dir='ltr'><strong>de</strong></span> <span class='ocrx_word' id='word_1_309' title='bbox 391 4265 504 4336; x_wconf 90' lang='lat' dir='ltr'><strong>ipsa</strong></span> <span class='ocrx_word' id='word_1_310' title='bbox 526 4263 832 4332; x_wconf 83' lang='lat' dir='ltr'><strong>captivitate</strong></span> <span class='ocrx_word' id='word_1_311' title='bbox 858 4259 1083 4315; x_wconf 86' lang='lat' dir='ltr'><strong>redemit</strong></span> <span class='ocrx_word' id='word_1_312' title='bbox 1112 4258 1492 4330; x_wconf 86' lang='lat' dir='ltr'><strong>sanguinesuo</strong></span> <span class='ocrx_word' id='word_1_313' title='bbox 1529 4273 1542 4310; x_wconf 88' lang='lat'><strong>:</strong></span> <span class='ocrx_word' id='word_1_314' title='bbox 1577 4255 1886 4327; x_wconf 86' lang='lat' dir='ltr'><strong>particulam</strong></span> 
     </span>
    </p>
   </div>
   <div class='ocr_carea' id='block_1_43' title="bbox 297 4347 1892 4426">
    <p class='ocr_par' dir='ltr' id='par_1_43' title="bbox 297 4347 1892 4426">
     <span class='ocr_line' id='line_1_43' title="bbox 297 4347 1892 4426; baseline -0.007 -14"><span class='ocrx_word' id='word_1_315' title='bbox 297 4371 426 4426; x_wconf 81' lang='lat' dir='ltr'><strong>ergo</strong></span> <span class='ocrx_word' id='word_1_316' title='bbox 457 4355 612 4408; x_wconf 72' lang='lat' dir='ltr'><strong>istam</strong></span> <span class='ocrx_word' id='word_1_317' title='bbox 647 4353 874 4408; x_wconf 82' lang='lat' dir='ltr'><strong>civitatis</strong></span> <span class='ocrx_word' id='word_1_318' title='bbox 896 4350 1191 4406; x_wconf 83' lang='lat' dir='ltr'><strong>Jerusalem</strong></span> <span class='ocrx_word' id='word_1_319' title='bbox 1218 4349 1478 4418; x_wconf 90' lang='lat' dir='ltr'><strong>captivam</strong></span> <span class='ocrx_word' id='word_1_320' title='bbox 1508 4347 1676 4402; x_wconf 90' lang='lat' dir='ltr'><strong>teneri</strong></span> <span class='ocrx_word' id='word_1_321' title='bbox 1713 4347 1764 4402; x_wconf 91' lang='lat' dir='ltr'><strong>in</strong></span> <span class='ocrx_word' id='word_1_322' title='bbox 1791 4347 1892 4402; x_wconf 89' lang='lat' dir='ltr'><strong>Ba-</strong></span> 
     </span>
    </p>
   </div>
   <div class='ocr_carea' id='block_1_44' title="bbox 298 4439 1890 4520">
    <p class='ocr_par' dir='ltr' id='par_1_44' title="bbox 298 4439 1890 4520">
     <span class='ocr_line' id='line_1_44' title="bbox 298 4439 1890 4520; baseline -0.004 -18"><span class='ocrx_word' id='word_1_323' title='bbox 298 4447 515 4520; x_wconf 72' lang='lat' dir='ltr'><strong>bylonia</strong></span> <span class='ocrx_word' id='word_1_324' title='bbox 548 4462 642 4517; x_wconf 91' lang='lat' dir='ltr'><strong>pro</strong></span> <span class='ocrx_word' id='word_1_325' title='bbox 672 4453 906 4517; x_wconf 88' lang='lat' dir='ltr'><strong>peccato,</strong></span> <span class='ocrx_word' id='word_1_326' title='bbox 934 4443 1167 4512; x_wconf 89' lang='lat' dir='ltr'><strong>incipere</strong></span> <span class='ocrx_word' id='word_1_327' title='bbox 1195 4449 1376 4496; x_wconf 89' lang='lat' dir='ltr'><strong>autem</strong></span> <span class='ocrx_word' id='word_1_328' title='bbox 1412 4439 1536 4495; x_wconf 90' lang='lat' dir='ltr'><strong>inde</strong></span> <span class='ocrx_word' id='word_1_329' title='bbox 1566 4439 1713 4495; x_wconf 79' lang='lat' dir='ltr'><strong>exire</strong></span> <span class='ocrx_word' id='word_1_330' title='bbox 1743 4439 1890 4507; x_wconf 85' lang='lat' dir='ltr'><strong>prius</strong></span> 
     </span>
    </p>
   </div>
   <div class='ocr_carea' id='block_1_45' title="bbox 299 4530 1890 4609">
    <p class='ocr_par' dir='ltr' id='par_1_45' title="bbox 299 4530 1890 4609">
     <span class='ocr_line' id='line_1_45' title="bbox 299 4530 1890 4609; baseline -0.007 -14"><span class='ocrx_word' id='word_1_331' title='bbox 299 4540 458 4596; x_wconf 88' lang='lat' dir='ltr'><strong>corde</strong></span> <span class='ocrx_word' id='word_1_332' title='bbox 501 4554 596 4609; x_wconf 91' lang='lat' dir='ltr'><strong>per</strong></span> <span class='ocrx_word' id='word_1_333' title='bbox 625 4534 1016 4592; x_wconf 80' lang='lat' dir='ltr'><strong>confessionem</strong></span> <span class='ocrx_word' id='word_1_334' title='bbox 1045 4533 1336 4603; x_wconf 90' lang='lat' dir='ltr'><strong>iniquitatis</strong></span> <span class='ocrx_word' id='word_1_335' title='bbox 1363 4540 1416 4587; x_wconf 91' lang='lat' dir='ltr'><strong>et</strong></span> <span class='ocrx_word' id='word_1_336' title='bbox 1447 4530 1763 4587; x_wconf 90' lang='lat' dir='ltr'><strong>cbaritatem</strong></span> <span class='ocrx_word' id='word_1_337' title='bbox 1798 4531 1890 4601; x_wconf 89' lang='lat' dir='ltr'><strong>ju-</strong></span> 
     </span>
    </p>
   </div>
   <div class='ocr_carea' id='block_1_46' title="bbox 299 4612 1894 4699">
    <p class='ocr_par' dir='ltr' id='par_1_46' title="bbox 299 4612 1894 4699">
     <span class='ocr_line' id='line_1_46' title="bbox 299 4612 1894 4699; baseline -0.005 -9"><span class='ocrx_word' id='word_1_338' title='bbox 299 4637 479 4699; x_wconf 85' lang='lat' dir='ltr'><strong>stitiae,</strong></span> <span class='ocrx_word' id='word_1_339' title='bbox 511 4631 705 4688; x_wconf 90' lang='lat' dir='ltr'><strong>deinde</strong></span> <span class='ocrx_word' id='word_1_340' title='bbox 738 4612 916 4699; x_wconf 82' lang='lat' dir='ltr'><strong>postea</strong></span> <span class='ocrx_word' id='word_1_341' title='bbox 949 4629 1000 4682; x_wconf 90' lang='lat' dir='ltr'><strong>in</strong></span> <span class='ocrx_word' id='word_1_342' title='bbox 1024 4627 1129 4682; x_wconf 89' lang='lat' dir='ltr'><strong>ﬁne</strong></span> <span class='ocrx_word' id='word_1_343' title='bbox 1155 4628 1336 4683; x_wconf 84' lang='lat' dir='ltr'><strong>saeculi</strong></span> <span class='ocrx_word' id='word_1_344' title='bbox 1367 4626 1527 4682; x_wconf 89' lang='lat' dir='ltr'><strong>etiam</strong></span> <span class='ocrx_word' id='word_1_345' title='bbox 1553 4642 1781 4697; x_wconf 89' lang='lat' dir='ltr'><strong>corpore</strong></span> <span class='ocrx_word' id='word_1_346' title='bbox 1808 4641 1894 4682; x_wconf 90' lang='lat' dir='ltr'><strong>se-</strong></span> 
     </span>
    </p>
   </div>
   <div class='ocr_carea' id='block_1_47' title="bbox 301 4721 1891 4800">
    <p class='ocr_par' dir='ltr' id='par_1_47' title="bbox 301 4721 1891 4800">
     <span class='ocr_line' id='line_1_47' title="bbox 301 4721 1891 4800; baseline -0.004 -18"><span class='ocrx_word' id='word_1_347' title='bbox 301 4729 609 4800; x_wconf 83' lang='lat' dir='ltr'><strong>parandam,</strong></span> <span class='ocrx_word' id='word_1_348' title='bbox 630 4723 1120 4782; x_wconf 89' lang='lat' dir='ltr'><strong>commendavimus</strong></span> <span class='ocrx_word' id='word_1_349' title='bbox 1136 4722 1188 4776; x_wconf 94' lang='lat' dir='ltr'><strong>in</strong></span> <span class='ocrx_word' id='word_1_350' title='bbox 1211 4738 1274 4776; x_wconf 91' lang='lat' dir='ltr'><strong>eo</strong></span> <span class='ocrx_word' id='word_1_351' title='bbox 1296 4722 1521 4791; x_wconf 89' lang='lat' dir='ltr'><strong>psalmo,</strong></span> <span class='ocrx_word' id='word_1_352' title='bbox 1541 4737 1698 4791; x_wconf 87' lang='lat' dir='ltr'><strong>quem</strong></span> <span class='ocrx_word' id='word_1_353' title='bbox 1719 4721 1891 4790; x_wconf 91' lang='lat' dir='ltr'><strong>primo</strong></span> 
     </span>
    </p>
   </div>
   <div class='ocr_carea' id='block_1_48' title="bbox 304 4813 1888 4883">
    <p class='ocr_par' dir='ltr' id='par_1_48' title="bbox 304 4813 1888 4883">
     <span class='ocr_line' id='line_1_48' title="bbox 304 4813 1888 4883; baseline -0.004 -9"><span class='ocrx_word' id='word_1_354' title='bbox 304 4820 389 4876; x_wconf 90' lang='lat' dir='ltr'><strong>hic</strong></span> <span class='ocrx_word' id='word_1_355' title='bbox 411 4836 532 4876; x_wconf 89' lang='lat' dir='ltr'><strong>cum</strong></span> <span class='ocrx_word' id='word_1_356' title='bbox 555 4827 728 4874; x_wconf 81' lang='lat' dir='ltr'><strong>vestra</strong></span> <span class='ocrx_word' id='word_1_357' title='bbox 759 4815 1051 4871; x_wconf 85' lang='lat' dir='ltr'><strong>Dilectione</strong></span> <span class='ocrx_word' id='word_1_358' title='bbox 1081 4813 1439 4875; x_wconf 86' lang='lat' dir='ltr'><strong>tractavimus,</strong></span> <span class='ocrx_word' id='word_1_359' title='bbox 1464 4813 1553 4883; x_wconf 89' lang='lat' dir='ltr'><strong>qui</strong></span> <span class='ocrx_word' id='word_1_360' title='bbox 1582 4813 1651 4867; x_wconf 91' lang='lat' dir='ltr'><strong>ita</strong></span> <span class='ocrx_word' id='word_1_361' title='bbox 1685 4813 1888 4880; x_wconf 73' lang='lat' dir='ltr'><strong>incipit,</strong></span> 
     </span>
    </p>
   </div>
   <div class='ocr_carea' id='block_1_49' title="bbox 302 4897 1894 4984">
    <p class='ocr_par' dir='ltr' id='par_1_49' title="bbox 302 4897 1894 4984">
     <span class='ocr_line' id='line_1_49' title="bbox 302 4897 1894 4984; baseline -0.005 -16"><span class='ocrx_word' id='word_1_362' title='bbox 302 4912 374 4968; x_wconf 87' lang='lat' dir='ltr'><strong>Te</strong></span> <span class='ocrx_word' id='word_1_363' title='bbox 399 4913 535 4967; x_wconf 85' lang='lat' dir='ltr'><strong>decet</strong></span> <span class='ocrx_word' id='word_1_364' title='bbox 563 4913 797 4984; x_wconf 82' lang='lat' dir='ltr'><strong>hymnus,</strong></span> <span class='ocrx_word' id='word_1_365' title='bbox 830 4897 996 4973; x_wconf 82' lang='lat' dir='ltr'><strong>Deus,</strong></span> <span class='ocrx_word' id='word_1_366' title='bbox 1021 4908 1074 4961; x_wconf 89' lang='lat' dir='ltr'><strong>in</strong></span> <span class='ocrx_word' id='word_1_367' title='bbox 1096 4907 1221 4961; x_wconf 86' lang='lat' dir='ltr'><strong>Sion</strong></span> <span class='ocrx_word' id='word_1_368' title='bbox 1245 4922 1264 4970; x_wconf 90' lang='lat'><strong>;</strong></span> <span class='ocrx_word' id='word_1_369' title='bbox 1294 4915 1340 4960; x_wconf 90' lang='lat' dir='ltr'><strong>et</strong></span> <span class='ocrx_word' id='word_1_370' title='bbox 1367 4907 1453 4958; x_wconf 86' lang='lat' dir='ltr'><strong>tibi</strong></span> <span class='ocrx_word' id='word_1_371' title='bbox 1474 4905 1708 4958; x_wconf 83' lang='lat' dir='ltr'><strong>reddetur</strong></span> <span class='ocrx_word' id='word_1_372' title='bbox 1723 4916 1894 4960; x_wconf 83' lang='lat' dir='ltr'><strong>uotum</strong></span> 
     </span>
    </p>
   </div>
   <div class='ocr_carea' id='block_1_50' title="bbox 303 4997 1893 5075">
    <p class='ocr_par' dir='ltr' id='par_1_50' title="bbox 303 4997 1893 5075">
     <span class='ocr_line' id='line_1_50' title="bbox 303 4997 1893 5075; baseline -0.004 -15"><span class='ocrx_word' id='word_1_373' title='bbox 303 5007 356 5060; x_wconf 84' lang='lat' dir='ltr'><strong>in</strong></span> <span class='ocrx_word' id='word_1_374' title='bbox 379 5004 668 5060; x_wconf 83' lang='lat' dir='ltr'><strong>Jerusalem</strong></span> <span class='ocrx_word' id='word_1_375' title='bbox 689 5001 859 5075; x_wconf 87' lang='lat' dir='ltr'><strong>(Psal.</strong></span> <span class='ocrx_word' id='word_1_376' title='bbox 888 5016 1034 5062; x_wconf 81' lang='lat' dir='ltr'><strong>LXIV.</strong></span> <span class='ocrx_word' id='word_1_377' title='bbox 1062 5000 1142 5070; x_wconf 68' lang='lat'><strong>2).</strong></span> <span class='ocrx_word' id='word_1_378' title='bbox 1177 4998 1439 5052; x_wconf 87' lang='lat' dir='ltr'><strong>Hodierna</strong></span> <span class='ocrx_word' id='word_1_379' title='bbox 1470 5005 1647 5050; x_wconf 89' lang='lat' dir='ltr'><strong>autem</strong></span> <span class='ocrx_word' id='word_1_380' title='bbox 1675 4997 1762 5052; x_wconf 86' lang='lat' dir='ltr'><strong>die</strong></span> <span class='ocrx_word' id='word_1_381' title='bbox 1793 4997 1893 5053; x_wconf 84' lang='lat' dir='ltr'><strong>de-</strong></span> 
     </span>
    </p>
   </div>
   <div class='ocr_carea' id='block_1_51' title="bbox 309 5089 1896 5164">
    <p class='ocr_par' dir='ltr' id='par_1_51' title="bbox 309 5089 1896 5164">
     <span class='ocr_line' id='line_1_51' title="bbox 309 5089 1896 5164; baseline -0.006 -12"><span class='ocrx_word' id='word_1_382' title='bbox 309 5098 644 5154; x_wconf 84' lang='lat' dir='ltr'><strong>cantavimus</strong></span> <span class='ocrx_word' id='word_1_383' title='bbox 675 5138 687 5149; x_wconf 94' lang='lat'><strong>.</strong></span> <span class='ocrx_word' id='word_1_384' title='bbox 718 5095 888 5164; x_wconf 84' lang='lat' dir='ltr'><strong>Super</strong></span> <span class='ocrx_word' id='word_1_385' title='bbox 915 5093 1129 5164; x_wconf 82' lang='lat' dir='ltr'><strong>ﬂumina</strong></span> <span class='ocrx_word' id='word_1_386' title='bbox 1156 5089 1452 5161; x_wconf 83' lang='lat' dir='ltr'><strong>Babylonis,</strong></span> <span class='ocrx_word' id='word_1_387' title='bbox 1496 5089 1562 5142; x_wconf 89' lang='lat' dir='ltr'><strong>ibi</strong></span> <span class='ocrx_word' id='word_1_388' title='bbox 1589 5089 1807 5143; x_wconf 80' lang='lat' dir='ltr'><strong>sedimus</strong></span> <span class='ocrx_word' id='word_1_389' title='bbox 1848 5099 1896 5143; x_wconf 89' lang='lat' dir='ltr'><strong>et</strong></span> 
     </span>
    </p>
   </div>
   <div class='ocr_carea' id='block_1_52' title="bbox 310 5180 1895 5261">
    <p class='ocr_par' dir='ltr' id='par_1_52' title="bbox 310 5180 1895 5261">
     <span class='ocr_line' id='line_1_52' title="bbox 310 5180 1895 5261; baseline -0.006 -18"><span class='ocrx_word' id='word_1_390' title='bbox 310 5192 557 5261; x_wconf 70' lang='lat' dir='ltr'><strong>(latinius,</strong></span> <span class='ocrx_word' id='word_1_391' title='bbox 599 5203 713 5242; x_wconf 86' lang='lat' dir='ltr'><strong>cum</strong></span> <span class='ocrx_word' id='word_1_392' title='bbox 740 5184 1123 5240; x_wconf 81' lang='lat' dir='ltr'><strong>recordaremur</strong></span> <span class='ocrx_word' id='word_1_393' title='bbox 1147 5180 1295 5239; x_wconf 85' lang='lat' dir='ltr'><strong>Sion.</strong></span> <span class='ocrx_word' id='word_1_394' title='bbox 1340 5181 1526 5235; x_wconf 84' lang='lat' dir='ltr'><strong>Videte</strong></span> <span class='ocrx_word' id='word_1_395' title='bbox 1554 5181 1675 5250; x_wconf 87' lang='lat' dir='ltr'><strong>quia</strong></span> <span class='ocrx_word' id='word_1_396' title='bbox 1719 5181 1771 5234; x_wconf 93' lang='lat' dir='ltr'><strong>in</strong></span> <span class='ocrx_word' id='word_1_397' title='bbox 1804 5180 1895 5234; x_wconf 90' lang='lat' dir='ltr'><strong>illo</strong></span> 
     </span>
    </p>
   </div>
   <div class='ocr_carea' id='block_1_53' title="bbox 309 5272 1890 5348">
    <p class='ocr_par' dir='ltr' id='par_1_53' title="bbox 309 5272 1890 5348">
     <span class='ocr_line' id='line_1_53' title="bbox 309 5272 1890 5348; baseline -0.006 -11"><span class='ocrx_word' id='word_1_398' title='bbox 309 5280 505 5336; x_wconf 90' lang='lat' dir='ltr'><strong>dictum</strong></span> <span class='ocrx_word' id='word_1_399' title='bbox 522 5291 626 5344; x_wconf 89' lang='lat' dir='ltr'><strong>est,</strong></span> <span class='ocrx_word' id='word_1_400' title='bbox 644 5277 718 5333; x_wconf 84' lang='lat' dir='ltr'><strong>Te</strong></span> <span class='ocrx_word' id='word_1_401' title='bbox 731 5279 869 5331; x_wconf 87' lang='lat' dir='ltr'><strong>decet</strong></span> <span class='ocrx_word' id='word_1_402' title='bbox 889 5273 1127 5348; x_wconf 76' lang='lat' dir='ltr'><strong>hymnus,</strong></span> <span class='ocrx_word' id='word_1_403' title='bbox 1146 5273 1304 5339; x_wconf 88' lang='lat' dir='ltr'><strong>Deus,</strong></span> <span class='ocrx_word' id='word_1_404' title='bbox 1327 5273 1380 5326; x_wconf 87' lang='lat' dir='ltr'><strong>in</strong></span> <span class='ocrx_word' id='word_1_405' title='bbox 1403 5272 1532 5328; x_wconf 89' lang='lat' dir='ltr'><strong>Sion</strong></span> <span class='ocrx_word' id='word_1_406' title='bbox 1549 5285 1569 5336; x_wconf 87' lang='lat'><strong>;</strong></span> <span class='ocrx_word' id='word_1_407' title='bbox 1589 5272 1674 5326; x_wconf 87' lang='lat' dir='ltr'><strong>hic</strong></span> <span class='ocrx_word' id='word_1_408' title='bbox 1693 5281 1890 5340; x_wconf 87' lang='lat' dir='ltr'><strong>autem,</strong></span> 
     </span>
    </p>
   </div>
   <div class='ocr_carea' id='block_1_54' title="bbox 312 5365 1898 5442">
    <p class='ocr_par' dir='ltr' id='par_1_54' title="bbox 312 5365 1898 5442">
     <span class='ocr_line' id='line_1_54' title="bbox 312 5365 1898 5442; baseline -0.005 -16"><span class='ocrx_word' id='word_1_409' title='bbox 312 5371 481 5442; x_wconf 87' lang='lat' dir='ltr'><strong>Super</strong></span> <span class='ocrx_word' id='word_1_410' title='bbox 516 5371 728 5441; x_wconf 81' lang='lat' dir='ltr'><strong>ﬂumina</strong></span> <span class='ocrx_word' id='word_1_411' title='bbox 748 5368 1022 5439; x_wconf 82' lang='lat' dir='ltr'><strong>Babylonis</strong></span> <span class='ocrx_word' id='word_1_412' title='bbox 1042 5410 1056 5433; x_wconf 95' lang='lat'><strong>,</strong></span> <span class='ocrx_word' id='word_1_413' title='bbox 1085 5367 1152 5442; x_wconf 86' lang='lat' dir='ltr'><strong>ibi</strong></span> <span class='ocrx_word' id='word_1_414' title='bbox 1177 5366 1394 5421; x_wconf 88' lang='lat' dir='ltr'><strong>sedimus</strong></span> <span class='ocrx_word' id='word_1_415' title='bbox 1420 5375 1465 5419; x_wconf 89' lang='lat' dir='ltr'><strong>et</strong></span> <span class='ocrx_word' id='word_1_416' title='bbox 1493 5365 1742 5434; x_wconf 75' lang='lat' dir='ltr'><strong>ﬂeuimus,</strong></span> <span class='ocrx_word' id='word_1_417' title='bbox 1783 5380 1898 5418; x_wconf 88' lang='lat' dir='ltr'><strong>cum</strong></span> 
     </span>
    </p>
   </div>
   <div class='ocr_carea' id='block_1_55' title="bbox 311 5455 1894 5529">
    <p class='ocr_par' dir='ltr' id='par_1_55' title="bbox 311 5455 1894 5529">
     <span class='ocr_line' id='line_1_55' title="bbox 311 5455 1894 5529; baseline -0.004 -13"><span class='ocrx_word' id='word_1_418' title='bbox 311 5465 685 5520; x_wconf 81' lang='lat' dir='ltr'><strong>recordaremur</strong></span> <span class='ocrx_word' id='word_1_419' title='bbox 702 5460 830 5518; x_wconf 90' lang='lat' dir='ltr'><strong>Sion</strong></span> <span class='ocrx_word' id='word_1_420' title='bbox 844 5477 862 5515; x_wconf 92' lang='lat'><strong><em>:</em></strong></span> <span class='ocrx_word' id='word_1_421' title='bbox 875 5459 1022 5514; x_wconf 85' lang='lat' dir='ltr'><strong>illam</strong></span> <span class='ocrx_word' id='word_1_422' title='bbox 1036 5457 1184 5523; x_wconf 90' lang='lat' dir='ltr'><strong>Sion,</strong></span> <span class='ocrx_word' id='word_1_423' title='bbox 1204 5457 1290 5512; x_wconf 92' lang='lat' dir='ltr'><strong>ubi</strong></span> <span class='ocrx_word' id='word_1_424' title='bbox 1302 5456 1453 5513; x_wconf 86' lang='lat' dir='ltr'><strong>decet</strong></span> <span class='ocrx_word' id='word_1_425' title='bbox 1467 5456 1694 5529; x_wconf 88' lang='lat' dir='ltr'><strong>hymnus</strong></span> <span class='ocrx_word' id='word_1_426' title='bbox 1709 5455 1894 5510; x_wconf 88' lang='lat' dir='ltr'><strong>Deum.</strong></span> 
     </span>
    </p>
   </div>
   <div class='ocr_carea' id='block_1_56' title="bbox 381 5547 1900 5631">
    <p class='ocr_par' dir='ltr' id='par_1_56' title="bbox 381 5547 1900 5631">
     <span class='ocr_line' id='line_1_56' title="bbox 381 5547 1900 5631; baseline -0.007 -18"><span class='ocrx_word' id='word_1_427' title='bbox 381 5558 436 5612; x_wconf 77' lang='grc'><strong>2.</strong></span> <span class='ocrx_word' id='word_1_428' title='bbox 473 5559 609 5624; x_wconf 63' lang='lat' dir='ltr'><strong>Quae</strong></span> <span class='ocrx_word' id='word_1_429' title='bbox 646 5565 771 5611; x_wconf 85' lang='lat' dir='ltr'><strong>sunt</strong></span> <span class='ocrx_word' id='word_1_430' title='bbox 810 5568 938 5624; x_wconf 89' lang='lat' dir='ltr'><strong>ergo</strong></span> <span class='ocrx_word' id='word_1_431' title='bbox 969 5549 1191 5631; x_wconf 83' lang='lat' dir='ltr'><strong>ﬁumina</strong></span> <span class='ocrx_word' id='word_1_432' title='bbox 1217 5549 1535 5622; x_wconf 84' lang='lat' dir='ltr'><strong>Babylonis,</strong></span> <span class='ocrx_word' id='word_1_433' title='bbox 1575 5558 1630 5604; x_wconf 90' lang='lat' dir='ltr'><strong>et</strong></span> <span class='ocrx_word' id='word_1_434' title='bbox 1662 5547 1787 5619; x_wconf 90' lang='lat' dir='ltr'><strong>quid</strong></span> <span class='ocrx_word' id='word_1_435' title='bbox 1818 5555 1900 5603; x_wconf 84' lang='lat' dir='ltr'><strong>est</strong></span> 
     </span>
    </p>
   </div>
   <div class='ocr_carea' id='block_1_57' title="bbox 235 5631 1898 5706">
    <p class='ocr_par' dir='ltr' id='par_1_57' title="bbox 235 5631 1898 5706">
     <span class='ocr_line' id='line_1_57' title="bbox 235 5631 1898 5706; baseline -0.005 -2"><span class='ocrx_word' id='word_1_436' title='bbox 235 5701 238 5704; x_wconf 83' lang='lat'><strong>.</strong></span> <span class='ocrx_word' id='word_1_437' title='bbox 315 5631 555 5706; x_wconf 82' lang='lat' dir='ltr'><strong>nostrum</strong></span> <span class='ocrx_word' id='word_1_438' title='bbox 575 5631 762 5704; x_wconf 84' lang='lat' dir='ltr'><strong>sedere</strong></span> <span class='ocrx_word' id='word_1_439' title='bbox 789 5653 844 5701; x_wconf 88' lang='lat' dir='ltr'><strong>et</strong></span> <span class='ocrx_word' id='word_1_440' title='bbox 866 5643 998 5701; x_wconf 81' lang='lat' dir='ltr'><strong>ﬂere</strong></span> <span class='ocrx_word' id='word_1_441' title='bbox 1019 5643 1072 5698; x_wconf 90' lang='lat' dir='ltr'><strong>in</strong></span> <span class='ocrx_word' id='word_1_442' title='bbox 1093 5641 1462 5698; x_wconf 88' lang='lat' dir='ltr'><strong>recordatione</strong></span> <span class='ocrx_word' id='word_1_443' title='bbox 1478 5640 1644 5698; x_wconf 87' lang='lat' dir='ltr'><strong>Sion?</strong></span> <span class='ocrx_word' id='word_1_444' title='bbox 1672 5639 1729 5696; x_wconf 91' lang='lat' dir='ltr'><strong>Si</strong></span> <span class='ocrx_word' id='word_1_445' title='bbox 1754 5640 1898 5697; x_wconf 91' lang='lat' dir='ltr'><strong>enim</strong></span> 
     </span>
    </p>
   </div>
   <div class='ocr_carea' id='block_1_58' title="bbox 317 5733 1903 5806">
    <p class='ocr_par' dir='ltr' id='par_1_58' title="bbox 317 5733 1903 5806">
     <span class='ocr_line' id='line_1_58' title="bbox 317 5733 1903 5806; baseline -0.006 -6"><span class='ocrx_word' id='word_1_446' title='bbox 317 5743 458 5800; x_wconf 79' lang='lat' dir='ltr'><strong>cives</strong></span> <span class='ocrx_word' id='word_1_447' title='bbox 486 5742 611 5799; x_wconf 85' lang='lat' dir='ltr'><strong>inde</strong></span> <span class='ocrx_word' id='word_1_448' title='bbox 647 5753 852 5806; x_wconf 80' lang='lat' dir='ltr'><strong>sumus,</strong></span> <span class='ocrx_word' id='word_1_449' title='bbox 883 5752 990 5794; x_wconf 93' lang='lat' dir='ltr'><strong>non</strong></span> <span class='ocrx_word' id='word_1_450' title='bbox 1022 5745 1226 5792; x_wconf 86' lang='lat' dir='ltr'><strong>tantum</strong></span> <span class='ocrx_word' id='word_1_451' title='bbox 1268 5733 1372 5792; x_wconf 83' lang='lat' dir='ltr'><strong>hoc</strong></span> <span class='ocrx_word' id='word_1_452' title='bbox 1397 5743 1694 5803; x_wconf 81' lang='lat' dir='ltr'><strong>cantamus,</strong></span> <span class='ocrx_word' id='word_1_453' title='bbox 1722 5733 1818 5792; x_wconf 86' lang='lat' dir='ltr'><strong>sed</strong></span> <span class='ocrx_word' id='word_1_454' title='bbox 1846 5739 1903 5792; x_wconf 82' lang='lat' dir='ltr'><strong>et</strong></span> 
     </span>
    </p>
   </div>
   <div class='ocr_carea' id='block_1_59' title="bbox 383 5857 976 5918">
    <p class='ocr_par' dir='ltr' id='par_1_59' title="bbox 383 5857 976 5918">
     <span class='ocr_line' id='line_1_59' title="bbox 383 5857 976 5918; baseline -0.002 -10"><span class='ocrx_word' id='word_1_455' title='bbox 383 5857 401 5890; x_wconf 70' lang='grc' dir='ltr'>ί</span> <span class='ocrx_word' id='word_1_456' title='bbox 426 5859 500 5909; x_wconf 84' lang='lat' dir='ltr'><strong>Sic</strong></span> <span class='ocrx_word' id='word_1_457' title='bbox 519 5865 627 5910; x_wconf 60' lang='lat' dir='ltr'><strong>MU.</strong></span> <span class='ocrx_word' id='word_1_458' title='bbox 649 5863 706 5908; x_wconf 70' lang='lat' dir='ltr'><strong>At</strong></span> <span class='ocrx_word' id='word_1_459' title='bbox 720 5861 854 5918; x_wconf 69' lang='grc' dir='ltr'><strong>ων..</strong></span> <span class='ocrx_word' id='word_1_460' title='bbox 874 5865 976 5907; x_wconf 71' lang='grc' dir='ltr'><strong>ποι.</strong></span> 
     </span>
    </p>
   </div>
   <div class='ocr_carea' id='block_1_60' title="bbox 1321 346 2508 408">
    <p class='ocr_par' dir='ltr' id='par_1_60' title="bbox 1321 346 2508 408">
     <span class='ocr_line' id='line_1_60' title="bbox 1321 346 2508 408; baseline 0 -2"><span class='ocrx_word' id='word_1_461' title='bbox 1321 347 1716 406; x_wconf 80' lang='lat' dir='ltr'><strong>ENARRATIO</strong></span> <span class='ocrx_word' id='word_1_462' title='bbox 1753 346 1820 404; x_wconf 83' lang='lat' dir='ltr'><strong>lN</strong></span> <span class='ocrx_word' id='word_1_463' title='bbox 1858 346 2186 408; x_wconf 74' lang='lat' dir='ltr'><strong>PSALMUM</strong></span> <span class='ocrx_word' id='word_1_464' title='bbox 2222 348 2508 408; x_wconf 82' lang='lat' dir='ltr'><strong>CXXXVI.</strong></span> 
     </span>
    </p>
   </div>
   <div class='ocr_carea' id='block_1_61' title="bbox 3453 361 3595 418">
    <p class='ocr_par' dir='ltr' id='par_1_61' title="bbox 3453 361 3595 418">
     <span class='ocr_line' id='line_1_61' title="bbox 3453 361 3595 418; baseline 0 0"><span class='ocrx_word' id='word_1_465' title='bbox 3453 361 3595 418; x_wconf 66' lang='grc'><strong>1⁸162</strong></span> 
     </span>
    </p>
   </div>
   <div class='ocr_carea' id='block_1_62' title="bbox 2003 465 3589 545">
    <p class='ocr_par' dir='ltr' id='par_1_62' title="bbox 2003 465 3589 545">
     <span class='ocr_line' id='line_1_62' title="bbox 2003 465 3589 545; baseline 0.009 -27"><span class='ocrx_word' id='word_1_466' title='bbox 2003 465 2228 534; x_wconf 87' lang='lat' dir='ltr'><strong>agimus.</strong></span> <span class='ocrx_word' id='word_1_467' title='bbox 2257 466 2313 522; x_wconf 90' lang='lat' dir='ltr'><strong>Si</strong></span> <span class='ocrx_word' id='word_1_468' title='bbox 2341 466 2486 523; x_wconf 88' lang='lat' dir='ltr'><strong>cives</strong></span> <span class='ocrx_word' id='word_1_469' title='bbox 2509 481 2692 522; x_wconf 89' lang='lat' dir='ltr'><strong>sumus</strong></span> <span class='ocrx_word' id='word_1_470' title='bbox 2716 466 2784 524; x_wconf 87' lang='lat' dir='ltr'><strong>de</strong></span> <span class='ocrx_word' id='word_1_471' title='bbox 2808 467 3127 538; x_wconf 85' lang='lat' dir='ltr'><strong>Jerusalem,</strong></span> <span class='ocrx_word' id='word_1_472' title='bbox 3161 469 3215 527; x_wconf 90' lang='lat' dir='ltr'><strong>id</strong></span> <span class='ocrx_word' id='word_1_473' title='bbox 3238 480 3320 528; x_wconf 86' lang='lat' dir='ltr'><strong>est</strong></span> <span class='ocrx_word' id='word_1_474' title='bbox 3343 472 3412 530; x_wconf 86' lang='lat' dir='ltr'><strong>de</strong></span> <span class='ocrx_word' id='word_1_475' title='bbox 3433 473 3589 545; x_wconf 88' lang='lat' dir='ltr'><strong>Sion,</strong></span> 
     </span>
    </p>
   </div>
   <div class='ocr_carea' id='block_1_63' title="bbox 2001 556 3591 634">
    <p class='ocr_par' dir='ltr' id='par_1_63' title="bbox 2001 556 3591 634">
     <span class='ocr_line' id='line_1_63' title="bbox 2001 556 3591 634; baseline 0.008 -22"><span class='ocrx_word' id='word_1_476' title='bbox 2001 556 2128 612; x_wconf 87' lang='lat' dir='ltr'><strong>etin</strong></span> <span class='ocrx_word' id='word_1_477' title='bbox 2155 558 2252 612; x_wconf 90' lang='lat' dir='ltr'><strong>ista</strong></span> <span class='ocrx_word' id='word_1_478' title='bbox 2279 559 2406 623; x_wconf 86' lang='lat' dir='ltr'><strong>vita,</strong></span> <span class='ocrx_word' id='word_1_479' title='bbox 2443 559 2495 614; x_wconf 90' lang='lat' dir='ltr'><strong>in</strong></span> <span class='ocrx_word' id='word_1_480' title='bbox 2522 559 2625 615; x_wconf 87' lang='lat' dir='ltr'><strong>ista</strong></span> <span class='ocrx_word' id='word_1_481' title='bbox 2649 559 2962 618; x_wconf 80' lang='lat' dir='ltr'><strong>confusione</strong></span> <span class='ocrx_word' id='word_1_482' title='bbox 2989 562 3168 618; x_wconf 71' lang='lat' dir='ltr'><strong>saeculi</strong></span> <span class='ocrx_word' id='word_1_483' title='bbox 3198 563 3376 634; x_wconf 87' lang='lat' dir='ltr'><strong>hujus,</strong></span> <span class='ocrx_word' id='word_1_484' title='bbox 3406 567 3460 624; x_wconf 90' lang='lat' dir='ltr'><strong>in</strong></span> <span class='ocrx_word' id='word_1_485' title='bbox 3486 567 3591 625; x_wconf 74' lang='lat' dir='ltr'><strong>ista</strong></span> 
     </span>
    </p>
   </div>
   <div class='ocr_carea' id='block_1_64' title="bbox 2001 650 3645 730">
    <p class='ocr_par' dir='ltr' id='par_1_64' title="bbox 2001 650 3645 730">
     <span class='ocr_line' id='line_1_64' title="bbox 2001 650 3645 730; baseline 0.009 -25"><span class='ocrx_word' id='word_1_486' title='bbox 2001 650 2290 722; x_wconf 89' lang='lat' dir='ltr'><strong>Babylonia</strong></span> <span class='ocrx_word' id='word_1_487' title='bbox 2321 669 2426 709; x_wconf 90' lang='lat' dir='ltr'><strong>non</strong></span> <span class='ocrx_word' id='word_1_488' title='bbox 2457 654 2606 710; x_wconf 88' lang='lat' dir='ltr'><strong>cives</strong></span> <span class='ocrx_word' id='word_1_489' title='bbox 2635 654 2958 722; x_wconf 86' lang='lat' dir='ltr'><strong>habitamus,</strong></span> <span class='ocrx_word' id='word_1_490' title='bbox 3008 657 3103 713; x_wconf 86' lang='lat' dir='ltr'><strong>sed</strong></span> <span class='ocrx_word' id='word_1_491' title='bbox 3142 660 3338 730; x_wconf 89' lang='lat' dir='ltr'><strong>captivi</strong></span> <span class='ocrx_word' id='word_1_492' title='bbox 3375 660 3589 719; x_wconf 84' lang='lat' dir='ltr'><strong>detine-</strong></span> <span class='ocrx_word' id='word_1_493' title='bbox 3641 722 3645 726; x_wconf 79' lang='grc'>,</span> 
     </span>
    </p>
   </div>
   <div class='ocr_carea' id='block_1_65' title="bbox 2000 748 3593 820">
    <p class='ocr_par' dir='ltr' id='par_1_65' title="bbox 2000 748 3593 820">
     <span class='ocr_line' id='line_1_65' title="bbox 2000 748 3593 820; baseline 0.009 -23"><span class='ocrx_word' id='word_1_494' title='bbox 2000 757 2152 810; x_wconf 90' lang='lat' dir='ltr'><strong>mur;</strong></span> <span class='ocrx_word' id='word_1_495' title='bbox 2176 755 2385 815; x_wconf 89' lang='lat' dir='ltr'><strong>oportet</strong></span> <span class='ocrx_word' id='word_1_496' title='bbox 2401 755 2579 804; x_wconf 91' lang='lat' dir='ltr'><strong>utnon</strong></span> <span class='ocrx_word' id='word_1_497' title='bbox 2597 757 2798 804; x_wconf 89' lang='lat' dir='ltr'><strong>tantum</strong></span> <span class='ocrx_word' id='word_1_498' title='bbox 2822 748 2920 806; x_wconf 85' lang='lat' dir='ltr'><strong>ista</strong></span> <span class='ocrx_word' id='word_1_499' title='bbox 2934 749 3300 820; x_wconf 88' lang='lat' dir='ltr'><strong>deeantemus,</strong></span> <span class='ocrx_word' id='word_1_500' title='bbox 3319 754 3413 812; x_wconf 83' lang='lat' dir='ltr'><strong>sed</strong></span> <span class='ocrx_word' id='word_1_501' title='bbox 3436 762 3494 812; x_wconf 88' lang='lat' dir='ltr'><strong>et</strong></span> <span class='ocrx_word' id='word_1_502' title='bbox 3515 756 3593 812; x_wconf 81' lang='lat' dir='ltr'><strong>la-</strong></span> 
     </span>
    </p>
   </div>
   <div class='ocr_carea' id='block_1_66' title="bbox 1999 839 3592 920">
    <p class='ocr_par' dir='ltr' id='par_1_66' title="bbox 1999 839 3592 920">
     <span class='ocr_line' id='line_1_66' title="bbox 1999 839 3592 920; baseline 0.011 -27"><span class='ocrx_word' id='word_1_503' title='bbox 1999 839 2203 897; x_wconf 86' lang='lat' dir='ltr'><strong>ciamus</strong></span> <span class='ocrx_word' id='word_1_504' title='bbox 2227 841 2420 898; x_wconf 76' lang='lat' dir='ltr'><strong>aﬁ’ectn</strong></span> <span class='ocrx_word' id='word_1_505' title='bbox 2439 845 2616 900; x_wconf 91' lang='lat' dir='ltr'><strong>cordis</strong></span> <span class='ocrx_word' id='word_1_506' title='bbox 2646 847 2757 916; x_wconf 92' lang='lat' dir='ltr'><strong>pio,</strong></span> <span class='ocrx_word' id='word_1_507' title='bbox 2795 848 3046 920; x_wconf 87' lang='lat' dir='ltr'><strong>religioso</strong></span> <span class='ocrx_word' id='word_1_508' title='bbox 3083 849 3350 908; x_wconf 87' lang='lat' dir='ltr'><strong>desiderio</strong></span> <span class='ocrx_word' id='word_1_509' title='bbox 3374 863 3592 912; x_wconf 68' lang='lat' dir='ltr'><strong>aeternas</strong></span> 
     </span>
    </p>
   </div>
   <div class='ocr_carea' id='block_1_67' title="bbox 1998 931 3588 1017">
    <p class='ocr_par' dir='ltr' id='par_1_67' title="bbox 1998 931 3588 1017">
     <span class='ocr_line' id='line_1_67' title="bbox 1998 931 3588 1017; baseline 0.01 -31"><span class='ocrx_word' id='word_1_510' title='bbox 1998 931 2245 986; x_wconf 88' lang='lat' dir='ltr'><strong>civitatis.</strong></span> <span class='ocrx_word' id='word_1_511' title='bbox 2272 933 2443 990; x_wconf 87' lang='lat' dir='ltr'><strong>Habet</strong></span> <span class='ocrx_word' id='word_1_512' title='bbox 2478 945 2533 992; x_wconf 89' lang='lat' dir='ltr'><strong>et</strong></span> <span class='ocrx_word' id='word_1_513' title='bbox 2562 937 2676 994; x_wconf 68' lang='lat' dir='ltr'><strong>haec</strong></span> <span class='ocrx_word' id='word_1_514' title='bbox 2695 938 2883 996; x_wconf 85' lang='lat' dir='ltr'><strong>civitas</strong></span> <span class='ocrx_word' id='word_1_515' title='bbox 2911 957 3031 1012; x_wconf 69' lang='lat' dir='ltr'><strong>quae</strong></span> <span class='ocrx_word' id='word_1_516' title='bbox 3056 943 3345 1017; x_wconf 81' lang='lat' dir='ltr'><strong>Babylonia</strong></span> <span class='ocrx_word' id='word_1_517' title='bbox 3372 945 3588 1015; x_wconf 86' lang='lat' dir='ltr'><strong>dicitur,</strong></span> 
     </span>
    </p>
   </div>
   <div class='ocr_carea' id='block_1_68' title="bbox 1998 1032 3592 1109">
    <p class='ocr_par' dir='ltr' id='par_1_68' title="bbox 1998 1032 3592 1109">
     <span class='ocr_line' id='line_1_68' title="bbox 1998 1032 3592 1109; baseline 0.013 -32"><span class='ocrx_word' id='word_1_518' title='bbox 1998 1035 2266 1082; x_wconf 88' lang='lat' dir='ltr'><strong>amatores</strong></span> <span class='ocrx_word' id='word_1_519' title='bbox 2309 1045 2436 1085; x_wconf 89' lang='lat' dir='ltr'><strong>suos</strong></span> <span class='ocrx_word' id='word_1_520' title='bbox 2475 1032 2816 1090; x_wconf 89' lang='lat' dir='ltr'><strong>consulentes</strong></span> <span class='ocrx_word' id='word_1_521' title='bbox 2858 1035 2975 1106; x_wconf 86' lang='lat' dir='ltr'><strong>paci</strong></span> <span class='ocrx_word' id='word_1_522' title='bbox 3023 1039 3320 1109; x_wconf 90' lang='lat' dir='ltr'><strong>temporali,</strong></span> <span class='ocrx_word' id='word_1_523' title='bbox 3359 1049 3413 1096; x_wconf 89' lang='lat' dir='ltr'><strong>et</strong></span> <span class='ocrx_word' id='word_1_524' title='bbox 3456 1040 3592 1097; x_wconf 88' lang='lat' dir='ltr'><strong>nihil</strong></span> 
     </span>
    </p>
   </div>
   <div class='ocr_carea' id='block_1_69' title="bbox 2000 1120 3583 1205">
    <p class='ocr_par' dir='ltr' id='par_1_69' title="bbox 2000 1120 3583 1205">
     <span class='ocr_line' id='line_1_69' title="bbox 2000 1120 3583 1205; baseline 0.01 -31"><span class='ocrx_word' id='word_1_525' title='bbox 2000 1120 2136 1175; x_wconf 87' lang='lat' dir='ltr'><strong>ultra</strong></span> <span class='ocrx_word' id='word_1_526' title='bbox 2162 1133 2459 1192; x_wconf 85' lang='lat' dir='ltr'><strong>sperantes,</strong></span> <span class='ocrx_word' id='word_1_527' title='bbox 2493 1134 2768 1198; x_wconf 90' lang='lat' dir='ltr'><strong>totumque</strong></span> <span class='ocrx_word' id='word_1_528' title='bbox 2786 1130 3039 1199; x_wconf 76' lang='lat' dir='ltr'><strong>gaudium</strong></span> <span class='ocrx_word' id='word_1_529' title='bbox 3062 1146 3217 1187; x_wconf 91' lang='lat' dir='ltr'><strong>suum</strong></span> <span class='ocrx_word' id='word_1_530' title='bbox 3247 1132 3318 1188; x_wconf 90' lang='lat' dir='ltr'><strong>ibi</strong></span> <span class='ocrx_word' id='word_1_531' title='bbox 3340 1132 3583 1205; x_wconf 86' lang='lat' dir='ltr'><strong>ﬁgentes,</strong></span> 
     </span>
    </p>
   </div>
   <div class='ocr_carea' id='block_1_70' title="bbox 1999 1211 3590 1297">
    <p class='ocr_par' dir='ltr' id='par_1_70' title="bbox 1999 1211 3590 1297">
     <span class='ocr_line' id='line_1_70' title="bbox 1999 1211 3590 1297; baseline 0.011 -32"><span class='ocrx_word' id='word_1_532' title='bbox 1999 1211 2070 1266; x_wconf 90' lang='lat' dir='ltr'><strong>ibi</strong></span> <span class='ocrx_word' id='word_1_533' title='bbox 2097 1213 2360 1280; x_wconf 87' lang='lat' dir='ltr'><strong>ﬁnientes,</strong></span> <span class='ocrx_word' id='word_1_534' title='bbox 2413 1226 2467 1270; x_wconf 89' lang='lat' dir='ltr'><strong>et</strong></span> <span class='ocrx_word' id='word_1_535' title='bbox 2513 1218 2753 1276; x_wconf 88' lang='lat' dir='ltr'><strong>videmus</strong></span> <span class='ocrx_word' id='word_1_536' title='bbox 2799 1237 2893 1278; x_wconf 90' lang='lat' dir='ltr'><strong>eos</strong></span> <span class='ocrx_word' id='word_1_537' title='bbox 2933 1238 3029 1292; x_wconf 91' lang='lat' dir='ltr'><strong>pro</strong></span> <span class='ocrx_word' id='word_1_538' title='bbox 3065 1224 3335 1297; x_wconf 89' lang='lat' dir='ltr'><strong>republica</strong></span> <span class='ocrx_word' id='word_1_539' title='bbox 3378 1235 3590 1282; x_wconf 90' lang='lat' dir='ltr'><strong>terrena</strong></span> 
     </span>
    </p>
   </div>
   <div class='ocr_carea' id='block_1_71' title="bbox 2000 1303 3593 1387">
    <p class='ocr_par' dir='ltr' id='par_1_71' title="bbox 2000 1303 3593 1387">
     <span class='ocr_line' id='line_1_71' title="bbox 2000 1303 3593 1387; baseline 0.01 -30"><span class='ocrx_word' id='word_1_540' title='bbox 2000 1303 2285 1373; x_wconf 91' lang='lat' dir='ltr'><strong>plurimum</strong></span> <span class='ocrx_word' id='word_1_541' title='bbox 2312 1306 2557 1363; x_wconf 88' lang='lat' dir='ltr'><strong>laborare</strong></span> <span class='ocrx_word' id='word_1_542' title='bbox 2585 1327 2599 1364; x_wconf 91' lang='lat'><strong>:</strong></span> <span class='ocrx_word' id='word_1_543' title='bbox 2633 1311 2726 1366; x_wconf 89' lang='lat' dir='ltr'><strong>sed</strong></span> <span class='ocrx_word' id='word_1_544' title='bbox 2751 1321 2806 1367; x_wconf 91' lang='lat' dir='ltr'><strong>et</strong></span> <span class='ocrx_word' id='word_1_545' title='bbox 2834 1311 2888 1367; x_wconf 91' lang='lat' dir='ltr'><strong>in</strong></span> <span class='ocrx_word' id='word_1_546' title='bbox 2915 1328 2975 1369; x_wconf 90' lang='lat' dir='ltr'><strong>ea</strong></span> <span class='ocrx_word' id='word_1_547' title='bbox 3006 1315 3326 1387; x_wconf 83' lang='lat' dir='ltr'><strong>quicumque</strong></span> <span class='ocrx_word' id='word_1_548' title='bbox 3364 1315 3593 1373; x_wconf 85' lang='lat' dir='ltr'><strong>ﬁdeliter</strong></span> 
     </span>
    </p>
   </div>
   <div class='ocr_carea' id='block_1_72' title="bbox 1999 1398 3588 1477">
    <p class='ocr_par' dir='ltr' id='par_1_72' title="bbox 1999 1398 3588 1477">
     <span class='ocr_line' id='line_1_72' title="bbox 1999 1398 3588 1477; baseline 0.012 -31"><span class='ocrx_word' id='word_1_549' title='bbox 1999 1406 2295 1464; x_wconf 88' lang='lat' dir='ltr'><strong>versantur,</strong></span> <span class='ocrx_word' id='word_1_550' title='bbox 2323 1398 2367 1453; x_wconf 90' lang='lat' dir='ltr'><strong>si</strong></span> <span class='ocrx_word' id='word_1_551' title='bbox 2394 1415 2498 1454; x_wconf 91' lang='lat' dir='ltr'><strong>non</strong></span> <span class='ocrx_word' id='word_1_552' title='bbox 2522 1400 2591 1454; x_wconf 93' lang='lat' dir='ltr'><strong>ibi</strong></span> <span class='ocrx_word' id='word_1_553' title='bbox 2619 1412 2869 1471; x_wconf 91' lang='lat' dir='ltr'><strong>appetant</strong></span> <span class='ocrx_word' id='word_1_554' title='bbox 2895 1406 3198 1475; x_wconf 88' lang='lat' dir='ltr'><strong>superbiam</strong></span> <span class='ocrx_word' id='word_1_555' title='bbox 3221 1416 3276 1462; x_wconf 92' lang='lat' dir='ltr'><strong>et</strong></span> <span class='ocrx_word' id='word_1_556' title='bbox 3297 1409 3588 1477; x_wconf 87' lang='lat' dir='ltr'><strong>perituram</strong></span> 
     </span>
    </p>
   </div>
   <div class='ocr_carea' id='block_1_73' title="bbox 1997 1489 3588 1565">
    <p class='ocr_par' dir='ltr' id='par_1_73' title="bbox 1997 1489 3588 1565">
     <span class='ocr_line' id='line_1_73' title="bbox 1997 1489 3588 1565; baseline 0.01 -22"><span class='ocrx_word' id='word_1_557' title='bbox 1997 1489 2280 1545; x_wconf 89' lang='lat' dir='ltr'><strong>elationem</strong></span> <span class='ocrx_word' id='word_1_558' title='bbox 2311 1492 2690 1564; x_wconf 70' lang='lat' dir='ltr'><strong>odiosamqne‘</strong></span> <span class='ocrx_word' id='word_1_559' title='bbox 2718 1494 3063 1565; x_wconf 87' lang='lat' dir='ltr'><strong>jactantiam;</strong></span> <span class='ocrx_word' id='word_1_560' title='bbox 3097 1499 3190 1554; x_wconf 90' lang='lat' dir='ltr'><strong>sed</strong></span> <span class='ocrx_word' id='word_1_561' title='bbox 3218 1515 3396 1556; x_wconf 87' lang='lat' dir='ltr'><strong>veram</strong></span> <span class='ocrx_word' id='word_1_562' title='bbox 3429 1503 3588 1559; x_wconf 85' lang='lat' dir='ltr'><strong>ﬁdem</strong></span> 
     </span>
    </p>
   </div>
   <div class='ocr_carea' id='block_1_74' title="bbox 1997 1581 3591 1664">
    <p class='ocr_par' dir='ltr' id='par_1_74' title="bbox 1997 1581 3591 1664">
     <span class='ocr_line' id='line_1_74' title="bbox 1997 1581 3591 1664; baseline 0.011 -29"><span class='ocrx_word' id='word_1_563' title='bbox 1997 1581 2304 1650; x_wconf 83' lang='lat' dir='ltr'><strong>exhibeant,</strong></span> <span class='ocrx_word' id='word_1_564' title='bbox 2348 1600 2506 1652; x_wconf 89' lang='lat' dir='ltr'><strong>quam</strong></span> <span class='ocrx_word' id='word_1_565' title='bbox 2535 1597 2777 1656; x_wconf 84' lang='lat' dir='ltr'><strong>possunt,</strong></span> <span class='ocrx_word' id='word_1_566' title='bbox 2822 1590 3070 1658; x_wconf 88' lang='lat' dir='ltr'><strong>quamdiu</strong></span> <span class='ocrx_word' id='word_1_567' title='bbox 3111 1602 3348 1661; x_wconf 84' lang='lat' dir='ltr'><strong>possunt,</strong></span> <span class='ocrx_word' id='word_1_568' title='bbox 3399 1596 3591 1664; x_wconf 86' lang='lat' dir='ltr'><strong>quibus</strong></span> 
     </span>
    </p>
   </div>
   <div class='ocr_carea' id='block_1_75' title="bbox 1998 1676 3586 1756">
    <p class='ocr_par' dir='ltr' id='par_1_75' title="bbox 1998 1676 3586 1756">
     <span class='ocr_line' id='line_1_75' title="bbox 1998 1676 3586 1756; baseline 0.011 -29"><span class='ocrx_word' id='word_1_569' title='bbox 1998 1683 2240 1742; x_wconf 90' lang='lat' dir='ltr'><strong>possunt,</strong></span> <span class='ocrx_word' id='word_1_570' title='bbox 2272 1676 2338 1730; x_wconf 91' lang='lat' dir='ltr'><strong>ad</strong></span> <span class='ocrx_word' id='word_1_571' title='bbox 2369 1686 2625 1747; x_wconf 88' lang='lat' dir='ltr'><strong>quantum</strong></span> <span class='ocrx_word' id='word_1_572' title='bbox 2653 1679 2833 1734; x_wconf 90' lang='lat' dir='ltr'><strong>vident</strong></span> <span class='ocrx_word' id='word_1_573' title='bbox 2862 1690 3092 1749; x_wconf 88' lang='lat' dir='ltr'><strong>terrena,</strong></span> <span class='ocrx_word' id='word_1_574' title='bbox 3137 1695 3191 1740; x_wconf 89' lang='lat' dir='ltr'><strong>et</strong></span> <span class='ocrx_word' id='word_1_575' title='bbox 3234 1685 3300 1740; x_wconf 91' lang='lat' dir='ltr'><strong>ad</strong></span> <span class='ocrx_word' id='word_1_576' title='bbox 3327 1698 3586 1756; x_wconf 89' lang='lat' dir='ltr'><strong>quantum</strong></span> 
     </span>
    </p>
   </div>
   <div class='ocr_carea' id='block_1_76' title="bbox 1997 1764 3589 1848">
    <p class='ocr_par' dir='ltr' id='par_1_76' title="bbox 1997 1764 3589 1848">
     <span class='ocr_line' id='line_1_76' title="bbox 1997 1764 3589 1848; baseline 0.011 -30"><span class='ocrx_word' id='word_1_577' title='bbox 1997 1764 2296 1837; x_wconf 83' lang='lat' dir='ltr'><strong>intelligunt</strong></span> <span class='ocrx_word' id='word_1_578' title='bbox 2316 1769 2547 1837; x_wconf 90' lang='lat' dir='ltr'><strong>speciem</strong></span> <span class='ocrx_word' id='word_1_579' title='bbox 2569 1769 2826 1837; x_wconf 83' lang='lat' dir='ltr'><strong>civitatis;</strong></span> <span class='ocrx_word' id='word_1_580' title='bbox 2850 1787 2956 1827; x_wconf 93' lang='lat' dir='ltr'><strong>non</strong></span> <span class='ocrx_word' id='word_1_581' title='bbox 2982 1788 3076 1828; x_wconf 89' lang='lat' dir='ltr'><strong>eos</strong></span> <span class='ocrx_word' id='word_1_582' title='bbox 3101 1774 3226 1829; x_wconf 91' lang='lat' dir='ltr'><strong>sinit</strong></span> <span class='ocrx_word' id='word_1_583' title='bbox 3248 1775 3390 1832; x_wconf 89' lang='lat' dir='ltr'><strong>Deus</strong></span> <span class='ocrx_word' id='word_1_584' title='bbox 3412 1779 3589 1848; x_wconf 81' lang='lat' dir='ltr'><strong>perire</strong></span> 
     </span>
    </p>
   </div>
   <div class='ocr_carea' id='block_1_77' title="bbox 1997 1857 3587 1932">
    <p class='ocr_par' dir='ltr' id='par_1_77' title="bbox 1997 1857 3587 1932">
     <span class='ocr_line' id='line_1_77' title="bbox 1997 1857 3587 1932; baseline 0.009 -20"><span class='ocrx_word' id='word_1_585' title='bbox 1997 1857 2050 1912; x_wconf 93' lang='lat' dir='ltr'><strong>in</strong></span> <span class='ocrx_word' id='word_1_586' title='bbox 2079 1859 2366 1930; x_wconf 81' lang='lat' dir='ltr'><strong>Babylonia</strong></span> <span class='ocrx_word' id='word_1_587' title='bbox 2396 1877 2410 1915; x_wconf 90' lang='lat'><strong>:</strong></span> <span class='ocrx_word' id='word_1_588' title='bbox 2460 1861 2853 1932; x_wconf 86' lang='lat' dir='ltr'><strong>praedestinavit</strong></span> <span class='ocrx_word' id='word_1_589' title='bbox 2885 1865 3029 1920; x_wconf 89' lang='lat' dir='ltr'><strong>enim</strong></span> <span class='ocrx_word' id='word_1_590' title='bbox 3074 1881 3169 1922; x_wconf 86' lang='lat' dir='ltr'><strong>eos</strong></span> <span class='ocrx_word' id='word_1_591' title='bbox 3195 1869 3338 1923; x_wconf 89' lang='lat' dir='ltr'><strong>cives</strong></span> <span class='ocrx_word' id='word_1_592' title='bbox 3361 1869 3587 1927; x_wconf 89' lang='lat' dir='ltr'><strong>Jerusa-</strong></span> 
     </span>
    </p>
   </div>
   <div class='ocr_carea' id='block_1_78' title="bbox 1982 1949 3592 2025">
    <p class='ocr_par' dir='ltr' id='par_1_78' title="bbox 1982 1949 3592 2025">
     <span class='ocr_line' id='line_1_78' title="bbox 1982 1949 3592 2025; baseline 0.008 -17"><span class='ocrx_word' id='word_1_593' title='bbox 1982 1949 2124 2008; x_wconf 82' lang='lat' dir='ltr'><strong>lem.</strong></span> <span class='ocrx_word' id='word_1_594' title='bbox 2167 1951 2417 2022; x_wconf 85' lang='lat' dir='ltr'><strong>lntelligit</strong></span> <span class='ocrx_word' id='word_1_595' title='bbox 2457 1955 2816 2025; x_wconf 87' lang='lat' dir='ltr'><strong>captivitatem</strong></span> <span class='ocrx_word' id='word_1_596' title='bbox 2853 1974 3039 2013; x_wconf 89' lang='lat' dir='ltr'><strong>eorum</strong></span> <span class='ocrx_word' id='word_1_597' title='bbox 3072 1959 3232 2024; x_wconf 88' lang='lat' dir='ltr'><strong>Deus,</strong></span> <span class='ocrx_word' id='word_1_598' title='bbox 3281 1971 3336 2018; x_wconf 91' lang='lat' dir='ltr'><strong>et</strong></span> <span class='ocrx_word' id='word_1_599' title='bbox 3357 1965 3592 2021; x_wconf 86' lang='lat' dir='ltr'><strong>ostendit</strong></span> 
     </span>
    </p>
   </div>
   <div class='ocr_carea' id='block_1_79' title="bbox 1997 2042 3590 2125">
    <p class='ocr_par' dir='ltr' id='par_1_79' title="bbox 1997 2042 3590 2125">
     <span class='ocr_line' id='line_1_79' title="bbox 1997 2042 3590 2125; baseline 0.009 -29"><span class='ocrx_word' id='word_1_600' title='bbox 1997 2042 2103 2098; x_wconf 90' lang='lat' dir='ltr'><strong>illis</strong></span> <span class='ocrx_word' id='word_1_601' title='bbox 2125 2043 2281 2100; x_wconf 90' lang='lat' dir='ltr'><strong>aliam</strong></span> <span class='ocrx_word' id='word_1_602' title='bbox 2321 2045 2611 2114; x_wconf 85' lang='lat' dir='ltr'><strong>civitatem,</strong></span> <span class='ocrx_word' id='word_1_603' title='bbox 2643 2049 2728 2103; x_wconf 91' lang='lat' dir='ltr'><strong>cui</strong></span> <span class='ocrx_word' id='word_1_604' title='bbox 2757 2064 2886 2105; x_wconf 86' lang='lat' dir='ltr'><strong>vere</strong></span> <span class='ocrx_word' id='word_1_605' title='bbox 2912 2050 3141 2106; x_wconf 88' lang='lat' dir='ltr'><strong>debeant</strong></span> <span class='ocrx_word' id='word_1_606' title='bbox 3168 2052 3460 2125; x_wconf 90' lang='lat' dir='ltr'><strong>suspirare,</strong></span> <span class='ocrx_word' id='word_1_607' title='bbox 3493 2071 3590 2125; x_wconf 92' lang='lat' dir='ltr'><strong>pro</strong></span> 
     </span>
    </p>
   </div>
   <div class='ocr_carea' id='block_1_80' title="bbox 1997 2135 3588 2215">
    <p class='ocr_par' dir='ltr' id='par_1_80' title="bbox 1997 2135 3588 2215">
     <span class='ocr_line' id='line_1_80' title="bbox 1997 2135 3588 2215; baseline 0.009 -27"><span class='ocrx_word' id='word_1_608' title='bbox 1997 2151 2098 2205; x_wconf 90' lang='lat' dir='ltr'><strong>qua</strong></span> <span class='ocrx_word' id='word_1_609' title='bbox 2130 2135 2360 2192; x_wconf 90' lang='lat' dir='ltr'><strong>debeant</strong></span> <span class='ocrx_word' id='word_1_610' title='bbox 2401 2148 2590 2194; x_wconf 89' lang='lat' dir='ltr'><strong>cuncta</strong></span> <span class='ocrx_word' id='word_1_611' title='bbox 2637 2140 2842 2207; x_wconf 89' lang='lat' dir='ltr'><strong>conari,</strong></span> <span class='ocrx_word' id='word_1_612' title='bbox 2891 2141 2955 2195; x_wconf 90' lang='lat' dir='ltr'><strong>ad</strong></span> <span class='ocrx_word' id='word_1_613' title='bbox 3002 2157 3161 2212; x_wconf 89' lang='lat' dir='ltr'><strong>quam</strong></span> <span class='ocrx_word' id='word_1_614' title='bbox 3207 2145 3588 2215; x_wconf 88' lang='lat' dir='ltr'><strong>capessendam</strong></span> 
     </span>
    </p>
   </div>
   <div class='ocr_carea' id='block_1_81' title="bbox 1997 2228 3586 2306">
    <p class='ocr_par' dir='ltr' id='par_1_81' title="bbox 1997 2228 3586 2306">
     <span class='ocr_line' id='line_1_81' title="bbox 1997 2228 3586 2306; baseline 0.007 -24"><span class='ocrx_word' id='word_1_615' title='bbox 1997 2228 2230 2285; x_wconf 87' lang='lat' dir='ltr'><strong>debeant</strong></span> <span class='ocrx_word' id='word_1_616' title='bbox 2268 2231 2417 2286; x_wconf 90' lang='lat' dir='ltr'><strong>cives</strong></span> <span class='ocrx_word' id='word_1_617' title='bbox 2441 2246 2568 2288; x_wconf 91' lang='lat' dir='ltr'><strong>suos</strong></span> <span class='ocrx_word' id='word_1_618' title='bbox 2613 2248 2792 2289; x_wconf 90' lang='lat' dir='ltr'><strong>secum</strong></span> <span class='ocrx_word' id='word_1_619' title='bbox 2822 2236 3152 2305; x_wconf 87' lang='lat' dir='ltr'><strong>peregrinos,</strong></span> <span class='ocrx_word' id='word_1_620' title='bbox 3207 2246 3462 2306; x_wconf 89' lang='lat' dir='ltr'><strong>quantum</strong></span> <span class='ocrx_word' id='word_1_621' title='bbox 3491 2254 3586 2294; x_wconf 86' lang='lat' dir='ltr'><strong>va-</strong></span> 
     </span>
    </p>
   </div>
   <div class='ocr_carea' id='block_1_82' title="bbox 1996 2323 3586 2396">
    <p class='ocr_par' dir='ltr' id='par_1_82' title="bbox 1996 2323 3586 2396">
     <span class='ocr_line' id='line_1_82' title="bbox 1996 2323 3586 2396; baseline 0.007 -18"><span class='ocrx_word' id='word_1_622' title='bbox 1996 2323 2211 2390; x_wconf 89' lang='lat' dir='ltr'><strong>luerint,</strong></span> <span class='ocrx_word' id='word_1_623' title='bbox 2261 2324 2554 2381; x_wconf 87' lang='lat' dir='ltr'><strong>adhortari.</strong></span> <span class='ocrx_word' id='word_1_624' title='bbox 2608 2327 2895 2396; x_wconf 87' lang='lat' dir='ltr'><strong>Propterea</strong></span> <span class='ocrx_word' id='word_1_625' title='bbox 2939 2327 3072 2382; x_wconf 86' lang='lat' dir='ltr'><strong>dicit</strong></span> <span class='ocrx_word' id='word_1_626' title='bbox 3125 2329 3376 2386; x_wconf 90' lang='lat' dir='ltr'><strong>Dominus</strong></span> <span class='ocrx_word' id='word_1_627' title='bbox 3429 2331 3586 2389; x_wconf 83' lang='lat' dir='ltr'><strong>Jesns</strong></span> 
     </span>
    </p>
   </div>
   <div class='ocr_carea' id='block_1_83' title="bbox 1995 2414 3586 2494">
    <p class='ocr_par' dir='ltr' id='par_1_83' title="bbox 1995 2414 3586 2494">
     <span class='ocr_line' id='line_1_83' title="bbox 1995 2414 3586 2494; baseline 0.006 -25"><span class='ocrx_word' id='word_1_628' title='bbox 1995 2414 2260 2483; x_wconf 82' lang='lat' dir='ltr'><strong>Christus,</strong></span> <span class='ocrx_word' id='word_1_629' title='bbox 2292 2417 2391 2484; x_wconf 80' lang='lat' dir='ltr'><strong>Qui</strong></span> <span class='ocrx_word' id='word_1_630' title='bbox 2410 2419 2464 2472; x_wconf 84' lang='lat' dir='ltr'><strong>in</strong></span> <span class='ocrx_word' id='word_1_631' title='bbox 2490 2418 2686 2473; x_wconf 87' lang='lat' dir='ltr'><strong>modico</strong></span> <span class='ocrx_word' id='word_1_632' title='bbox 2720 2419 2886 2488; x_wconf 84' lang='lat' dir='ltr'><strong>ﬁdelis</strong></span> <span class='ocrx_word' id='word_1_633' title='bbox 2914 2429 3007 2486; x_wconf 87' lang='lat' dir='ltr'><strong>est,</strong></span> <span class='ocrx_word' id='word_1_634' title='bbox 3053 2421 3174 2476; x_wconf 88' lang='lat' dir='ltr'><strong>etin</strong></span> <span class='ocrx_word' id='word_1_635' title='bbox 3213 2438 3395 2494; x_wconf 85' lang='lat' dir='ltr'><strong>magno</strong></span> <span class='ocrx_word' id='word_1_636' title='bbox 3420 2424 3586 2494; x_wconf 82' lang='lat' dir='ltr'><strong>ﬁdelis</strong></span> 
     </span>
    </p>
   </div>
   <div class='ocr_carea' id='block_1_84' title="bbox 1997 2510 3583 2586">
    <p class='ocr_par' dir='ltr' id='par_1_84' title="bbox 1997 2510 3583 2586">
     <span class='ocr_line' id='line_1_84' title="bbox 1997 2510 3583 2586; baseline 0.005 -24"><span class='ocrx_word' id='word_1_637' title='bbox 1997 2517 2109 2564; x_wconf 87' lang='lat' dir='ltr'><strong>est:</strong></span> <span class='ocrx_word' id='word_1_638' title='bbox 2148 2517 2203 2564; x_wconf 89' lang='lat' dir='ltr'><strong>et</strong></span> <span class='ocrx_word' id='word_1_639' title='bbox 2239 2525 2448 2564; x_wconf 88' lang='lat' dir='ltr'><strong>rursum</strong></span> <span class='ocrx_word' id='word_1_640' title='bbox 2488 2510 2636 2577; x_wconf 89' lang='lat' dir='ltr'><strong>dicit,</strong></span> <span class='ocrx_word' id='word_1_641' title='bbox 2669 2511 2729 2566; x_wconf 89' lang='lat' dir='ltr'><strong>Si</strong></span> <span class='ocrx_word' id='word_1_642' title='bbox 2757 2511 2810 2565; x_wconf 88' lang='lat' dir='ltr'><strong>in</strong></span> <span class='ocrx_word' id='word_1_643' title='bbox 2848 2510 3013 2567; x_wconf 88' lang='lat' dir='ltr'><strong>alieno</strong></span> <span class='ocrx_word' id='word_1_644' title='bbox 3049 2513 3224 2580; x_wconf 77' lang='lat' dir='ltr'><strong>ﬁdeles</strong></span> <span class='ocrx_word' id='word_1_645' title='bbox 3258 2530 3360 2570; x_wconf 90' lang='lat' dir='ltr'><strong>non</strong></span> <span class='ocrx_word' id='word_1_646' title='bbox 3394 2516 3583 2586; x_wconf 82' lang='lat' dir='ltr'><strong>fuistis,</strong></span> 
     </span>
    </p>
   </div>
   <div class='ocr_carea' id='block_1_85' title="bbox 1995 2605 3267 2679">
    <p class='ocr_par' dir='ltr' id='par_1_85' title="bbox 1995 2605 3267 2679">
     <span class='ocr_line' id='line_1_85' title="bbox 1995 2605 3267 2679; baseline 0.002 -21"><span class='ocrx_word' id='word_1_647' title='bbox 1995 2614 2214 2659; x_wconf 82' lang='lat' dir='ltr'><strong>vestrum</strong></span> <span class='ocrx_word' id='word_1_648' title='bbox 2237 2605 2349 2678; x_wconf 86' lang='lat' dir='ltr'><strong>quis</strong></span> <span class='ocrx_word' id='word_1_649' title='bbox 2375 2605 2512 2659; x_wconf 89' lang='lat' dir='ltr'><strong>dabit</strong></span> <span class='ocrx_word' id='word_1_650' title='bbox 2531 2605 2668 2660; x_wconf 82' lang='lat' dir='ltr'><strong>vobis</strong></span> <span class='ocrx_word' id='word_1_651' title='bbox 2697 2605 2849 2678; x_wconf 87' lang='lat' dir='ltr'><strong>(Luc.</strong></span> <span class='ocrx_word' id='word_1_652' title='bbox 2879 2622 2988 2674; x_wconf 80' lang='lat' dir='ltr'><strong>xvr,</strong></span> <span class='ocrx_word' id='word_1_653' title='bbox 3020 2605 3105 2672; x_wconf 86' lang='lat' dir='ltr'><strong>l0,</strong></span> <span class='ocrx_word' id='word_1_654' title='bbox 3135 2606 3267 2679; x_wconf 67' lang='lat'><strong>12)?</strong></span> 
     </span>
    </p>
   </div>
   <div class='ocr_carea' id='block_1_86' title="bbox 2067 2697 3582 2774">
    <p class='ocr_par' dir='ltr' id='par_1_86' title="bbox 2067 2697 3582 2774">
     <span class='ocr_line' id='line_1_86' title="bbox 2067 2697 3582 2774; baseline 0.004 -21"><span class='ocrx_word' id='word_1_655' title='bbox 2067 2697 2119 2753; x_wconf 77' lang='lat'><strong>5.</strong></span> <span class='ocrx_word' id='word_1_656' title='bbox 2162 2697 2385 2762; x_wconf 84' lang='lat' dir='ltr'><strong>Tamen,</strong></span> <span class='ocrx_word' id='word_1_657' title='bbox 2409 2697 2730 2764; x_wconf 88' lang='lat' dir='ltr'><strong>cbarissimi,</strong></span> <span class='ocrx_word' id='word_1_658' title='bbox 2757 2699 3017 2755; x_wconf 91' lang='lat' dir='ltr'><strong>attendite</strong></span> <span class='ocrx_word' id='word_1_659' title='bbox 3037 2699 3254 2755; x_wconf 86' lang='lat' dir='ltr'><strong>ﬂumina</strong></span> <span class='ocrx_word' id='word_1_660' title='bbox 3275 2701 3582 2774; x_wconf 83' lang='lat' dir='ltr'><strong>Babylonis.</strong></span> 
     </span>
    </p>
   </div>
   <div class='ocr_carea' id='block_1_87' title="bbox 1995 2787 3586 2861">
    <p class='ocr_par' dir='ltr' id='par_1_87' title="bbox 1995 2787 3586 2861">
     <span class='ocr_line' id='line_1_87' title="bbox 1995 2787 3586 2861; baseline 0.006 -20"><span class='ocrx_word' id='word_1_661' title='bbox 1995 2787 2239 2842; x_wconf 89' lang='lat' dir='ltr'><strong>Flumina</strong></span> <span class='ocrx_word' id='word_1_662' title='bbox 2271 2788 2576 2860; x_wconf 88' lang='lat' dir='ltr'><strong>Babylonis,</strong></span> <span class='ocrx_word' id='word_1_663' title='bbox 2605 2798 2731 2845; x_wconf 90' lang='lat' dir='ltr'><strong>sunt</strong></span> <span class='ocrx_word' id='word_1_664' title='bbox 2769 2791 2944 2844; x_wconf 89' lang='lat' dir='ltr'><strong>omnia</strong></span> <span class='ocrx_word' id='word_1_665' title='bbox 2983 2805 3102 2861; x_wconf 61' lang='lat' dir='ltr'><strong>qua;</strong></span> <span class='ocrx_word' id='word_1_666' title='bbox 3142 2789 3228 2846; x_wconf 91' lang='lat' dir='ltr'><strong>hic</strong></span> <span class='ocrx_word' id='word_1_667' title='bbox 3256 2801 3504 2848; x_wconf 88' lang='lat' dir='ltr'><strong>amantur</strong></span> <span class='ocrx_word' id='word_1_668' title='bbox 3531 2802 3586 2850; x_wconf 85' lang='lat' dir='ltr'><strong>et</strong></span> 
     </span>
    </p>
   </div>
   <div class='ocr_carea' id='block_1_88' title="bbox 1996 2866 3586 2954">
    <p class='ocr_par' dir='ltr' id='par_1_88' title="bbox 1996 2866 3586 2954">
     <span class='ocr_line' id='line_1_88' title="bbox 1996 2866 3586 2954; baseline 0.005 -22"><span class='ocrx_word' id='word_1_669' title='bbox 1996 2887 2294 2934; x_wconf 88' lang='lat' dir='ltr'><strong>transeunt.</strong></span> <span class='ocrx_word' id='word_1_670' title='bbox 2325 2879 2517 2935; x_wconf 87' lang='lat' dir='ltr'><strong>Nescio</strong></span> <span class='ocrx_word' id='word_1_671' title='bbox 2559 2881 2679 2950; x_wconf 89' lang='lat' dir='ltr'><strong>quis</strong></span> <span class='ocrx_word' id='word_1_672' title='bbox 2706 2881 2923 2946; x_wconf 87' lang='lat' dir='ltr'><strong>amavit,</strong></span> <span class='ocrx_word' id='word_1_673' title='bbox 2967 2866 3121 2936; x_wconf 86' lang='lat' dir='ltr'><strong>verbi</strong></span> <span class='ocrx_word' id='word_1_674' title='bbox 3142 2882 3333 2952; x_wconf 89' lang='lat' dir='ltr'><strong>gratia,</strong></span> <span class='ocrx_word' id='word_1_675' title='bbox 3363 2884 3586 2954; x_wconf 86' lang='lat' dir='ltr'><strong>agricul-</strong></span> 
     </span>
    </p>
   </div>
   <div class='ocr_carea' id='block_1_89' title="bbox 1997 2971 3587 3048">
    <p class='ocr_par' dir='ltr' id='par_1_89' title="bbox 1997 2971 3587 3048">
     <span class='ocr_line' id='line_1_89' title="bbox 1997 2971 3587 3048; baseline 0.003 -20"><span class='ocrx_word' id='word_1_676' title='bbox 1997 2980 2172 3028; x_wconf 88' lang='lat' dir='ltr'><strong>turam</strong></span> <span class='ocrx_word' id='word_1_677' title='bbox 2209 2971 2381 3043; x_wconf 90' lang='lat' dir='ltr'><strong>ipsam</strong></span> <span class='ocrx_word' id='word_1_678' title='bbox 2427 2988 2702 3040; x_wconf 83' lang='lat' dir='ltr'><strong>excrcere,</strong></span> <span class='ocrx_word' id='word_1_679' title='bbox 2735 2973 2860 3030; x_wconf 88' lang='lat' dir='ltr'><strong>inde</strong></span> <span class='ocrx_word' id='word_1_680' title='bbox 2893 2973 3176 3039; x_wconf 87' lang='lat' dir='ltr'><strong>ditescere,</strong></span> <span class='ocrx_word' id='word_1_681' title='bbox 3210 2975 3282 3029; x_wconf 93' lang='lat' dir='ltr'><strong>ibi</strong></span> <span class='ocrx_word' id='word_1_682' title='bbox 3326 2990 3587 3048; x_wconf 83' lang='lat' dir='ltr'><strong>occupare</strong></span> 
     </span>
    </p>
   </div>
   <div class='ocr_carea' id='block_1_90' title="bbox 1992 3064 3582 3139">
    <p class='ocr_par' dir='ltr' id='par_1_90' title="bbox 1992 3064 3582 3139">
     <span class='ocr_line' id='line_1_90' title="bbox 1992 3064 3582 3139; baseline 0.003 -21"><span class='ocrx_word' id='word_1_683' title='bbox 1992 3064 2249 3130; x_wconf 91' lang='lat' dir='ltr'><strong>animum,</strong></span> <span class='ocrx_word' id='word_1_684' title='bbox 2275 3064 2399 3120; x_wconf 90' lang='lat' dir='ltr'><strong>inde</strong></span> <span class='ocrx_word' id='word_1_685' title='bbox 2422 3066 2698 3136; x_wconf 88' lang='lat' dir='ltr'><strong>percipere</strong></span> <span class='ocrx_word' id='word_1_686' title='bbox 2713 3065 3076 3136; x_wconf 85' lang='lat' dir='ltr'><strong>voluptatem;</strong></span> <span class='ocrx_word' id='word_1_687' title='bbox 3100 3067 3341 3124; x_wconf 84' lang='lat' dir='ltr'><strong>attendat</strong></span> <span class='ocrx_word' id='word_1_688' title='bbox 3360 3069 3582 3139; x_wconf 80' lang='lat' dir='ltr'><strong>exitum,</strong></span> 
     </span>
    </p>
   </div>
   <div class='ocr_carea' id='block_1_91' title="bbox 1993 3157 3584 3229">
    <p class='ocr_par' dir='ltr' id='par_1_91' title="bbox 1993 3157 3584 3229">
     <span class='ocr_line' id='line_1_91' title="bbox 1993 3157 3584 3229; baseline 0.003 -16"><span class='ocrx_word' id='word_1_689' title='bbox 1993 3167 2049 3213; x_wconf 90' lang='lat' dir='ltr'><strong>et</strong></span> <span class='ocrx_word' id='word_1_690' title='bbox 2077 3158 2255 3212; x_wconf 89' lang='lat' dir='ltr'><strong>videat</strong></span> <span class='ocrx_word' id='word_1_691' title='bbox 2281 3157 2410 3214; x_wconf 91' lang='lat' dir='ltr'><strong>illud</strong></span> <span class='ocrx_word' id='word_1_692' title='bbox 2439 3159 2581 3229; x_wconf 87' lang='lat' dir='ltr'><strong>quod</strong></span> <span class='ocrx_word' id='word_1_693' title='bbox 2623 3161 2818 3214; x_wconf 89' lang='lat' dir='ltr'><strong>amavit</strong></span> <span class='ocrx_word' id='word_1_694' title='bbox 2864 3174 2972 3215; x_wconf 92' lang='lat' dir='ltr'><strong>non</strong></span> <span class='ocrx_word' id='word_1_695' title='bbox 3017 3176 3138 3216; x_wconf 87' lang='lat' dir='ltr'><strong>esse</strong></span> <span class='ocrx_word' id='word_1_696' title='bbox 3180 3159 3584 3218; x_wconf 78' lang='lat' dir='ltr'><strong>fundamentum</strong></span> 
     </span>
    </p>
   </div>
   <div class='ocr_carea' id='block_1_92' title="bbox 1992 3249 3584 3324">
    <p class='ocr_par' dir='ltr' id='par_1_92' title="bbox 1992 3249 3584 3324">
     <span class='ocr_line' id='line_1_92' title="bbox 1992 3249 3584 3324; baseline 0.004 -20"><span class='ocrx_word' id='word_1_697' title='bbox 1992 3249 2312 3317; x_wconf 86' lang='lat' dir='ltr'><strong>Jerusalem,</strong></span> <span class='ocrx_word' id='word_1_698' title='bbox 2344 3251 2439 3306; x_wconf 90' lang='lat' dir='ltr'><strong>sed</strong></span> <span class='ocrx_word' id='word_1_699' title='bbox 2466 3251 2687 3306; x_wconf 81' lang='lat' dir='ltr'><strong>ﬂuvium</strong></span> <span class='ocrx_word' id='word_1_700' title='bbox 2734 3251 3042 3324; x_wconf 87' lang='lat' dir='ltr'><strong>Babylonis.</strong></span> <span class='ocrx_word' id='word_1_701' title='bbox 3094 3252 3245 3308; x_wconf 87' lang='lat' dir='ltr'><strong>Alius</strong></span> <span class='ocrx_word' id='word_1_702' title='bbox 3273 3253 3438 3309; x_wconf 85' lang='lat' dir='ltr'><strong>dixit:</strong></span> <span class='ocrx_word' id='word_1_703' title='bbox 3470 3254 3584 3310; x_wconf 80' lang='lat' dir='ltr'><strong>Ma—</strong></span> 
     </span>
    </p>
   </div>
   <div class='ocr_carea' id='block_1_93' title="bbox 1991 3343 3584 3414">
    <p class='ocr_par' dir='ltr' id='par_1_93' title="bbox 1991 3343 3584 3414">
     <span class='ocr_line' id='line_1_93' title="bbox 1991 3343 3584 3414; baseline 0.003 -18"><span class='ocrx_word' id='word_1_704' title='bbox 1991 3357 2094 3413; x_wconf 86' lang='lat' dir='ltr'><strong>gna</strong></span> <span class='ocrx_word' id='word_1_705' title='bbox 2136 3355 2224 3396; x_wconf 86' lang='lat' dir='ltr'><strong>res</strong></span> <span class='ocrx_word' id='word_1_706' title='bbox 2253 3350 2336 3396; x_wconf 90' lang='lat' dir='ltr'><strong>est</strong></span> <span class='ocrx_word' id='word_1_707' title='bbox 2376 3343 2636 3407; x_wconf 89' lang='lat' dir='ltr'><strong>militare;</strong></span> <span class='ocrx_word' id='word_1_708' title='bbox 2681 3358 2867 3398; x_wconf 91' lang='lat' dir='ltr'><strong>omnes</strong></span> <span class='ocrx_word' id='word_1_709' title='bbox 2902 3343 3150 3414; x_wconf 66' lang='lat' dir='ltr'><strong>agricolae</strong></span> <span class='ocrx_word' id='word_1_710' title='bbox 3176 3343 3465 3400; x_wconf 83' lang='lat' dir='ltr'><strong>formidant</strong></span> <span class='ocrx_word' id='word_1_711' title='bbox 3489 3359 3584 3401; x_wconf 90' lang='lat' dir='ltr'><strong>eos</strong></span> 
     </span>
    </p>
   </div>
   <div class='ocr_carea' id='block_1_94' title="bbox 1992 3433 3586 3506">
    <p class='ocr_par' dir='ltr' id='par_1_94' title="bbox 1992 3433 3586 3506">
     <span class='ocr_line' id='line_1_94' title="bbox 1992 3433 3586 3506; baseline 0.004 -18"><span class='ocrx_word' id='word_1_712' title='bbox 1992 3435 2080 3504; x_wconf 89' lang='lat' dir='ltr'><strong>qui</strong></span> <span class='ocrx_word' id='word_1_713' title='bbox 2113 3433 2359 3500; x_wconf 88' lang='lat' dir='ltr'><strong>militant,</strong></span> <span class='ocrx_word' id='word_1_714' title='bbox 2389 3435 2756 3506; x_wconf 86' lang='lat' dir='ltr'><strong>obsequuntur</strong></span> <span class='ocrx_word' id='word_1_715' title='bbox 2797 3436 2893 3503; x_wconf 90' lang='lat' dir='ltr'><strong>eis,</strong></span> <span class='ocrx_word' id='word_1_716' title='bbox 2927 3445 3162 3491; x_wconf 90' lang='lat' dir='ltr'><strong>tremunt</strong></span> <span class='ocrx_word' id='word_1_717' title='bbox 3203 3451 3329 3492; x_wconf 90' lang='lat' dir='ltr'><strong>eos:</strong></span> <span class='ocrx_word' id='word_1_718' title='bbox 3362 3439 3406 3493; x_wconf 88' lang='lat' dir='ltr'><strong>si</strong></span> <span class='ocrx_word' id='word_1_719' title='bbox 3434 3437 3586 3496; x_wconf 75' lang='lat' dir='ltr'><strong>luero</strong></span> 
     </span>
    </p>
   </div>
   <div class='ocr_carea' id='block_1_95' title="bbox 1992 3526 3582 3597">
    <p class='ocr_par' dir='ltr' id='par_1_95' title="bbox 1992 3526 3582 3597">
     <span class='ocr_line' id='line_1_95' title="bbox 1992 3526 3582 3597; baseline 0.002 -16"><span class='ocrx_word' id='word_1_720' title='bbox 1992 3526 2248 3597; x_wconf 77' lang='lat' dir='ltr'><strong>agricola,</strong></span> <span class='ocrx_word' id='word_1_721' title='bbox 2281 3526 2480 3582; x_wconf 90' lang='lat' dir='ltr'><strong>timebo</strong></span> <span class='ocrx_word' id='word_1_722' title='bbox 2506 3526 2822 3592; x_wconf 88' lang='lat' dir='ltr'><strong>militarem;</strong></span> <span class='ocrx_word' id='word_1_723' title='bbox 2855 3527 2897 3581; x_wconf 92' lang='lat' dir='ltr'><strong>si</strong></span> <span class='ocrx_word' id='word_1_724' title='bbox 2930 3527 3078 3582; x_wconf 79' lang='lat' dir='ltr'><strong>fuero</strong></span> <span class='ocrx_word' id='word_1_725' title='bbox 3107 3529 3376 3596; x_wconf 90' lang='lat' dir='ltr'><strong>militaris,</strong></span> <span class='ocrx_word' id='word_1_726' title='bbox 3422 3529 3582 3585; x_wconf 86' lang='lat' dir='ltr'><strong>time-</strong></span> 
     </span>
    </p>
   </div>
   <div class='ocr_carea' id='block_1_96' title="bbox 1993 3617 3586 3691">
    <p class='ocr_par' dir='ltr' id='par_1_96' title="bbox 1993 3617 3586 3691">
     <span class='ocr_line' id='line_1_96' title="bbox 1993 3617 3586 3691; baseline 0.003 -19"><span class='ocrx_word' id='word_1_727' title='bbox 1993 3617 2092 3672; x_wconf 88' lang='lat' dir='ltr'><strong>bor</strong></span> <span class='ocrx_word' id='word_1_728' title='bbox 2120 3617 2188 3672; x_wconf 93' lang='lat' dir='ltr'><strong>ab</strong></span> <span class='ocrx_word' id='word_1_729' title='bbox 2217 3617 2472 3688; x_wconf 78' lang='lat' dir='ltr'><strong>agricola.</strong></span> <span class='ocrx_word' id='word_1_730' title='bbox 2501 3618 2546 3673; x_wconf 93' lang='lat'><strong>0</strong></span> <span class='ocrx_word' id='word_1_731' title='bbox 2576 3619 2782 3685; x_wconf 75' lang='lat' dir='ltr'><strong>insane,</strong></span> <span class='ocrx_word' id='word_1_732' title='bbox 2815 3618 2868 3672; x_wconf 92' lang='lat' dir='ltr'><strong>in</strong></span> <span class='ocrx_word' id='word_1_733' title='bbox 2894 3618 3058 3674; x_wconf 90' lang='lat' dir='ltr'><strong>alium</strong></span> <span class='ocrx_word' id='word_1_734' title='bbox 3089 3627 3139 3674; x_wconf 87' lang='lat' dir='ltr'><strong>te</strong></span> <span class='ocrx_word' id='word_1_735' title='bbox 3169 3619 3457 3691; x_wconf 87' lang='lat' dir='ltr'><strong>Babylonis</strong></span> <span class='ocrx_word' id='word_1_736' title='bbox 3482 3619 3586 3677; x_wconf 79' lang='lat' dir='ltr'><strong>llo-</strong></span> 
     </span>
    </p>
   </div>
   <div class='ocr_carea' id='block_1_97' title="bbox 1995 3709 3588 3782">
    <p class='ocr_par' dir='ltr' id='par_1_97' title="bbox 1995 3709 3588 3782">
     <span class='ocr_line' id='line_1_97' title="bbox 1995 3709 3588 3782; baseline 0.003 -19"><span class='ocrx_word' id='word_1_737' title='bbox 1995 3710 2138 3764; x_wconf 89' lang='lat' dir='ltr'><strong>vium</strong></span> <span class='ocrx_word' id='word_1_738' title='bbox 2162 3709 2524 3778; x_wconf 65' lang='lat' dir='ltr'><strong>prmcipitasti,</strong></span> <span class='ocrx_word' id='word_1_739' title='bbox 2557 3719 2610 3764; x_wconf 91' lang='lat' dir='ltr'><strong>et</strong></span> <span class='ocrx_word' id='word_1_740' title='bbox 2639 3725 2761 3764; x_wconf 92' lang='lat' dir='ltr'><strong>eum</strong></span> <span class='ocrx_word' id='word_1_741' title='bbox 2792 3710 3233 3764; x_wconf 89' lang='lat' dir='ltr'><strong>turbnlentiorem</strong></span> <span class='ocrx_word' id='word_1_742' title='bbox 3265 3721 3320 3765; x_wconf 88' lang='lat' dir='ltr'><strong>et</strong></span> <span class='ocrx_word' id='word_1_743' title='bbox 3346 3713 3588 3782; x_wconf 87' lang='lat' dir='ltr'><strong>rapacio-</strong></span> 
     </span>
    </p>
   </div>
   <div class='ocr_carea' id='block_1_98' title="bbox 1993 3801 3589 3873">
    <p class='ocr_par' dir='ltr' id='par_1_98' title="bbox 1993 3801 3589 3873">
     <span class='ocr_line' id='line_1_98' title="bbox 1993 3801 3589 3873; baseline 0.002 -15"><span class='ocrx_word' id='word_1_744' title='bbox 1993 3819 2127 3858; x_wconf 89' lang='lat' dir='ltr'><strong>rem.</strong></span> <span class='ocrx_word' id='word_1_745' title='bbox 2171 3803 2369 3858; x_wconf 91' lang='lat' dir='ltr'><strong>Timeri</strong></span> <span class='ocrx_word' id='word_1_746' title='bbox 2414 3803 2494 3857; x_wconf 91' lang='lat' dir='ltr'><strong>vis</strong></span> <span class='ocrx_word' id='word_1_747' title='bbox 2533 3817 2566 3856; x_wconf 88' lang='lat' dir='ltr'><strong>a</strong></span> <span class='ocrx_word' id='word_1_748' title='bbox 2607 3803 2833 3865; x_wconf 89' lang='lat' dir='ltr'><strong>minore,</strong></span> <span class='ocrx_word' id='word_1_749' title='bbox 2868 3803 2994 3857; x_wconf 92' lang='lat' dir='ltr'><strong>time</strong></span> <span class='ocrx_word' id='word_1_750' title='bbox 3020 3801 3508 3873; x_wconf 78' lang='lat' dir='ltr'><strong>majoremzpotest</strong></span> <span class='ocrx_word' id='word_1_751' title='bbox 3536 3813 3589 3862; x_wconf 86' lang='lat' dir='ltr'><strong>te</strong></span> 
     </span>
    </p>
   </div>
   <div class='ocr_carea' id='block_1_99' title="bbox 1993 3892 3587 3966">
    <p class='ocr_par' dir='ltr' id='par_1_99' title="bbox 1993 3892 3587 3966">
     <span class='ocr_line' id='line_1_99' title="bbox 1993 3892 3587 3966; baseline 0.001 -16"><span class='ocrx_word' id='word_1_752' title='bbox 1993 3895 2112 3966; x_wconf 90' lang='lat' dir='ltr'><strong>ipso</strong></span> <span class='ocrx_word' id='word_1_753' title='bbox 2137 3894 2306 3964; x_wconf 88' lang='lat' dir='ltr'><strong>major</strong></span> <span class='ocrx_word' id='word_1_754' title='bbox 2325 3894 2440 3948; x_wconf 88' lang='lat' dir='ltr'><strong>ﬁeri</strong></span> <span class='ocrx_word' id='word_1_755' title='bbox 2467 3892 2662 3959; x_wconf 90' lang='lat' dir='ltr'><strong>subito,</strong></span> <span class='ocrx_word' id='word_1_756' title='bbox 2693 3894 2781 3963; x_wconf 92' lang='lat' dir='ltr'><strong>qui</strong></span> <span class='ocrx_word' id='word_1_757' title='bbox 2815 3904 2866 3948; x_wconf 90' lang='lat' dir='ltr'><strong>te</strong></span> <span class='ocrx_word' id='word_1_758' title='bbox 2895 3893 3075 3960; x_wconf 90' lang='lat' dir='ltr'><strong>timet;</strong></span> <span class='ocrx_word' id='word_1_759' title='bbox 3107 3910 3373 3965; x_wconf 90' lang='lat' dir='ltr'><strong>nunquam</strong></span> <span class='ocrx_word' id='word_1_760' title='bbox 3409 3905 3587 3957; x_wconf 86' lang='lat' dir='ltr'><strong>autem</strong></span> 
     </span>
    </p>
   </div>
   <div class='ocr_carea' id='block_1_100' title="bbox 1995 3985 3581 4056">
    <p class='ocr_par' dir='ltr' id='par_1_100' title="bbox 1995 3985 3581 4056">
     <span class='ocr_line' id='line_1_100' title="bbox 1995 3985 3581 4056; baseline 0.001 -14"><span class='ocrx_word' id='word_1_761' title='bbox 1995 3988 2097 4042; x_wconf 90' lang='lat' dir='ltr'><strong>erit</strong></span> <span class='ocrx_word' id='word_1_762' title='bbox 2123 3987 2315 4053; x_wconf 89' lang='lat' dir='ltr'><strong>minor,</strong></span> <span class='ocrx_word' id='word_1_763' title='bbox 2347 4001 2505 4056; x_wconf 89' lang='lat' dir='ltr'><strong>quem</strong></span> <span class='ocrx_word' id='word_1_764' title='bbox 2534 3985 2697 4041; x_wconf 84' lang='lat' dir='ltr'><strong>debes</strong></span> <span class='ocrx_word' id='word_1_765' title='bbox 2725 3985 2934 4041; x_wconf 90' lang='lat' dir='ltr'><strong>timere.</strong></span> <span class='ocrx_word' id='word_1_766' title='bbox 2966 3985 3297 4041; x_wconf 84' lang='lat' dir='ltr'><strong>Advocatum</strong></span> <span class='ocrx_word' id='word_1_767' title='bbox 3323 4002 3465 4055; x_wconf 88' lang='lat' dir='ltr'><strong>esse,</strong></span> <span class='ocrx_word' id='word_1_768' title='bbox 3496 3987 3581 4043; x_wconf 85' lang='lat' dir='ltr'><strong>in-</strong></span> 
     </span>
    </p>
   </div>
   <div class='ocr_carea' id='block_1_101' title="bbox 1995 4077 3586 4151">
    <p class='ocr_par' dir='ltr' id='par_1_101' title="bbox 1995 4077 3586 4151">
     <span class='ocr_line' id='line_1_101' title="bbox 1995 4077 3586 4151; baseline 0 -17"><span class='ocrx_word' id='word_1_769' title='bbox 1995 4081 2130 4150; x_wconf 88' lang='lat' dir='ltr'><strong>quit,</strong></span> <span class='ocrx_word' id='word_1_770' title='bbox 2163 4095 2352 4151; x_wconf 89' lang='lat' dir='ltr'><strong>magna</strong></span> <span class='ocrx_word' id='word_1_771' title='bbox 2380 4095 2467 4134; x_wconf 90' lang='lat' dir='ltr'><strong>res</strong></span> <span class='ocrx_word' id='word_1_772' title='bbox 2493 4086 2595 4145; x_wconf 90' lang='lat' dir='ltr'><strong>est,</strong></span> <span class='ocrx_word' id='word_1_773' title='bbox 2621 4077 2992 4148; x_wconf 86' lang='lat' dir='ltr'><strong>potentissima</strong></span> <span class='ocrx_word' id='word_1_774' title='bbox 3017 4077 3354 4150; x_wconf 87' lang='lat' dir='ltr'><strong>eloquentia;</strong></span> <span class='ocrx_word' id='word_1_775' title='bbox 3390 4080 3442 4134; x_wconf 93' lang='lat' dir='ltr'><strong>in</strong></span> <span class='ocrx_word' id='word_1_776' title='bbox 3466 4095 3586 4135; x_wconf 91' lang='lat' dir='ltr'><strong>om-</strong></span> 
     </span>
    </p>
   </div>
   <div class='ocr_carea' id='block_1_102' title="bbox 1995 4160 3633 4243">
    <p class='ocr_par' dir='ltr' id='par_1_102' title="bbox 1995 4160 3633 4243">
     <span class='ocr_line' id='line_1_102' title="bbox 1995 4160 3633 4243; baseline -0.001 -14"><span class='ocrx_word' id='word_1_777' title='bbox 1995 4173 2152 4229; x_wconf 91' lang='lat' dir='ltr'><strong>nibus</strong></span> <span class='ocrx_word' id='word_1_778' title='bbox 2190 4172 2388 4228; x_wconf 87' lang='lat' dir='ltr'><strong>habere</strong></span> <span class='ocrx_word' id='word_1_779' title='bbox 2428 4180 2703 4242; x_wconf 90' lang='lat' dir='ltr'><strong>susceptos</strong></span> <span class='ocrx_word' id='word_1_780' title='bbox 2735 4170 3027 4240; x_wconf 89' lang='lat' dir='ltr'><strong>pendentes</strong></span> <span class='ocrx_word' id='word_1_781' title='bbox 3072 4186 3140 4228; x_wconf 83' lang='lat' dir='ltr'><strong>ex</strong></span> <span class='ocrx_word' id='word_1_782' title='bbox 3186 4171 3362 4243; x_wconf 91' lang='lat' dir='ltr'><strong>lingua</strong></span> <span class='ocrx_word' id='word_1_783' title='bbox 3400 4171 3588 4228; x_wconf 88' lang='lat' dir='ltr'><strong>diserti</strong></span> <span class='ocrx_word' id='word_1_784' title='bbox 3628 4160 3633 4166; x_wconf 70' lang='grc'><em>’</em></span> 
     </span>
    </p>
   </div>
   <div class='ocr_carea' id='block_1_103' title="bbox 1996 4263 3587 4338">
    <p class='ocr_par' dir='ltr' id='par_1_103' title="bbox 1996 4263 3587 4338">
     <span class='ocr_line' id='line_1_103' title="bbox 1996 4263 3587 4338; baseline 0.001 -18"><span class='ocrx_word' id='word_1_785' title='bbox 1996 4267 2205 4338; x_wconf 85' lang='lat' dir='ltr'><strong>patroni</strong></span> <span class='ocrx_word' id='word_1_786' title='bbox 2235 4267 2339 4332; x_wconf 91' lang='lat' dir='ltr'><strong>sui,</strong></span> <span class='ocrx_word' id='word_1_787' title='bbox 2369 4275 2419 4320; x_wconf 89' lang='lat' dir='ltr'><strong>et</strong></span> <span class='ocrx_word' id='word_1_788' title='bbox 2445 4281 2511 4321; x_wconf 85' lang='lat' dir='ltr'><strong>ex</strong></span> <span class='ocrx_word' id='word_1_789' title='bbox 2546 4264 2661 4334; x_wconf 88' lang='lat' dir='ltr'><strong>ejus</strong></span> <span class='ocrx_word' id='word_1_790' title='bbox 2701 4278 2796 4320; x_wconf 87' lang='lat' dir='ltr'><strong>ore</strong></span> <span class='ocrx_word' id='word_1_791' title='bbox 2842 4273 3121 4335; x_wconf 89' lang='lat' dir='ltr'><strong>sperantes</strong></span> <span class='ocrx_word' id='word_1_792' title='bbox 3146 4264 3227 4320; x_wconf 89' lang='lat' dir='ltr'><strong>vel</strong></span> <span class='ocrx_word' id='word_1_793' title='bbox 3259 4263 3473 4331; x_wconf 87' lang='lat' dir='ltr'><strong>damna,</strong></span> <span class='ocrx_word' id='word_1_794' title='bbox 3502 4265 3587 4321; x_wconf 83' lang='lat' dir='ltr'><strong>vel</strong></span> 
     </span>
    </p>
   </div>
   <div class='ocr_carea' id='block_1_104' title="bbox 1996 4356 3590 4426">
    <p class='ocr_par' dir='ltr' id='par_1_104' title="bbox 1996 4356 3590 4426">
     <span class='ocr_line' id='line_1_104' title="bbox 1996 4356 3590 4426; baseline -0.002 -12"><span class='ocrx_word' id='word_1_795' title='bbox 1996 4360 2162 4425; x_wconf 89' lang='lat' dir='ltr'><strong>lucra,</strong></span> <span class='ocrx_word' id='word_1_796' title='bbox 2191 4358 2273 4414; x_wconf 90' lang='lat' dir='ltr'><strong>vel</strong></span> <span class='ocrx_word' id='word_1_797' title='bbox 2296 4367 2548 4423; x_wconf 84' lang='lat' dir='ltr'><strong>mortem,</strong></span> <span class='ocrx_word' id='word_1_798' title='bbox 2577 4357 2659 4412; x_wconf 90' lang='lat' dir='ltr'><strong>vel</strong></span> <span class='ocrx_word' id='word_1_799' title='bbox 2684 4357 2868 4424; x_wconf 90' lang='lat' dir='ltr'><strong>vitam,</strong></span> <span class='ocrx_word' id='word_1_800' title='bbox 2891 4357 2975 4411; x_wconf 89' lang='lat' dir='ltr'><strong>vel</strong></span> <span class='ocrx_word' id='word_1_801' title='bbox 3009 4356 3318 4426; x_wconf 90' lang='lat' dir='ltr'><strong>perniciem,</strong></span> <span class='ocrx_word' id='word_1_802' title='bbox 3340 4356 3426 4412; x_wconf 81' lang='lat' dir='ltr'><strong>vel</strong></span> <span class='ocrx_word' id='word_1_803' title='bbox 3453 4356 3590 4411; x_wconf 84' lang='lat' dir='ltr'><strong>salu-</strong></span> 
     </span>
    </p>
   </div>
   <div class='ocr_carea' id='block_1_105' title="bbox 1997 4448 3589 4523">
    <p class='ocr_par' dir='ltr' id='par_1_105' title="bbox 1997 4448 3589 4523">
     <span class='ocr_line' id='line_1_105' title="bbox 1997 4448 3589 4523; baseline -0.003 -14"><span class='ocrx_word' id='word_1_804' title='bbox 1997 4464 2125 4509; x_wconf 88' lang='lat' dir='ltr'><strong>tem.</strong></span> <span class='ocrx_word' id='word_1_805' title='bbox 2143 4452 2329 4508; x_wconf 88' lang='lat' dir='ltr'><strong>Nescis</strong></span> <span class='ocrx_word' id='word_1_806' title='bbox 2353 4466 2461 4523; x_wconf 91' lang='lat' dir='ltr'><strong>quo</strong></span> <span class='ocrx_word' id='word_1_807' title='bbox 2486 4460 2538 4505; x_wconf 90' lang='lat' dir='ltr'><strong>te</strong></span> <span class='ocrx_word' id='word_1_808' title='bbox 2562 4449 2808 4505; x_wconf 90' lang='lat' dir='ltr'><strong>miseris:</strong></span> <span class='ocrx_word' id='word_1_809' title='bbox 2831 4450 2969 4504; x_wconf 90' lang='lat' dir='ltr'><strong>alius</strong></span> <span class='ocrx_word' id='word_1_810' title='bbox 2995 4457 3050 4504; x_wconf 90' lang='lat' dir='ltr'><strong>et</strong></span> <span class='ocrx_word' id='word_1_811' title='bbox 3078 4450 3177 4505; x_wconf 88' lang='lat' dir='ltr'><strong>iste</strong></span> <span class='ocrx_word' id='word_1_812' title='bbox 3201 4449 3394 4504; x_wconf 77' lang='lat' dir='ltr'><strong>ﬂuvius</strong></span> <span class='ocrx_word' id='word_1_813' title='bbox 3415 4448 3589 4522; x_wconf 85' lang='lat' dir='ltr'><strong>Baby-</strong></span> 
     </span>
    </p>
   </div>
   <div class='ocr_carea' id='block_1_106' title="bbox 1997 4541 3589 4614">
    <p class='ocr_par' dir='ltr' id='par_1_106' title="bbox 1997 4541 3589 4614">
     <span class='ocr_line' id='line_1_106' title="bbox 1997 4541 3589 4614; baseline -0.004 -12"><span class='ocrx_word' id='word_1_814' title='bbox 1997 4547 2134 4602; x_wconf 91' lang='lat' dir='ltr'><strong>lonis</strong></span> <span class='ocrx_word' id='word_1_815' title='bbox 2160 4555 2270 4612; x_wconf 91' lang='lat' dir='ltr'><strong>est;</strong></span> <span class='ocrx_word' id='word_1_816' title='bbox 2294 4554 2348 4600; x_wconf 91' lang='lat' dir='ltr'><strong>et</strong></span> <span class='ocrx_word' id='word_1_817' title='bbox 2375 4543 2516 4614; x_wconf 90' lang='lat' dir='ltr'><strong>quod</strong></span> <span class='ocrx_word' id='word_1_818' title='bbox 2541 4542 2767 4598; x_wconf 87' lang='lat' dir='ltr'><strong>multum</strong></span> <span class='ocrx_word' id='word_1_819' title='bbox 2796 4551 2968 4608; x_wconf 89' lang='lat' dir='ltr'><strong>sonat,</strong></span> <span class='ocrx_word' id='word_1_820' title='bbox 3002 4541 3257 4612; x_wconf 89' lang='lat' dir='ltr'><strong>strepitus</strong></span> <span class='ocrx_word' id='word_1_821' title='bbox 3284 4557 3436 4613; x_wconf 66' lang='lat' dir='ltr'><strong>aquae</strong></span> <span class='ocrx_word' id='word_1_822' title='bbox 3459 4555 3589 4596; x_wconf 81' lang='lat' dir='ltr'><strong>saxa</strong></span> 
     </span>
    </p>
   </div>
   <div class='ocr_carea' id='block_1_107' title="bbox 1998 4634 3589 4711">
    <p class='ocr_par' dir='ltr' id='par_1_107' title="bbox 1998 4634 3589 4711">
     <span class='ocr_line' id='line_1_107' title="bbox 1998 4634 3589 4711; baseline -0.003 -17"><span class='ocrx_word' id='word_1_823' title='bbox 1998 4639 2246 4711; x_wconf 89' lang='lat' dir='ltr'><strong>percutit.</strong></span> <span class='ocrx_word' id='word_1_824' title='bbox 2277 4638 2509 4692; x_wconf 79' lang='lat' dir='ltr'><strong>Attende</strong></span> <span class='ocrx_word' id='word_1_825' title='bbox 2534 4636 2658 4707; x_wconf 89' lang='lat' dir='ltr'><strong>quia</strong></span> <span class='ocrx_word' id='word_1_826' title='bbox 2686 4635 2820 4702; x_wconf 86' lang='lat' dir='ltr'><strong>ﬁuit,</strong></span> <span class='ocrx_word' id='word_1_827' title='bbox 2851 4634 3067 4690; x_wconf 90' lang='lat' dir='ltr'><strong>attende</strong></span> <span class='ocrx_word' id='word_1_828' title='bbox 3087 4635 3210 4706; x_wconf 89' lang='lat' dir='ltr'><strong>quia</strong></span> <span class='ocrx_word' id='word_1_829' title='bbox 3233 4634 3452 4700; x_wconf 88' lang='lat' dir='ltr'><strong>labitur;</strong></span> <span class='ocrx_word' id='word_1_830' title='bbox 3476 4634 3589 4691; x_wconf 91' lang='lat' dir='ltr'><strong>etsi</strong></span> 
     </span>
    </p>
   </div>
   <div class='ocr_carea' id='block_1_108' title="bbox 1999 4724 3590 4800">
    <p class='ocr_par' dir='ltr' id='par_1_108' title="bbox 1999 4724 3590 4800">
     <span class='ocr_line' id='line_1_108' title="bbox 1999 4724 3590 4800; baseline -0.003 -15"><span class='ocrx_word' id='word_1_831' title='bbox 1999 4731 2229 4786; x_wconf 88' lang='lat' dir='ltr'><strong>attendis</strong></span> <span class='ocrx_word' id='word_1_832' title='bbox 2256 4730 2376 4800; x_wconf 89' lang='lat' dir='ltr'><strong>quia</strong></span> <span class='ocrx_word' id='word_1_833' title='bbox 2409 4729 2524 4782; x_wconf 85' lang='lat' dir='ltr'><strong>tluit</strong></span> <span class='ocrx_word' id='word_1_834' title='bbox 2549 4737 2603 4783; x_wconf 89' lang='lat' dir='ltr'><strong>et</strong></span> <span class='ocrx_word' id='word_1_835' title='bbox 2634 4727 2850 4793; x_wconf 90' lang='lat' dir='ltr'><strong>labitur,</strong></span> <span class='ocrx_word' id='word_1_836' title='bbox 2885 4742 3015 4782; x_wconf 90' lang='lat' dir='ltr'><strong>cave</strong></span> <span class='ocrx_word' id='word_1_837' title='bbox 3043 4727 3164 4797; x_wconf 89' lang='lat' dir='ltr'><strong>quia</strong></span> <span class='ocrx_word' id='word_1_838' title='bbox 3207 4724 3384 4780; x_wconf 87' lang='lat' dir='ltr'><strong>trahit.</strong></span> <span class='ocrx_word' id='word_1_839' title='bbox 3428 4725 3590 4782; x_wconf 82' lang='lat' dir='ltr'><strong>Navi-</strong></span> 
     </span>
    </p>
   </div>
   <div class='ocr_carea' id='block_1_109' title="bbox 1997 4817 3590 4894">
    <p class='ocr_par' dir='ltr' id='par_1_109' title="bbox 1997 4817 3590 4894">
     <span class='ocr_line' id='line_1_109' title="bbox 1997 4817 3590 4894; baseline 0.001 -21"><span class='ocrx_word' id='word_1_840' title='bbox 1997 4839 2146 4894; x_wconf 79' lang='lat' dir='ltr'><strong>gare,</strong></span> <span class='ocrx_word' id='word_1_841' title='bbox 2190 4822 2361 4892; x_wconf 92' lang='lat' dir='ltr'><strong>inquit</strong></span> <span class='ocrx_word' id='word_1_842' title='bbox 2399 4822 2554 4888; x_wconf 90' lang='lat' dir='ltr'><strong>alius,</strong></span> <span class='ocrx_word' id='word_1_843' title='bbox 2606 4829 2662 4874; x_wconf 90' lang='lat' dir='ltr'><strong>et</strong></span> <span class='ocrx_word' id='word_1_844' title='bbox 2705 4819 2966 4890; x_wconf 89' lang='lat' dir='ltr'><strong>negotiari</strong></span> <span class='ocrx_word' id='word_1_845' title='bbox 3012 4833 3260 4889; x_wconf 88' lang='lat' dir='ltr'><strong>magnum</strong></span> <span class='ocrx_word' id='word_1_846' title='bbox 3307 4826 3419 4883; x_wconf 91' lang='lat' dir='ltr'><strong>est;</strong></span> <span class='ocrx_word' id='word_1_847' title='bbox 3450 4817 3590 4874; x_wconf 86' lang='lat' dir='ltr'><strong>scire</strong></span> 
     </span>
    </p>
   </div>
   <div class='ocr_carea' id='block_1_110' title="bbox 2001 4910 3591 4983">
    <p class='ocr_par' dir='ltr' id='par_1_110' title="bbox 2001 4910 3591 4983">
     <span class='ocr_line' id='line_1_110' title="bbox 2001 4910 3591 4983; baseline -0.003 -13"><span class='ocrx_word' id='word_1_848' title='bbox 2001 4917 2196 4970; x_wconf 88' lang='lat' dir='ltr'><strong>multas</strong></span> <span class='ocrx_word' id='word_1_849' title='bbox 2227 4912 2546 4983; x_wconf 87' lang='lat' dir='ltr'><strong>provincias,</strong></span> <span class='ocrx_word' id='word_1_850' title='bbox 2581 4911 2725 4966; x_wconf 90' lang='lat' dir='ltr'><strong>lucra</strong></span> <span class='ocrx_word' id='word_1_851' title='bbox 2765 4910 2998 4980; x_wconf 90' lang='lat' dir='ltr'><strong>undique</strong></span> <span class='ocrx_word' id='word_1_852' title='bbox 3043 4924 3255 4979; x_wconf 88' lang='lat' dir='ltr'><strong>capere,</strong></span> <span class='ocrx_word' id='word_1_853' title='bbox 3311 4924 3418 4964; x_wconf 94' lang='lat' dir='ltr'><strong>non</strong></span> <span class='ocrx_word' id='word_1_854' title='bbox 3466 4922 3591 4966; x_wconf 80' lang='lat' dir='ltr'><strong>esse</strong></span> 
     </span>
    </p>
   </div>
   <div class='ocr_carea' id='block_1_111' title="bbox 2000 5002 3592 5074">
    <p class='ocr_par' dir='ltr' id='par_1_111' title="bbox 2000 5002 3592 5074">
     <span class='ocr_line' id='line_1_111' title="bbox 2000 5002 3592 5074; baseline -0.005 -12"><span class='ocrx_word' id='word_1_855' title='bbox 2000 5006 2286 5062; x_wconf 86' lang='lat' dir='ltr'><strong>obnoxium</strong></span> <span class='ocrx_word' id='word_1_856' title='bbox 2314 5005 2367 5059; x_wconf 90' lang='lat' dir='ltr'><strong>in</strong></span> <span class='ocrx_word' id='word_1_857' title='bbox 2397 5003 2611 5060; x_wconf 89' lang='lat' dir='ltr'><strong>civitate</strong></span> <span class='ocrx_word' id='word_1_858' title='bbox 2647 5002 2806 5058; x_wconf 88' lang='lat' dir='ltr'><strong>alicui</strong></span> <span class='ocrx_word' id='word_1_859' title='bbox 2847 5003 3070 5073; x_wconf 87' lang='lat' dir='ltr'><strong>potenti,</strong></span> <span class='ocrx_word' id='word_1_860' title='bbox 3115 5016 3328 5071; x_wconf 89' lang='lat' dir='ltr'><strong>semper</strong></span> <span class='ocrx_word' id='word_1_861' title='bbox 3354 5002 3592 5074; x_wconf 86' lang='lat' dir='ltr'><strong>peregri-</strong></span> 
     </span>
    </p>
   </div>
   <div class='ocr_carea' id='block_1_112' title="bbox 2003 5094 3590 5165">
    <p class='ocr_par' dir='ltr' id='par_1_112' title="bbox 2003 5094 3590 5165">
     <span class='ocr_line' id='line_1_112' title="bbox 2003 5094 3590 5165; baseline -0.003 -11"><span class='ocrx_word' id='word_1_862' title='bbox 2003 5099 2138 5164; x_wconf 92' lang='lat' dir='ltr'><strong>nari,</strong></span> <span class='ocrx_word' id='word_1_863' title='bbox 2167 5105 2221 5153; x_wconf 87' lang='lat' dir='ltr'><strong>et</strong></span> <span class='ocrx_word' id='word_1_864' title='bbox 2243 5096 2552 5152; x_wconf 86' lang='lat' dir='ltr'><strong>diversitate</strong></span> <span class='ocrx_word' id='word_1_865' title='bbox 2577 5096 2910 5165; x_wconf 88' lang='lat' dir='ltr'><strong>negotiorum</strong></span> <span class='ocrx_word' id='word_1_866' title='bbox 2937 5094 3026 5149; x_wconf 73' lang='lat' dir='ltr'><strong>et&#39;</strong></span> <span class='ocrx_word' id='word_1_867' title='bbox 3051 5094 3325 5148; x_wconf 88' lang='lat' dir='ltr'><strong>nationum</strong></span> <span class='ocrx_word' id='word_1_868' title='bbox 3351 5094 3590 5150; x_wconf 89' lang='lat' dir='ltr'><strong>animum</strong></span> 
     </span>
    </p>
   </div>
   <div class='ocr_carea' id='block_1_113' title="bbox 2003 5183 3592 5261">
    <p class='ocr_par' dir='ltr' id='par_1_113' title="bbox 2003 5183 3592 5261">
     <span class='ocr_line' id='line_1_113' title="bbox 2003 5183 3592 5261; baseline -0.003 -16"><span class='ocrx_word' id='word_1_869' title='bbox 2003 5203 2240 5261; x_wconf 81' lang='lat' dir='ltr'><strong>pascere,</strong></span> <span class='ocrx_word' id='word_1_870' title='bbox 2262 5187 2627 5258; x_wconf 87' lang='lat' dir='ltr'><strong>etaugmentis</strong></span> <span class='ocrx_word' id='word_1_871' title='bbox 2653 5186 2918 5242; x_wconf 89' lang='lat' dir='ltr'><strong>lucrorum</strong></span> <span class='ocrx_word' id='word_1_872' title='bbox 2942 5185 3158 5241; x_wconf 87' lang='lat' dir='ltr'><strong>divitem</strong></span> <span class='ocrx_word' id='word_1_873' title='bbox 3183 5199 3445 5242; x_wconf 87' lang='lat' dir='ltr'><strong>remeare.</strong></span> <span class='ocrx_word' id='word_1_874' title='bbox 3465 5183 3592 5240; x_wconf 86' lang='lat' dir='ltr'><strong>Flu-</strong></span> 
     </span>
    </p>
   </div>
   <div class='ocr_carea' id='block_1_114' title="bbox 2004 5277 3591 5352">
    <p class='ocr_par' dir='ltr' id='par_1_114' title="bbox 2004 5277 3591 5352">
     <span class='ocr_line' id='line_1_114' title="bbox 2004 5277 3591 5352; baseline -0.003 -15"><span class='ocrx_word' id='word_1_875' title='bbox 2004 5285 2120 5339; x_wconf 88' lang='lat' dir='ltr'><strong>vius</strong></span> <span class='ocrx_word' id='word_1_876' title='bbox 2144 5292 2226 5340; x_wconf 90' lang='lat' dir='ltr'><strong>est</strong></span> <span class='ocrx_word' id='word_1_877' title='bbox 2249 5291 2303 5337; x_wconf 89' lang='lat' dir='ltr'><strong>et</strong></span> <span class='ocrx_word' id='word_1_878' title='bbox 2332 5282 2432 5337; x_wconf 89' lang='lat' dir='ltr'><strong>iste</strong></span> <span class='ocrx_word' id='word_1_879' title='bbox 2461 5279 2766 5352; x_wconf 90' lang='lat' dir='ltr'><strong>Babylonis.</strong></span> <span class='ocrx_word' id='word_1_880' title='bbox 2799 5279 2970 5334; x_wconf 89' lang='lat' dir='ltr'><strong>Lucra</strong></span> <span class='ocrx_word' id='word_1_881' title='bbox 2995 5287 3080 5334; x_wconf 89' lang='lat' dir='ltr'><strong>tua</strong></span> <span class='ocrx_word' id='word_1_882' title='bbox 3102 5277 3316 5349; x_wconf 87' lang='lat' dir='ltr'><strong>quando</strong></span> <span class='ocrx_word' id='word_1_883' title='bbox 3337 5278 3591 5334; x_wconf 77' lang='lat' dir='ltr'><strong>stabunt?</strong></span> 
     </span>
    </p>
   </div>
   <div class='ocr_carea' id='block_1_115' title="bbox 2004 5370 3595 5449">
    <p class='ocr_par' dir='ltr' id='par_1_115' title="bbox 2004 5370 3595 5449">
     <span class='ocr_line' id='line_1_115' title="bbox 2004 5370 3595 5449; baseline -0.003 -16"><span class='ocrx_word' id='word_1_884' title='bbox 2004 5376 2216 5449; x_wconf 89' lang='lat' dir='ltr'><strong>quando</strong></span> <span class='ocrx_word' id='word_1_885' title='bbox 2243 5383 2685 5446; x_wconf 67' lang='lat' dir='ltr'><strong>praesumpturus,</strong></span> <span class='ocrx_word' id='word_1_886' title='bbox 2731 5371 2944 5443; x_wconf 89' lang='lat' dir='ltr'><strong>quando</strong></span> <span class='ocrx_word' id='word_1_887' title='bbox 2983 5386 3206 5428; x_wconf 87' lang='lat' dir='ltr'><strong>securus</strong></span> <span class='ocrx_word' id='word_1_888' title='bbox 3245 5371 3353 5427; x_wconf 89' lang='lat' dir='ltr'><strong>eris</strong></span> <span class='ocrx_word' id='word_1_889' title='bbox 3396 5385 3463 5427; x_wconf 88' lang='lat' dir='ltr'><strong>ex</strong></span> <span class='ocrx_word' id='word_1_890' title='bbox 3509 5370 3595 5428; x_wconf 84' lang='lat' dir='ltr'><strong>his</strong></span> 
     </span>
    </p>
   </div>
   <div class='ocr_carea' id='block_1_116' title="bbox 2004 5461 3594 5540">
    <p class='ocr_par' dir='ltr' id='par_1_116' title="bbox 2004 5461 3594 5540">
     <span class='ocr_line' id='line_1_116' title="bbox 2004 5461 3594 5540; baseline -0.003 -17"><span class='ocrx_word' id='word_1_891' title='bbox 2004 5484 2122 5540; x_wconf 86' lang='lat' dir='ltr'><strong>quae</strong></span> <span class='ocrx_word' id='word_1_892' title='bbox 2149 5466 2420 5539; x_wconf 90' lang='lat' dir='ltr'><strong>acquiris?</strong></span> <span class='ocrx_word' id='word_1_893' title='bbox 2440 5465 2651 5533; x_wconf 84' lang='lat' dir='ltr'><strong>Quanto</strong></span> <span class='ocrx_word' id='word_1_894' title='bbox 2677 5464 2785 5521; x_wconf 90' lang='lat' dir='ltr'><strong>eris</strong></span> <span class='ocrx_word' id='word_1_895' title='bbox 2811 5463 2992 5529; x_wconf 90' lang='lat' dir='ltr'><strong>ditior,</strong></span> <span class='ocrx_word' id='word_1_896' title='bbox 3023 5471 3172 5519; x_wconf 88' lang='lat' dir='ltr'><strong>tanto</strong></span> <span class='ocrx_word' id='word_1_897' title='bbox 3202 5461 3456 5518; x_wconf 90' lang='lat' dir='ltr'><strong>timidior.</strong></span> <span class='ocrx_word' id='word_1_898' title='bbox 3475 5461 3594 5519; x_wconf 82' lang='lat' dir='ltr'><strong>Uno</strong></span> 
     </span>
    </p>
   </div>
   <div class='ocr_carea' id='block_1_117' title="bbox 2006 5555 3595 5634">
    <p class='ocr_par' dir='ltr' id='par_1_117' title="bbox 2006 5555 3595 5634">
     <span class='ocr_line' id='line_1_117' title="bbox 2006 5555 3595 5634; baseline -0.002 -16"><span class='ocrx_word' id='word_1_899' title='bbox 2006 5561 2280 5634; x_wconf 78' lang='lat' dir='ltr'><strong>naufragio</strong></span> <span class='ocrx_word' id='word_1_900' title='bbox 2306 5559 2481 5616; x_wconf 89' lang='lat' dir='ltr'><strong>nudus</strong></span> <span class='ocrx_word' id='word_1_901' title='bbox 2505 5558 2696 5627; x_wconf 83' lang='lat' dir='ltr'><strong>exibis,</strong></span> <span class='ocrx_word' id='word_1_902' title='bbox 2723 5566 2779 5614; x_wconf 89' lang='lat' dir='ltr'><strong>et</strong></span> <span class='ocrx_word' id='word_1_903' title='bbox 2803 5567 2948 5615; x_wconf 89' lang='lat' dir='ltr'><strong>recte</strong></span> <span class='ocrx_word' id='word_1_904' title='bbox 2972 5567 3026 5614; x_wconf 88' lang='lat' dir='ltr'><strong>te</strong></span> <span class='ocrx_word' id='word_1_905' title='bbox 3050 5556 3268 5630; x_wconf 87' lang='lat' dir='ltr'><strong>planges</strong></span> <span class='ocrx_word' id='word_1_906' title='bbox 3297 5558 3353 5614; x_wconf 92' lang='lat' dir='ltr'><strong>in</strong></span> <span class='ocrx_word' id='word_1_907' title='bbox 3375 5555 3595 5615; x_wconf 75' lang='lat' dir='ltr'><strong>ﬂumine</strong></span> 
     </span>
    </p>
   </div>
   <div class='ocr_carea' id='block_1_118' title="bbox 2071 5733 3205 5801">
    <p class='ocr_par' dir='ltr' id='par_1_118' title="bbox 2071 5733 3205 5801">
     <span class='ocr_line' id='line_1_118' title="bbox 2071 5733 3205 5801; baseline 0.001 -12"><span class='ocrx_word' id='word_1_908' title='bbox 2071 5738 2091 5772; x_wconf 74' lang='grc' dir='ltr'>ί</span> <span class='ocrx_word' id='word_1_909' title='bbox 2113 5738 2188 5788; x_wconf 90' lang='lat' dir='ltr'><strong>sic</strong></span> <span class='ocrx_word' id='word_1_910' title='bbox 2207 5735 2434 5801; x_wconf 85' lang='lat' dir='ltr'><strong>plerique</strong></span> <span class='ocrx_word' id='word_1_911' title='bbox 2456 5743 2565 5787; x_wconf 80' lang='lat' dir='ltr'><strong>Mss.</strong></span> <span class='ocrx_word' id='word_1_912' title='bbox 2586 5733 2698 5786; x_wconf 80' lang='lat' dir='ltr'><strong>Edd.</strong></span> <span class='ocrx_word' id='word_1_913' title='bbox 2727 5748 2869 5795; x_wconf 88' lang='lat' dir='ltr'><strong>vero,</strong></span> <span class='ocrx_word' id='word_1_914' title='bbox 2899 5734 3205 5800; x_wconf 82' lang='lat' dir='ltr'><strong>otiosamque.</strong></span> 
     </span>
    </p>
   </div>
   <div class='ocr_carea' id='block_1_119' title="bbox 2073 5821 3138 5888">
    <p class='ocr_par' dir='ltr' id='par_1_119' title="bbox 2073 5821 3138 5888">
     <span class='ocr_line' id='line_1_119' title="bbox 2073 5821 3138 5888; baseline 0.001 -14"><span class='ocrx_word' id='word_1_915' title='bbox 2073 5825 2096 5859; x_wconf 79' lang='grc'><em>³</em></span> <span class='ocrx_word' id='word_1_916' title='bbox 2117 5821 2340 5888; x_wconf 79' lang='lat' dir='ltr'><strong>Plerique</strong></span> <span class='ocrx_word' id='word_1_917' title='bbox 2367 5828 2474 5874; x_wconf 62' lang='grc' dir='ltr'><strong>και</strong></span> <span class='ocrx_word' id='word_1_918' title='bbox 2493 5823 2739 5887; x_wconf 84' lang='lat' dir='ltr'><strong>omittunt,</strong></span> <span class='ocrx_word' id='word_1_919' title='bbox 2762 5821 3057 5888; x_wconf 79' lang='lat' dir='ltr'><strong>negotiorum</strong></span> <span class='ocrx_word' id='word_1_920' title='bbox 3076 5827 3138 5875; x_wconf 81' lang='lat' dir='ltr'><strong>et.</strong></span> 
     </span>
    </p>
   </div>
  </div>
