4074 6474
482 373 621 434 1785

481 495 790 570 Babylbnls,
812 493 944 566 quis
963 490 1182 549 noluisti
1207 487 1395 544 sedere
1427 494 1480 541 et
1503 483 1632 540 ﬂere
1669 484 2068 553 super'ﬂumina

485 591 790 664 Babylonis.

556 691 610 744 4.
652 685 753 742 Alii
799 695 928 753 ergo
971 681 1116 736 ‘clves
1155 686 1357 734 sancta!
1385 675 1678 732 Jerusalem
1705 672 2067 742 iutelligentes

483 778 845 848 captivitatem
867 787 1037 838 suam,
1057 772 1336 828 attendunt
1359 769 1589 822 humana
1609 775 1730 820 vota
1753 777 1805 819 et
1825 763 2066 818 diversas

487 871 759 926 hominum
790 865 1106 938 cupiditates
1134 865 1237 919 hac
1264 874 1421 933 atque
1466 861 1590 916 illae
1631 860 1918 929 rapientes,
1954 867 2064 911 tra-

485 965 694 1024 hentes,
726 959 1063 1030 lmpellentes
1091 959 1144 1014 in
1169 965 1351 1012 mare:
1377 955 1556 1009 vident
1601 952 1734 1019 htec,
1782 959 1834 1006 et
1863 966 1966 1005 non
2010 965 2068 1005 se

482 1055 700 1108 mittunt
744 1053 795 1106 in
825 1052 1045 1106 ﬂumina
1073 1047 1396 1120 Babylonis;
1425 1047 1518 1102 sed
1548 1045 1738 1101 sedent
1779 1055 1939 1113 super
1962 1044 2067 1097 ﬂu-

482 1148 624 1200 mina
651 1146 960 1217 Babylonis,
983 1154 1038 1200 et
1061 1144 1191 1199 ﬂent
1213 1155 1374 1211 super
1401 1140 1619 1196 ﬂumina
1651 1139 1957 1210 Babylonis,
1983 1136 2066 1190 vel

485 1239 602 1292 illos
625 1237 712 1307 qui
742 1237 1040 1306 rapiuntur,
1072 1235 1158 1289 vel
1198 1235 1401 1302 seipsos
1425 1231 1514 1301 qui
1547 1230 1600 1285 in
1629 1229 1914 1300 Babylonia
1948 1243 2069 1282 esse

485 1339 832 1384 meruerunt:
870 1328 1117 1382 sedentes
1157 1335 1354 1389 tamen,
1386 1324 1488 1379 hoc
1508 1332 1590 1379 est
1613 1323 1874 1378 humiliati
1893 1324 1932 1375 ι.
1960 1322 2068 1378 Su-

484 1440 575 1495 per
593 1424 806 1492 flumina
826 1437 951 1490 ergo
975 1421 1265 1492 Babylonis,
1287 1420 1355 1473 ibi
1370 1420 1589 1474 sedimus
1611 1427 1656 1471 et
1682 1419 1932 1488 flevimus,
1955 1433 2069 1471 cum

485 1520 865 1571 recordaremur
895 1516 1042 1569 Sion.
1075 1513 1120 1570 Ο
1147 1522 1328 1569 sancta
1355 1512 1503 1578 Sion,
1529 1511 1614 1565 ubi
1648 1520 1816 1564 totum
1857 1519 1982 1574 stat,
2016 1518 2071 1564 et

487 1612 620 1666 nihil
648 1611 788 1664 ﬂuit!
821 1610 940 1679 quis
969 1623 1065 1664 nos
1095 1609 1147 1662 in
1175 1609 1271 1662 ista
1294 1604 1680 1676 praecipitavit?
1699 1619 1866 1673 quare
1907 1603 2065 1657 dimi-

485 1703 652 1755 simus
689 1699 1030 1755 Conditorem
1081 1707 1227 1752 tuum
1265 1706 1321 1751 et
1364 1697 1670 1751 societatem
1721 1694 1900 1748 tuam?
1935 1695 2070 1754 Ecce

487 1793 626 1847 inter
649 1792 864 1846 ﬂuentia
891 1799 944 1844 et
973 1789 1200 1845 labentia
1226 1788 1524 1854 constituti,
1554 1787 1639 1840 vix
1665 1787 1944 1856 quisquam
1979 1800 2070 1839 ra-

486 1895 608 1955 ptus
629 1900 656 1937 a
681 1885 916 1950 ﬂumine,
943 1885 985 1938 si
1013 1867 1195 1937 tenere
1217 1882 1411 1952 lignum
1437 1881 1687 1951 potuerit,
1712 1879 1920 1934 evadet.
1957 1877 2069 1932 llu-

486 1979 671 2032 miliati
703 1993 828 2047 ergo
853 1979 905 2030 in
927 1977 1227 2044 captivitate
1253 1982 1431 2028 nostra
1462 1973 1745 2030 sedeatmrs
1769 1987 1931 2040 super
1964 1969 2068 2024 ﬂu-

485 2073 628 2124 mina
655 2069 959 2140 Babylonis,
987 2083 1091 2123 non
1115 2083 1211 2122 nos
1241 2067 1532 2122 audeamus
1555 2067 1607 2120 in
1637 2065 1740 2119 illis
1763 2064 2070 2119 ﬂuminibus

485 2163 847 2231 prmclpitare;
877 2174 975 2214 nec
1005 2175 1103 2214 nos
1131 2159 1420 2214 audeamus
1445 2159 1495 2212 in
1523 2167 1718 2212 nostra:
1749 2157 2069 2227 captivitatis

485 2253 625 2306 malo
643 2261 800 2321 atque
833 2252 1041 2305 tristitia
1073 2253 1301 2320 superbe
1327 2252 1555 2320 erigere,
1582 2250 1674 2305 sed
1698 2250 1997 2315 sedeamus,
2017 2258 2070 2302 et

484 2347 561 2399 sic
592 2343 832 2398 ﬂeamus.
865 2345 1158 2399 Sedeamus
1191 2357 1350 2413 super
1380 2345 1594 2398 ﬂumina
1628 2343 1931 2416 Babylonis,
1960 2359 2066 2398 non

481 2437 616 2492 infra
656 2437 873 2491 ﬂumina
917 2437 1383 2508 Babylonisnalis
1428 2439 1501 2492 sit
1547 2437 1816 2490 humilitas
1863 2445 2067 2500 nostra,

483 2536 542 2584 ut
573 2545 669 2585 nos
694 2545 799 2584 non
828 2540 1051 2599 mergat.
1075 2531 1213 2584 Sede
1240 2543 1400 2598 Super
1429 2529 1646 2595 ﬂumen,
1677 2530 1782 2584 noli
1818 2531 1868 2584 in
1897 2529 2074 2584 ﬂumi-

485 2642 572 2692 ne,
596 2625 705 2680 noli
729 2624 827 2679 sub
847 2624 1099 2680 ﬂumine:
1121 2625 1215 2680 sed
1240 2634 1414 2678 tamen
1444 2626 1570 2680 sedc
1592 2623 1830 2691 humilis,
1852 2625 2070 2694 loquere

487 2733 592 2773 non
615 2716 884 2787 quomodo
913 2718 967 2771 in
994 2717 1312 2771 Jerusalem.
1340 2717 1411 2770 lbi
1445 2718 1586 2772 enim
1625 2717 1820 2782 stabis;
1851 2717 1972 2787 quia
2003 2716 2070 2771 de

485 2807 596 2876 ipsa
627 2821 722 2877 spe
765 2807 996 2876 loquitur
1038 2807 1172 2860 alius
1217 2807 1473 2876 psalmus,
1527 2815 1580 2861 et
1627 2815 1807 2860 cantat
1847 2806 2065 2861 dicens:

485 2899 690 2954 Stantes
733 2909 875 2952 erant
913 2899 1061 2969 pedes
1099 2899 1256 2952 nostri
1287 2900 1341 2952 in
1382 2900 1525 2952 atriis
1561 2897 1849 2953 Jerusalem
1894 2897 2066 2963 (Psal.

479 3007 629 3055 cxxt,
654 2990 730 3064 2).
760 2992 829 3045 Ibi
857 2992 1096 3060 erigeris,
1133 2991 1176 3044 si
1205 3001 1258 3046 te
1287 2991 1374 3044 hic
1397 2991 1707 3060 pmnitendo
1735 2999 1790 3046 et
1809 2990 2070 3045 conﬁten-

485 3083 552 3137 do
581 3083 957 3136 humiliaveris.
989 3081 1055 3136 In
1076 3083 1219 3137 atriis
1239 3098 1366 3152 ergo
1399 3083 1680 3138 Jerusalem
1711 3092 1897 3137 stantes
1923 3092 2066 3137 erant

485 3177 634 3246 pedes
659 3177 849 3240 nostri;
876 3176 1043 3246 Super
1071 3176 1284 3244 ﬂumina
1305 3189 1432 3230 vero
1458 3174 1736 3246 Babylonis
1773 3176 1995 3230 sedimus
2020 3185 2067 3230 et

479 3270 726 3338 fit-virum,
753 3285 865 3320 cum
890 3266 1272 3322 γεροντίων-σηπίη
1295 3266 1444 3323 Sion.
1469 3268 1593 3322 inde
1609 3276 1820 3338 oportet
1840 3275 1898 3323 ut
1911 3268 2064 3334 ﬂeas,

479 3358 812 3413 recordando
830 3357 976 3412 Sion.

551 3455 603 3509 5.
648 3453 793 3508 Multi
823 3454 964 3507 enim
1011 3451 1140 3507 ﬂent
1187 3451 1315 3508 ﬂetu
1362 3452 1672 3523 Babylonio,
1702 3453 1824 3523 quia
1853 3462 1907 3507 et
1933 3469 2063 3523 gau-

479 3545 611 3601 dent
647 3545 840 3614 gaudio
869 3544 1182 3616 Babylonio.
1227 3544 1324 3608 Qui
1370 3544 1601 3613 gaudent
1641 3544 1801 3598 lucris
1845 3553 1900 3600 et
1937 3546 2068 3599 ﬂent

479 3636 712 3702 damnis,
756 3645 1038 3705 utrumque
1081 3635 1148 3690 de
1193 3634 1480 3706 Babylonia
1525 3643 1627 3690 est.
1677 3635 1831 3690 Flere
1877 3635 2063 3703 debes,

477 3727 577 3782 sed
625 3726 956 3781 recordando
998 3727 1149 3782 Sion.
1201 3725 1258 3783 Si
1303 3726 1637 3781 recerdando
1681 3727 1808 3781 Sion
1841 3726 1957 3792 ﬂes,
2013 3736 2067 3782 et

479 3821 694 3894 quando
730 3821 824 3876 tibi
863 3819 1153 3876 secundum
1199 3819 1544 3891 Babyloniam
1577 3821 1716 3876 bene
1743 3831 1825 3876 est
1855 3830 2067 3891 oportet

479 3923 536 3969 ut
560 3913 708 3968 ﬂeas.
738 3913 1024 3981 Propterea
1053 3911 1246 3966 dicitur
1277 3911 1328 3965 in
1357 3913 1587 3981 quodam
1615 3912 1852 3982 psalmo:
1886 3912 2067 3966 Tribu-

482 4007 722 4061 lationem
751 4013 796 4056 et
821 4005 1045 4056 dolerent
1071 4005 1256 4068 inveni,
1301 4013 1347 4056 et
1377 4019 1554 4057 nomen
1606 4004 1809 4058 Domini
1842 4007 2067 4059 invocavi

480 4097 653 4168 (Psal.
673 4111 815 4162 cxrv,
839 4095 1019 4167 ὅσα).
1049 4095 1184 4162 Quid
1205 4104 1287 4149 est
1307 4096 1447 4165 quod
1467 4095 1612 4163 dicit,
1634 4096 1851 4151 Inveni?
1875 4099 2068 4153 Nescio

479 4207 638 4264 quam
669 4190 1061 4246 tribulationem
1107 4190 1256 4258 quasi
1303 4189 1665 4258 qumrendam,
1716 4192 1916 4246 invenit
1943 4201 2064 4246 tan-

479 4299 639 4354 quam
665 4283 969 4354 quaesitam.
1000 4282 1065 4335 Et
1094 4281 1554 4345 cuminvenisset,
1586 4296 1692 4351 quo
1731 4282 1878 4337 lucro
1916 4283 2066 4339 inve-

482 4377 597 4432 nit?
615 4375 817 4431 Nomen
845 4374 1048 4428 Domini
1080 4371 1364 4428 invocavit.
1395 4372 1614 4426 Multum
1647 4373 1865 4428 interest
1886 4383 2064 4430 utrum

480 4469 720 4524 invenias
739 4464 1164 4530 tribulationem,
1196 4479 1261 4518 an
1293 4463 1586 4518 inveniaris
1625 4481 1653 4519 a
1699 4465 2061 4523 tribulatione.

479 4561 615 4615 Dicit
641 4559 780 4614 enim
832 4559 936 4614 alio
986 4558 1136 4612 loco:
1169 4556 1380 4611 Dolores
1417 4559 1606 4630 inferni
1651 4558 1942 4612 invenerunt
1985 4575 2066 4614 me

481 4651 650 4724 (Psal.
673 4667 802 4717 xvn,
825 4649 901 4720 6).
925 4650 1060 4716 Quid
1083 4661 1181 4713 ρει,
1214 4647 1515 4702 Invenerunt
1535 4665 1612 4702 me
1635 4650 1833 4704 dolores
1847 4650 2066 4722 inferni?

477 4744 612 4813 Quid
643 4752 744 4811 est,
777 4743 1167 4798 Tribulationem
1195 4751 1241 4795 et
1269 4742 1496 4795 dolorem
1533 4741 1736 4796 inveni!
1762 4744 1988 4810 Quando
2012 4753 2065 4799 te

476 4846 698 4906 repente
717 4844 942 4905 occupat
967 4835 1198 4897 tristitia,
1234 4832 1556 4902 perturbatis
1585 4834 1678 4888 tibi
1707 4834 1866 4889 rebus
1893 4851 2062 4890 saecu-

479 4928 680 4982 laribus
725 4928 917 4997 quibus
955 4925 1344 4980 oblectabaris’
1381 4943 1392 4978 :
1426 4924 1640 4994 quando
1687 4934 1742 4981 te
1782 4929 2060 4998 repentina

478 5020 590 5090 ipsa
622 5017 823 5073 invenit
853 5017 1086 5078 tristitia,
1116 5015 1258 5070 unde
1279 5024 1336 5069 te
1361 5029 1467 5069 non
1512 5015 1737 5084 putabas
1766 5031 1922 5086 posse
1947 5020 2059 5072 lteri

478 5113 710 5176 tristem,
754 5110 967 5176 accidit,
999 5115 1060 5164 et
1102 5109 1266 5164 tristis
1291 5107 1553 5174 afficeris;
1599 5110 1805 5164 invenit
1835 5120 1885 5166 te
1909 5111 2063 5166 dolor

479 5205 694 5264 inferni.
717 5205 794 5261 Te
819 5205 960 5260 enim
989 5217 1199 5259 sursum
1224 5202 1477 5273 putabas;
1507 5211 1874 5258 verumtamen
1899 5204 2060 5259 deor-

475 5316 592 5355 sum
635 5313 758 5355 eras
787 5316 799 5351 :
829 5306 1033 5352 etcum
1067 5305 1118 5350 te
1147 5295 1301 5350 dolor
1343 5293 1533 5350 inferni
1579 5294 1862 5362 inveniret,
1895 5296 1965 5350 ibi
2009 5306 2061 5354 t'e

481 5393 727 5448 invenisti
773 5390 1045 5455 deorsum,
1076 5389 1167 5459 qui
1211 5397 1265 5442 te
1291 5403 1504 5442 sursum
1530 5387 1773 5457 putabas.
1807 5387 2059 5444 invenisti

480 5486 622 5541 enim
655 5493 706 5538 te
747 5482 932 5536 dolore
973 5480 1222 5536 aﬂ‘ectum
1265 5479 1518 5550 graviter,
1575 5480 1789 5534 trissitia
1833 5480 2058 5550 alicujus

481 5576 629 5642 mali,
663 5573 806 5630 unde
831 5573 967 5628 forte
994 5585 1414 5643 praesumpseras
1443 5581 1498 5627 te
1537 5585 1645 5625 non
1674 5571 1788 5626 fore
1811 5572 2054 5640 tristem;

545 5739 560 5768 ι
590 5735 723 5802 add,
750 5731 1016 5802 humilitate
1321 5729 1790 5802 Abiesgolttum'ls'tqte,
1813 5743 1842 5784 tt
1865 5741 1971 5786 Mss.

477 5797 693 5914 migras.
719 5795 921 5908 a‘dduut,
947 5802 990 5848 et
1015 5792 1183 5858 quibus
1209 5791 1525 5845 dclertubaris
1550 5806 1566 5842 :
1590 5795 1718 5857 quod
1748 5791 1782 5846 ai
1818 5798 2058 5848 nonnullis

613 5874 642 5910 a
677 5873 734 5908 es
760 5893 772 5904 .

1719 363 1774 422 Β.
1817 351 2178 421 AUGUSTM
2216 359 2518 424 EPISCOPI

3626 371 3770 434 i766

2177 483 2379 538 Invenit
2409 494 2460 540 te
2485 484 2640 541 dolor
2666 485 2879 541 inferni.
2913 485 3044 542 Cum
3067 496 3245 544 autem
3270 487 3409 546 bene
3435 499 3520 546 est
3543 490 3660 556 tibi,
3681 507 3770 548 ar-

2173 573 2351 631 rident
2377 579 2556 632 omnia
2586 577 2880 644 saacularia,
2913 579 3092 635 nullus
3123 589 3332 636 tuorum
3362 583 3514 647 obiit,
3543 584 3678 639 nihil
3713 585 3765 640 in

2175 666 2330 721 vinea
2371 675 2460 722 tua
2498 666 2636 724 forte
2675 670 2759 726 vel
2791 671 2950 736 aruit,
2995 671 3078 727 vel
3123 673 3495 743 grandinatum
3528 685 3641 745 est,
3682 679 3766 733 vel

2176 761 2362 817 sterile
2401 763 2666 833 apparuit,
2712 777 2822 819 non
2869 764 3012 821 acuit
3060 780 3196 836 cupa
3235 775 3346 834 tua,
3379 784 3485 822 non
3515 767 3764 825 abortum

2175 867 2391 924 passum
2413 866 2494 910 est
2514 871 2677 928 pecus
2700 865 2870 925 tuum,
2898 873 3004 913 non
3029 855 3392 914 exhonoratus
3418 877 3476 918 es
3501 861 3555 916 in
3587 861 3766 932 aliqua

2175 948 2433 1021 dignitate
2477 951 2769 1008 secundum
2824 953 3075 1011 saeculum
3121 955 3476 1022 constitutus,
3529 957 3767 1028 undique

2177 1043 2333 1097 amici
2361 1043 2435 1098 tui
2464 1053 2518 1100 et
2544 1045 2728 1099 vivunt
2754 1053 2807 1101 et
2834 1055 3049 1102 servant
3077 1045 3172 1102 tibi
3196 1046 3505 1116 amicitiam,
3539 1049 3766 1106 clientes

2176 1151 2282 1192 non
2313 1139 2525 1207 desunt,
2572 1140 2664 1194 filii
2709 1141 3094 1211 obsequuntur,
3142 1140 3283 1196 servi
3321 1143 3765 1210 contremiscunt,

2177 1231 2370 1302 ‘conjux
2391 1247 2638 1300 concors,
2672 1231 2794 1287 felix
2820 1231 3014 1288 dicitur
3036 1232 3258 1300 domus;
3287 1233 3358 1290 ibi
3389 1234 3566 1290 inveni
3595 1234 3766 1290 tribu-

2176 1325 2429 1382 lationem
2453 1327 2489 1392 ³,
2532 1327 2577 1381 si
2623 1326 2820 1398 aliquid
2861 1337 3031 1398 potes,
3080 1336 3138 1382 ut
3176 1327 3390 1382 inventa
3420 1327 3768 1384 tribulatione

2176 1419 2392 1475 invoces
2420 1435 2614 1475 nomen
2667 1421 2902 1480 Domini.
2949 1422 3267 1477 Perversum
3313 1421 3513 1493 aliquid
3556 1421 3772 1477 videtur

2177 1512 2371 1569 docere
2401 1529 2582 1569 sermo
2618 1513 2850 1580 divinus,
2897 1513 3025 1570 ﬂere
3055 1514 3108 1569 in
3135 1515 3338 1581 laetitia,
3365 1524 3420 1570 et
3451 1515 3504 1569 in
3535 1529 3770 1570 maerore

2178 1603 2366 1660 laetari.
2399 1605 2535 1660 Audi
2561 1605 2615 1660 in
2639 1620 2874 1662 maerore
2900 1605 3201 1661 laetantem:
3232 1604 3543 1671 Gloriamur,
3567 1606 3766 1676 inquit,

2178 1699 2230 1753 in
2259 1699 2661 1754 tribulationibus
2691 1699 2866 1770 (Rom.
2889 1715 2944 1758 v.
2977 1700 3052 1769 3).
3078 1699 3319 1754 Flentem
3350 1707 3530 1754 autem
3556 1698 3607 1752 in
3635 1697 3773 1752 laeti—

2179 1792 2272 1858 tia,
2319 1790 2441 1846 vide
2483 1793 2527 1845 si
2571 1792 2772 1847 invenit
2817 1791 3235 1846 tribulationem.
3266 1791 3516 1846 Altendat
3541 1791 3770 1862 quisque

2178 1882 2345 1953 ipsam
2379 1882 2688 1938 felicitatem
2720 1898 2892 1945 suam,
2921 1897 3022 1954 qua
3049 1882 3334 1938 exsultavit
3357 1882 3532 1936 anima
3554 1881 3692 1952 ejus,
3715 1889 3771 1936 et

2178 1977 2371 2031 tumuit
2395 1975 2785 2044 quodammodo
2814 1975 3024 2047 gaudio,
3067 1983 3122 2030 et
3147 1975 3338 2030 extulit
3381 1989 3460 2042 se,
3505 1982 3562 2030 et
3607 1973 3767 2040 dixit,

2178 2065 2326 2120 Felix
2358 2083 2510 2120 sum:
2537 2066 2776 2121 attendat
2817 2067 2861 2120 si
2891 2082 2994 2120 non
3026 2065 3142 2121 ﬂuit
3173 2066 3259 2120 illa
3301 2065 3549 2133 felicitas,
3592 2065 3638 2119 si
3669 2079 3769 2135 po-

2181 2168 2283 2216 test
2322 2169 2501 2215 certus
2528 2175 2648 2214 esse
2675 2159 2742 2214 de
2771 2159 2861 2214 illa
2892 2159 3015 2230 quia
3063 2168 3243 2214 manet
3287 2160 3342 2214 in
3388 2167 3666 2215 aeternum.
3709 2157 3772 2214 Si

2179 2263 2356 2308 autem
2384 2270 2488 2307 non
2520 2262 2606 2308 est
2632 2264 2829 2317 certus,
2872 2262 2927 2310 et
2970 2255 3114 2309 videt
3161 2254 3326 2309 ﬂuere
3364 2252 3508 2309 unde
3536 2253 3768 2325 gaudet;

2175 2340 2370 2398 ﬂuvius
2396 2342 2684 2416 Babylonis
2714 2353 2828 2399 est:
2854 2342 3039 2400 sedeat
3069 2361 3252 2414 supra,
3285 2353 3340 2401 et
3378 2345 3520 2400 ﬂeat.
3550 2343 3774 2401 Sedebit

2178 2447 2353 2493 autem
2385 2446 2438 2492 et
2468 2437 2719 2506 plorabit,
2765 2437 2808 2494 si
2857 2437 3168 2492 recordatus
3213 2439 3372 2494 fuerit
3416 2438 3564 2494 Sion.
3593 2436 3639 2494 Ο
3667 2453 3773 2508 pax

2178 2529 2264 2584 illa
2294 2544 2452 2600 quam
2479 2527 2778 2584 videbimus
2799 2529 2939 2597 apud
2965 2529 3160 2584 Deum!
3191 2544 3223 2584 ο
3261 2529 3350 2584 illa
3377 2537 3556 2584 sancta
3583 2543 3771 2598 acqua-

2178 2620 2300 2676 litas
2343 2621 2695 2690 Angeloruml
2747 2635 2778 2673 o
2827 2620 2913 2674 illa
2963 2621 3099 2675 visio
3147 2630 3202 2674 et
3248 2621 3614 2692 spectaculum
3645 2621 3770 2690 pul-

2176 2711 2396 2768 chrum!
2432 2714 2566 2768 Ecce
2596 2712 2649 2767 in
2681 2712 2965 2784 Babylonia
2999 2712 3219 2784 pulchra
3248 2719 3371 2768 sunt
3395 2729 3514 2785 quas
3540 2721 3724 2769 tenent
3751 2731 3767 2768 :

2178 2822 2286 2862 non
2313 2815 2550 2873 teneant,
2580 2822 2685 2860 non
2713 2807 3000 2876 decipiant.
3032 2806 3190 2861 Aliud
3220 2817 3302 2861 est
3329 2807 3578 2862 solatium
3599 2807 3773 2876 capti-

2173 2913 2384 2963 vorum,
2419 2899 2562 2952 aliud
2593 2899 2842 2968 gaudium
2874 2899 3194 2954 liberorum.
3229 2898 3399 2969 Super
3423 2895 3640 2970 ﬂumina
3663 2895 3771 2952 Ba-

2175 2990 2391 3062 bylonis,
2415 2991 2482 3044 ibi
2499 2989 2719 3044 sedimus
2739 3000 2784 3044 et
2804 2989 3052 3061 ﬂeuimus,
3075 3007 3189 3044 cum
3211 2991 3597 3044 recordaremur
3614 2989 3773 3049 Sion.

2247 3083 2299 3137 6.
2343 3079 2488 3155 [vers.
2539 3079 2619 3155 2.]
2660 3079 2726 3135 In
2754 3081 2991 3136 salicibus
3017 3083 3069 3136 in
3097 3083 3258 3136 medio
3283 3085 3392 3153 ejus
3413 3083 3772 3152 suspendimus

2175 3191 2366 3245 organa
2395 3184 2585 3228 nostra.
2635 3173 2842 3228 Habent
2872 3187 3068 3244 organa
3117 3189 3211 3229 sua
3254 3177 3402 3230 cives
3440 3173 3767 3244 Jerusalem,

2170 3265 2477 3335 Scripturas
2505 3265 2616 3332 Dei,
2645 3275 2911 3335 praecepta
2939 3266 3051 3330 Dei,
3085 3267 3343 3336 promissa
3371 3265 3486 3335 Dei,
3519 3267 3756 3322 medita-

2173 3357 2373 3411 tionem
2394 3357 2677 3426 quamdam
2703 3357 2863 3411 futuri
2892 3357 3104 3424 sarculi;
3129 3357 3221 3413 sed
3243 3374 3362 3413 cum
3389 3369 3548 3430 agunt
3575 3361 3628 3414 in
3652 3373 3771 3415 me-

2173 3451 2263 3507 dio
2287 3451 2615 3523 Babyloniae,
2648 3466 2844 3520 organa
2889 3467 2984 3506 sua
3009 3451 3063 3505 in
3097 3453 3348 3507 salicibus
3388 3453 3505 3522 ejus
3537 3468 3769 3522 suspen-

2173 3543 2324 3598 dunt.
2351 3544 2555 3600 Salices
2579 3544 2720 3613 ligna
2751 3554 2876 3598 sunt
2919 3541 3274 3610 infructuosa;
3306 3553 3360 3599 et
3401 3544 3502 3598 hoc
3543 3545 3662 3598 loco
3691 3546 3767 3599 ita

2175 3637 2368 3706 posita,
2387 3643 2566 3690 utnon
2590 3635 2787 3706 aliquid
2816 3635 2938 3689 boni
2963 3635 3127 3704 possit
3152 3635 3370 3706 intelligi
3392 3635 3458 3690 de
3487 3635 3762 3704 salicibus;

2172 3729 2295 3783 alibi
2321 3737 2498 3784 autem
2529 3729 2749 3782 forsitan
2787 3735 2978 3798 potest.
3003 3727 3159 3783 Modo
3181 3729 3320 3799 ligna
3351 3729 3622 3800 intelligite
3651 3739 3769 3786 stc-

2169 3820 2309 3885 rilia,
2335 3821 2608 3874 nascentia
2634 3835 2794 3890 super
2808 3819 3028 3874 ﬂumina
3051 3818 3356 3891 Babylonis.
3375 3819 3769 3890 Biganturha-c

2169 3913 2310 3982 ligna
2342 3912 2406 3966 de
2435 3911 2738 3966 ﬂuminibus
2763 3911 3073 3984 Babylonis,
3108 3920 3163 3966 et
3192 3912 3392 3967 nullum
3425 3911 3654 3968 fructum
3687 3915 3768 3967 fe-

2171 4013 2316 4059 runt.
2367 4005 2514 4058 Sicut
2558 4012 2681 4059 sunt
2728 4004 2970 4060 homines
3017 4005 3214 4075 cupidi,
3265 4007 3432 4072 avari,
3471 4008 3683 4062 steriles
3709 4008 3763 4061 in

2173 4111 2336 4166 opere
2366 4097 2536 4162 bono;
2569 4096 2638 4150 ita
2669 4097 2812 4150 cives
2857 4096 3181 4168 Babyloniae,
3219 4098 3459 4152 utetiam
3494 4098 3636 4169 ligna
3658 4098 3769 4151 sint

2173 4191 2314 4244 illius
2337 4190 2588 4260 regionis,
2625 4205 2692 4245 ex
2718 4190 2832 4244 istis
2855 4189 3217 4260 voluptatibus
3256 4205 3432 4244 rerum
3478 4199 3762 4244 transeun-

2172 4283 2304 4337 tium
2335 4292 2641 4352 pascuntur,
2672 4291 2922 4352 tanquam
2953 4282 3118 4352 rigata
3149 4281 3508 4338 aﬂuminibus
3530 4283 3764 4355 Babylo-

2172 4377 2526 4447 nizczqnwris
2566 4375 2817 4441 fructum,
2862 4385 2918 4431 et
2967 4391 3226 4447 nusquam
3277 4377 3502 4432 invenis.
3535 4377 3764 4444 Quando

2171 4471 2303 4525 tales
2335 4470 2579 4539 patimur,
2613 4481 2889 4524 versamur
2915 4478 3034 4522 cum
3081 4468 3160 4523 eis
3187 4468 3275 4539 qui
3313 4476 3436 4523 sunt
3482 4470 3534 4524 in
3584 4469 3764 4524 medio

2171 4562 2476 4634 Babylonis.
2501 4562 2719 4616 Multum
2749 4562 2889 4616 enim
2922 4563 3144 4618 interest
3167 4562 3307 4617 inter
3329 4563 3560 4618 medium
3590 4564 3766 4636 Baby-

2171 4655 2332 4720 IOnis,
2361 4664 2411 4709 et
2439 4655 2702 4709 exteriora
2746 4654 3072 4726 Babylonizc.
3103 4654 3239 4710 Sunt
3281 4657 3366 4725 qui
3413 4670 3519 4709 non
3549 4657 3760 4710 suntin

2171 4746 2346 4802 medio
2373 4746 2508 4816 ejus,
2540 4745 2591 4800 id
2619 4753 2720 4810 est,
2753 4759 2858 4799 non
2887 4755 3030 4800 tanta
3050 4745 3071 4776 '
3110 4745 3535 4816 concupiscentia
3579 4747 3759 4801 szrculi

2169 4847 2223 4894 et
2237 4837 2678 4894 delectationibus
2699 4837 3014 4891 obruuntur.
3041 4837 3139 4904 Qui
3163 4851 3311 4901 vero,
3333 4845 3390 4891 ut
3404 4847 3586 4908 aperte
3602 4837 3754 4892 dixe-

2168 4932 2267 4986 rim
2294 4942 2345 4986 et
2371 4930 2627 4992 breviter,
2657 4929 2880 4983 multum
2913 4928 3036 4982 mali
3067 4939 3209 4994 sunt,
3246 4931 3295 4982 in
3323 4929 3497 4984 medio
3525 4927 3758 5000 Babylo-

2168 5025 2251 5078 nis
2275 5033 2416 5090 sunt,
2449 5032 2504 5078 et
2529 5023 2666 5094 ligna
2689 5021 2913 5088 sterilia,
2940 5029 3190 5091 tanquam
3225 5021 3416 5076 salices
3446 5021 3755 5093 Babylonis.

2166 5117 2389 5185 Quando
2417 5117 2539 5172 illos
2568 5115 2829 5181 videmus,
2860 5124 2912 5170 et
2937 5124 3041 5169 tam
3071 5115 3282 5170 steriles
3303 5129 3394 5170 eos
3431 5116 3753 5180 invenimus,

2167 5219 2224 5264 ut
2244 5207 2460 5264 difﬂcile
2498 5207 2652 5263 nobis
2678 5217 2929 5278 appareat
2953 5207 3002 5261 in
3030 5207 3108 5262 eis
3147 5207 3346 5278 aliquid
3377 5207 3517 5263 unde
3547 5209 3755 5278 possint

2166 5300 2288 5356 duci
2313 5300 2379 5355 ad
2407 5298 2564 5355 fidem
2594 5307 2815 5366 rectam,
2841 5297 2924 5352 vel
2941 5298 3007 5354 ad
3029 5298 3170 5352 bona
3198 5315 3379 5369 opera,
3403 5301 3484 5354 vel
3508 5299 3574 5355 ad
3602 5315 3753 5370 spem

2165 5391 2328 5448 futuri
2371 5392 2572 5458 sreculi,
2603 5392 2686 5446 vel
2729 5391 2794 5446 ad
2840 5392 3322 5464 concupiscentiam
3364 5393 3693 5448 liberationis
3722 5409 3751 5447 a

2165 5485 2468 5556 captivitate
2488 5483 2851 5551 mortalitatis;
2879 5484 3179 5555 Scripturas
3212 5487 3479 5552 novimus,
3511 5501 3643 5557 quas
3673 5487 3751 5542 eis

2164 5580 2438 5634 dicamus:
2468 5578 2561 5633 sed
2601 5578 2722 5650 quia
2766 5578 2966 5633 nullum
3007 5577 3231 5634 fructum
3260 5580 3312 5634 in
3347 5580 3427 5635 eis
3452 5579 3752 5636 invenimus

2230 5741 2245 5770 ι
2271 5739 2344 5788 sic
2366 5737 2474 5788 fere
2497 5748 2671 5787 omnes
2689 5745 2796 5788 uas.
2845 5744 2901 5786 Αι
2921 5736 3053 5792 πίω,
3077 5735 3261 5788 mea
3694 5741 3755 5791 Et

2165 5814 2276 5850 mox
2296 5807 2366 5848 I-lr.
2396 5808 2447 5848 et
2463 5799 2645 5862 aliquot
2671 5808 2794 5860 Mss,
2818 5797 2862 5848 si
2881 5798 3139 5862 aliquando
3163 5805 3312 5861 potes.

2231 5866 2252 5893 ί
2277 5871 2396 5912 't‘res
2409 5868 2540 5922 Iss.,
2561 5867 2675 5912 tota.
