4074 6512
319 379 464 436 1765

318 493 465 548 unde
497 494 836 568 incipiamus,
865 496 1150 550 avertimus
1179 496 1245 550 ab
1290 496 1418 564 ipsis
1455 496 1664 559 faciem,
1697 505 1748 550 et
1777 495 1911 548 dici-

318 610 464 660 mus,
501 594 688 649 Adhuc
717 594 800 647 isti
833 609 937 646 non
969 594 1199 662 sapiunt,
1236 609 1339 648 non
1383 597 1627 664 capiunt;
1657 591 1910 661 quidquid

318 690 424 743 illis
445 689 762 749 dixerimus,
788 689 1058 742 sinistrum
1084 699 1137 742 et
1156 690 1434 742 adversum
1459 689 1745 742 habebunt.
1774 687 1912 755 Ergo

314 781 623 836 differendo
663 782 802 835 circa
836 796 929 834 eos
955 781 1276 851 Scripturas,
1309 781 1681 849 St‘lSpelltiilllllS
1713 794 1908 848 organa

315 881 506 926 nostra
539 874 589 926 in
613 873 894 927 salicibus:
919 888 1022 926 non
1047 874 1186 926 enim
1208 873 1394 943 dignos
1412 872 1687 931 habemus,
1713 872 1798 940 qui
1824 886 1912 923 or-

313 979 452 1035 gana
489 975 672 1019 nostra
705 974 933 1034 portent.
981 964 1093 1018 Non
1129 979 1256 1033 ergo
1287 966 1362 1017 eis
1392 977 1588 1034 organa
1619 971 1794 1016 nostra
1823 964 1907 1016 iu-

315 1057 553 1110 serendo
574 1059 868 1127 alligamus,
901 1057 990 1111 sed
1017 1057 1310 1112 differendo
1340 1058 1732 1127 suspendimus.
1769 1057 1909 1112 Sali-

313 1162 406 1200 ces
453 1149 600 1202 enim
650 1158 772 1202 sunt
821 1148 1123 1219 Babylonize
1166 1149 1304 1216 ligna
1354 1147 1712 1214 infructuosa,
1763 1156 1910 1218 pasta

315 1241 710 1310 temporalibus
747 1241 1122 1310 voluptatibus,
1169 1252 1414 1311 tanquam
1454 1239 1761 1295 fluminibus
1803 1240 1908 1294 Ba-

314 1331 570 1402 bylonire.

385 1424 439 1476 7.
485 1422 637 1493 [uera
668 1421 744 1494 5.]
787 1421 853 1476 Ει
876 1423 1052 1478 videte
1069 1423 1113 1477 si
1134 1439 1234 1478 non
1255 1423 1357 1478 hoc
1377 1425 1620 1494 sequitur
1645 1424 1905 1478 Psalmus:

312 1512 378 1567 In
401 1514 666 1576 salicibus,
695 1516 890 1582 inquit,
921 1517 974 1568 in
1003 1516 1167 1569 medio
1197 1517 1305 1585 ejus
1333 1517 1685 1586 suspendimas
1715 1531 1910 1586 organa

312 1617 510 1660 nostra.
550 1608 804 1672 Quoniam
851 1609 920 1661 ibi
960 1610 1394 1679 interrogaverunt
1433 1627 1527 1663 nos
1574 1611 1661 1680 qui
1689 1611 1908 1677 captivos

311 1699 576 1751 duxerunt
601 1715 711 1764 nos,
739 1701 888 1753 verba
913 1703 1258 1764 canticorum;
1280 1711 1326 1755 et
1347 1703 1431 1770 qui
1457 1702 1770 1754 abducet-unt
1793 1718 1903 1768 nos,

312 1790 565 1860 hymnum
586 1807 604 1844 :
628 1791 894 1856 subaudis,
926 1795 1355 1864 interrogaverunt
1384 1811 1494 1848 nos.
1534 1794 1704 1848 Verba
1735 1796 1906 1848 canti-

311 1897 502 1936 corum
532 1892 588 1936 et
617 1883 870 1954 hymnum
903 1885 1366 1953 interrogaverunt
1393 1901 1509 1952 nos,
1537 1887 1624 1956 qui
1668 1886 1907 1954 captivos

309 1972 590 2028 duxerunt
603 1988 720 2029 nos.
738 1975 837 2042 Qui
863 1989 958 2028 nos
978 1976 1238 2030 deserunt
1261 1978 1516 2046 captivos,
1537 1978 1722 2029 fratres
1733 1976 1758 2028 ?
1772 1990 1906 2046 quos

310 2064 588 2120 sensimus
617 2067 900 2136 aliquando
925 2070 1280 2137 captivatores
1306 2069 1551 2124 nostros?
1575 2069 1754 2123 Sensit
1786 2069 1905 2139 qui-

310 2155 435 2210 dem
466 2157 560 2212 illa
591 2159 884 2212 Jerusalem
917 2159 1256 2227 Babylonius,
1289 2161 1494 2223 Persas,
1525 2161 1825 2225 Chaldaeos,
1853 2167 1907 2214 et

311 2249 529 2304 illarum
576 2254 812 2320 gentium
853 2263 912 2306 et
958 2255 1230 2321 regionum
1265 2253 1506 2307 homines
1551 2254 1904 2321 captivatores

309 2357 479 2408 suos;
514 2352 570 2397 et
595 2343 694 2397 hoc
737 2355 938 2413 postea,
973 2361 1076 2399 non
1107 2348 1317 2416 quando
1359 2349 1442 2401 isti
1484 2349 1670 2418 psalmi
1717 2358 1903 2402 canta-

310 2435 534 2490 bantur.
561 2436 666 2492 Sed
688 2439 796 2504 jam
823 2439 1052 2493 diximus
1076 2440 1330 2494 Charitati
1369 2452 1558 2496 vestra:
1585 2444 1759 2494 omnia
1785 2456 1904 2511 qum

308 2528 610 2583 secundum
639 2529 866 2583 litteram
897 2530 947 2583 in
981 2531 1062 2583 illa
1101 2531 1312 2585 civitate
1338 2534 1734 2602 contingebant,
1773 2535 1904 2603 figu-

311 2634 403 2674 ras
425 2629 641 2674 nostras
669 2621 862 2676 fuisse:
887 2631 940 2676 et
968 2621 1121 2676 facile
1150 2634 1325 2694 potest
1354 2625 1708 2680 demonstrari
1737 2627 1905 2695 capti-

308 2725 412 2764 vos
440 2727 542 2766 nos
570 2727 706 2767 esse.
729 2712 843 2767 Non
873 2715 1012 2768 enim
1036 2716 1360 2784 respiramus
1376 2717 1484 2785 jam
1510 2719 1559 2770 in
1582 2733 1736 2770 auras
1761 2718 1903 2772 illius

310 2804 610 2870 libertatis;
636 2821 741 2859 non
761 2807 898 2860 enim
939 2806 1165 2860 fruimur
1189 2809 1416 2876 puritate
1445 2810 1701 2874 veritatis,
1730 2819 1784 2864 et
1813 2810 1902 2862 illa

308 2897 574 2964 sapientia
606 2914 722 2966 qua:
754 2899 804 2951 in
836 2901 1008 2968 scipsa
1035 2916 1255 2955 manens
1284 2903 1500 2956 innovat
1538 2904 1713 2957 omnia
1742 2903 1896 2975 (Sap.

308 3006 402 3055 vn,
435 2990 555 3060 2-7).
598 2991 1043 3047 Delectationibus
1077 2995 1450 3063 temporalium
1495 3011 1674 3049 rerum
1723 3004 1899 3049 tenta-

307 3098 449 3142 mur,
480 3093 537 3137 et
563 3083 913 3138 colluctamur
939 3085 1173 3153 quotidie
1195 3102 1312 3139 cum
1343 3087 1769 3156 suggestionibus
1798 3088 1900 3139 illi-

307 3174 539 3227 citarum
573 3175 931 3244 voluptatum:
958 3176 1041 3228 vix
1073 3179 1394 3244 respiramus
1424 3179 1505 3231 vel
1531 3177 1582 3231 in
1614 3183 1894 3241 oratione;

305 3270 554 3337 captivos
591 3283 695 3323 nos
719 3285 839 3324 esse
884 3270 1244 3338 intelligimus.
1280 3271 1383 3325 Sed
1421 3272 1507 3339 qui
1544 3288 1639 3324 nos
1661 3271 1898 3339 captivos

304 3362 612 3430 duxerunt?
638 3363 726 3432 qui
776 3363 1050 3417 homines?
1077 3380 1194 3433 qua:
1220 3364 1387 3434 gens?
1414 3364 1498 3432 qui
1533 3363 1658 3417 rex?
1687 3362 1740 3418 Si
1774 3363 1896 3416 red-

307 3453 550 3519 imimnr,
583 3455 774 3523 captivi
805 3470 1038 3509 eramus.
1067 3455 1196 3523 Quis
1227 3470 1322 3509 nos
1344 3455 1602 3509 redemit?
1633 3455 1893 3509 Christus.

305 3545 344 3597 Α
375 3560 484 3618 quo
528 3561 624 3598 nos
653 3547 912 3602 redemit?
941 3549 980 3600 A
1013 3547 1243 3602 diabolo.
1279 3549 1530 3602 Diabolus
1557 3564 1685 3616 ergo
1714 3557 1769 3601 ct
1794 3564 1894 3601 an-

304 3637 404 3705 geli
437 3637 558 3704 ejus
589 3640 825 3707 captivos
874 3654 971 3692 nos
1018 3638 1313 3703 duxerunt;
1362 3655 1460 3694 ncc
1502 3639 1755 3694 ducerent
1795 3641 1894 3693 nisi

302 3731 725 3784 consentientes.
757 3729 862 3783 Nos
890 3730 1031 3783 ducti
1064 3746 1248 3784 sumus
1274 3733 1485 3800 captivi.
1531 3731 1894 3800 Captivatores

304 3821 475 3874 nostri
507 3821 610 3874 dixi
640 3823 726 3890 qui
756 3822 875 3874 sint.
902 3821 1003 3889 Ipsi
1033 3831 1157 3874 sunt
1177 3823 1334 3875 etiam
1361 3823 1591 3876 latrones
1612 3824 1896 3876 vulneran-

303 3919 382 3963 tes
416 3911 565 3964 illum
595 3913 848 3964 viatorem
882 3911 971 3980 qui
999 3912 1269 3965 descendit
1309 3913 1374 3964 ab
1400 3913 1691 3966 Jerusalem
1725 3913 1775 3966 in
1806 3913 1896 3968 Je-

301 4003 490 4067 richo;
521 4019 677 4072 quem
707 4004 996 4055 sauciatam
1025 4003 1337 4057 semivivum
1365 4004 1709 4073 reliqui-runt.
1745 4005 1894 4060 llunc

300 4095 390 4148 ille
417 4103 601 4148 custos
645 4103 846 4157 noster,
890 4094 938 4146 id
981 4105 1062 4147 est
1102 4096 1466 4148 Samaritanus
1505 4097 1892 4164 (Samaritanus

297 4187 446 4241 enim
481 4187 672 4240 Custos
696 4187 1118 4257 interpretatur),
1144 4189 1226 4241 cui
1245 4187 1509 4256 obiectum
1534 4199 1614 4243 est
1637 4206 1661 4240 a
1694 4190 1892 4244 JudmiS

297 4291 349 4332 et
381 4279 606 4343 dictum,
637 4277 685 4330 Ν
690 4296 818 4332 anne
845 4295 1013 4332 verum
1055 4279 1267 4332 dicimus
1290 4281 1407 4348 quia
1436 4281 1792 4336 Samaritanus
1818 4299 1886 4348 es,

299 4379 344 4421 et
372 4369 680 4422 dwmonium
704 4369 890 4422 habes?
910 4379 964 4422 et
996 4370 1082 4423 ille
1113 4369 1439 4438 obiectorum
1470 4372 1692 4426 duorum
1727 4387 1888 4426 unum

299 4463 524 4530 respuit,
551 4471 603 4515 et
631 4478 791 4516 uumn
839 4463 1038 4516 tenuit:
1070 4463 1195 4533 ligo,
1228 4465 1416 4533 inquit,
1451 4464 1756 4518 dwmonium
1787 4483 1887 4520 non

301 4554 459 4608 habeo
490 4553 664 4625 (Joan.
696 4571 807 4619 vui,
839 4556 928 4621 48,
959 4555 1082 4627 49);
1118 4573 1220 4610 non
1251 4567 1424 4610 autem
1457 4557 1607 4620 dixit,
1640 4558 1750 4628 Ego
1783 4575 1886 4613 non

299 4659 416 4698 sunt
444 4645 843 4700 Samaritanus:
868 4648 910 4700 si
939 4649 1078 4700 enim
1113 4647 1198 4700 ille
1244 4646 1608 4702 Samaritanus
1641 4666 1744 4702 non
1788 4666 1886 4702 cu-

300 4735 564 4801 stodierit,
590 4737 769 4806 utique
793 4736 1058 4806 perimus:
1089 4737 1450 4792 Samaritanus
1477 4756 1600 4808 rrgo
1625 4740 1886 4794 transiens

300 4827 429 4882 vidit
457 4830 696 4883 saucium
725 4838 777 4884 et
804 4830 1137 4884 vulneratum
1167 4830 1481 4886 derelictum
1507 4847 1534 4883 a
1569 4833 1880 4899 latronibus,

301 4928 355 4974 et
379 4921 517 4975 sicut
546 4923 733 4986 nostis,
781 4923 996 4992 collegit
1039 4921 1188 4996 (Luc.
1231 4931 1284 4986 x,
1337 4925 1552 4994 ’ὅθ-55).
1601 4926 1749 4980 Sicut
1787 4928 1885 4980 ali-

300 5015 512 5082 quando
555 5017 816 5070 latronum
859 5018 1074 5070 nomine
1118 5026 1401 5085 pommtur,
1446 5016 1536 5086 qui
1583 5018 1735 5072 nobis
1766 5019 1883 5088 pla-

301 5119 389 5173 gas
438 5118 774 5175 peccatorum
822 5108 1146 5172 indixerunt,
1187 5109 1294 5177 jam
1339 5127 1431 5178 per
1473 5112 1880 5167 consensionem

303 5209 499 5254 nostra:
547 5202 905 5272 captivitatis;
956 5203 1032 5256 sic
1076 5212 1127 5256 et
1171 5203 1526 5273 captivatores
1568 5205 1734 5259 nostri
1780 5206 1880 5275 ipsi

263 5343 266 5350 ,
299 5287 563 5345 dicuntur.

368 5375 419 5434 8.
454 5381 544 5438 lsti
575 5398 701 5451 ergo
742 5384 828 5454 qui
855 5385 1074 5452 captivos
1101 5385 1352 5439 duxerunt
1391 5404 1504 5453 nos,
1551 5388 1792 5442 diabolus
1821 5401 1878 5444 et

299 5475 468 5542 angeli
501 5474 637 5544 ejus,
671 5477 882 5546 quando
908 5477 1060 5531 nobis
1082 5478 1349 5543 dixerunt,
1376 5489 1430 5534 et
1452 5481 1668 5550 quando
1688 5498 1777 5536 nos
1799 5484 1877 5535 in-

301 5571 670 5636 terrogaverunt
712 5568 860 5620 verba
903 5569 1252 5622 canticorum?
1290 5569 1425 5638 Quid
1473 5588 1600 5642 ergo
1631 5574 1880 5644 intelligi-

303 5660 460 5713 mus?
491 5661 621 5726 Quia
651 5677 768 5714 cum
801 5663 930 5716 tales
960 5678 1055 5714 nos
1087 5661 1430 5732 interrogant,
1463 5665 1512 5718 in
1544 5667 1735 5736 quibus
1759 5667 1872 5721 dia-

304 5746 451 5804 bolus
475 5762 743 5822 operatur,
765 5751 1137 5822 intelligendus
1157 5764 1238 5807 est
1267 5755 1376 5823 ipse
1405 5771 1501 5809 nos
1524 5758 1869 5828 interrogare,

301 5844 388 5914 qui
417 5845 465 5899 in
492 5847 567 5902 eis
595 5857 864 5918 operatur.
885 5846 1168 5917 Apostolus
1187 5846 1316 5902 dicit
1343 5866 1356 5904 :
1389 5845 1456 5902 Et
1481 5866 1564 5906 vos
1589 5868 1702 5905 cum
1729 5869 1863 5908 esse-

1354 375 1748 434 ENARRATIO
1788 373 1851 429 IN
1892 374 2220 434 PSALMUM
2257 380 2541 439 CXXXVI.

3465 397 3604 459 im

2023 497 2086 550 tis
2113 502 2299 554 mortui
2326 503 2377 555 in
2406 501 2604 556 delictis
2622 512 2666 557 et
2696 508 2912 574 peccatis
2939 511 3134 578 vestris,
3162 527 3277 566 cum
3296 514 3524 570 viveretis
3543 521 3598 572 in

2017 590 2120 644 illis
2143 596 2418 648 secundant
2446 600 2685 652 steculum
2716 604 2892 656 mundi
2933 604 3104 674 hujus,
3134 608 3408 662 secundum
3451 611 3598 678 priu-

2020 683 2179 752 cipem
2202 690 2460 755 potestatis
2484 691 2615 743 actis
2645 693 2814 760 hujus,
2839 697 3048 765 spiritus
3073 700 3157 767 qui
3188 716 3320 753 nunc
3347 711 3589 770 operatur

2017 775 2068 825 in
2097 775 2214 840 filiis
2235 777 2540 846 diﬁidentite,
2575 782 2629 835 in
2653 784 2831 853 quibus
2859 795 2905 840 et
2932 803 3044 854 nos,
3074 790 3244 858 inqult
3269 833 3283 858 ,
3313 791 3594 862 aliquando

2018 869 2292 922 convcrsati
2313 886 2489 925 smnus
2515 871 2728 943 (Ep/tes.
2760 869 2815 940 ιι,
2849 878 2993 950 1-5).
3022 879 3265 936 Ostendit
3293 897 3352 937 se
3378 884 3596 940 redem-

2021 965 2164 1024 ptum
2219 961 2284 1014 de
2334 963 2616 1036 Babylonia
2657 971 2884 1039 coepisse
2922 972 3030 1041 jam
3076 976 3243 1030 exire.
3286 975 3392 1032 Sed
3422 987 3598 1033 tamen

2017 1048 2190 1104 adhuc
2221 1053 2343 1120 quid
2372 1055 2500 1110 dicit
2523 1057 2547 1109 ?
2570 1058 2701 1127 Quia
2744 1077 2865 1116 cum
2913 1063 3153 1121 hostibus
3189 1070 3388 1122 nostris
3413 1071 3599 1124 confli-

2017 1139 2205 1207 ginius.
2240 1142 2310 1197 Et
2353 1160 2420 1199 ne
2451 1147 2740 1205 irascamur
2784 1152 3087 1210 hominibus
3107 1158 3201 1227 qui
3245 1159 3397 1214 nobis
3439 1160 3595 1230 inge-

2019 1241 2142 1285 runt
2191 1238 2611 1306 persecutiones,
2660 1244 2780 1298 tulit
2807 1245 3154 1302 intentionem
3185 1261 3418 1305 nostram
3447 1253 3594 1319 Apo-

2017 1323 2186 1378 stolus
2209 1327 2414 1382 abodio
2432 1328 2726 1397 hominum,
2756 1347 2810 1390 et
2830 1337 3028 1392 direxit
3048 1339 3099 1393 in
3126 1341 3319 1395 luctum
3347 1357 3594 1411 querunt-

2017 1416 2136 1470 dam
2165 1419 2467 1488 spirituum,
2497 1439 2632 1490 quos
2654 1441 2756 1479 non
2789 1429 3050 1497 videmus,
3075 1441 3128 1486 et
3155 1447 3274 1486 cum
3304 1433 3432 1502 ipsis
3455 1448 3591 1488 con-

2018 1507 2266 1578 fligimus.
2297 1513 2382 1564 Ait
2407 1514 2582 1567 enim:
2621 1515 2740 1571 Non
2766 1528 2835 1573 est
2860 1523 2994 1576 vobis
3023 1523 3311 1580 colluctatio
3343 1526 3584 1580 adversus

2015 1616 2215 1654 carnem
2247 1615 2291 1656 et
2318 1607 2614 1676 sanguinem
2641 1625 2657 1672 ;
2696 1610 2744 1663 id
2773 1620 2872 1674 est,
2901 1614 3156 1671 adversus
3185 1615 3430 1671 homines
3458 1632 3592 1687 quos

2015 1693 2228 1757 videtis,
2258 1713 2286 1750 a
2318 1699 2510 1768 quibus
2561 1702 2697 1757 mala
2725 1704 2973 1759 videmini
3005 1708 3110 1776 pati
3138 1750 3150 1771 ,
3179 1709 3268 1779 qui
3299 1710 3449 1764 vobis
3495 1711 3598 1764 im-

2018 1796 2228 1854 portant
2275 1794 2673 1857 persecutiones
2700 1813 2713 1848 :
2742 1811 2862 1849 nam
2891 1811 2986 1864 pro
3014 1798 3140 1866 ipsis
3165 1813 3320 1853 orare
3344 1800 3598 1870 prreeepti

2015 1892 2220 1933 sumus.
2253 1878 2375 1934 Non
2401 1892 2473 1935 est
2493 1883 2652 1949 vobis,
2685 1886 2875 1956 inquit,
2904 1888 3192 1943 colluctatio
3221 1890 3456 1944 adversus
3478 1908 3596 1944 car-

2016 1987 2129 2023 nem
2160 1981 2206 2024 et
2244 1975 2562 2045 sanguinem,
2595 1977 2641 2030 id
2674 1987 2776 2044 est,
2809 1979 3065 2033 adversus
3091 1979 3367 2046 homines;
3393 1981 3482 2034 sed
3506 1981 3598 2033 ad-

2014 2076 2183 2115 versus
2231 2066 2499 2134 principes,
2535 2077 2580 2120 et
2607 2077 2869 2136 potestates
2894 2112 2908 2134 ,
2942 2081 2988 2122 et
3011 2080 3228 2124 rectores
3259 2071 3433 2124 mundi
3459 2081 3596 2124 tene-

2013 2153 2216 2208 brarum
2266 2156 2444 2210 harum
2473 2158 2593 2223 (Id.
2626 2176 2698 2224 VI,
2732 2161 2799 2214 12
2820 2162 2860 2232 ).
2901 2163 3038 2229 Quid
3068 2163 3224 2230 dixit,
3255 2163 3478 2216 mundi?
3505 2163 3597 2216 Di-

2014 2247 2271 2303 lectorum
2300 2251 2503 2306 mundi.
2537 2252 2646 2305 llos
2672 2254 2956 2323 appellavit
3000 2262 3054 2308 et
3101 2255 3367 2319 tenebras,
3424 2254 3473 2308 id
3517 2262 3599 2311 est

2013 2340 2243 2410 iniquos,
2273 2345 2580 2411 sceleratos,
2620 2347 2877 2409 inlldelcs,
2906 2356 3209 2416 peccatores
3234 2365 3247 2412 ;
3278 2349 3468 2417 quibus
3487 2348 3598 2416 jam

2013 2434 2352 2489 credentibus
2398 2439 2689 2506 gratulatur
2744 2438 2842 2492 hoc
2875 2438 3050 2503 modo,
3094 2449 3153 2492 ut
3196 2438 3372 2493 dicat:
3407 2438 3598 2493 Fuistis

2013 2527 2144 2580 enim
2196 2528 2470 2597 aliquando
2516 2533 2747 2593 tenebrat,
2792 2521 2925 2584 nunc
2953 2540 3118 2584 autent
3165 2532 3254 2584 luo:
3281 2531 3332 2584 in
3381 2529 3597 2585 Domino

2012 2617 2146 2690 (Id.
2181 2637 2233 2683 v,
2266 2620 2360 2694 8
2393 2624 2528 2692 Etgo
2575 2625 2845 2678 constituit
2890 2639 2984 2679 nos
3027 2624 3221 2678 luctam
3251 2623 3448 2679 habere
3473 2639 3596 2681 cum

2012 2710 2115 2763 illis
2140 2712 2467 2782 principibus
2491 2731 2503 2778 ;
2540 2716 2633 2783 ipsi
2661 2731 2754 2768 nos
2783 2715 3047 2770 duxerunt
3071 2717 3332 2785 captivos.

2083 2809 2134 2858 9.
2171 2806 2450 2870 Quomodo
2481 2815 2654 2861 autem
2706 2807 2949 2860 diabolus
2980 2808 3192 2860 intravit
3238 2808 3290 2861 in
3319 2822 3414 2862 cor
3444 2807 3596 2865 ludat

2011 2897 2028 2965 (
2055 2895 2211 2950 Joan.
2245 2913 2362 2962 xm,
2392 2898 2496 2970 27)
2522 2939 2532 2957 ,
2569 2908 2623 2951 ut
2652 2899 2885 2953 traderet
2930 2900 3232 2966 Dominum,
3278 2916 3381 2955 non
3411 2910 3593 2956 autem

2011 2987 2252 3054 intraret,
2279 2989 2378 3040 nisi
2411 2990 2495 3041 ille
2527 2989 2696 3042 locum
2738 2990 2923 3054 daret;
2975 2991 3052 3044 sic
3082 2991 3233 3044 multi
3266 2993 3391 3045 mali
3423 2992 3592 3045 homi-

2008 3093 2105 3131 nes
2125 3079 2190 3132 de
2219 3079 2390 3132 media
2419 3080 2705 3150 Babylonia
2739 3098 2831 3149 per
2855 3081 3117 3136 desideria
3144 3084 3374 3137 carnalia
3402 3094 3456 3137 ct
3484 3083 3592 3138 illi-

2006 3169 2108 3221 cita
2140 3169 2311 3222 locum
2345 3170 2522 3224 dando
2553 3171 2763 3225 diabolo
2790 3182 2843 3224 ct
2876 3174 3078 3242 angelis
3100 3174 3214 3242 ejus
3260 3176 3310 3228 in
3343 3175 3591 3232 cordibus

2007 3262 2136 3326 suis,
2170 3272 2226 3314 ut
2255 3261 2306 3314 in
2352 3262 2454 3315 illis
2483 3271 2535 3315 et
2563 3263 2629 3316 de
2662 3262 2766 3316 illis
2793 3273 3061 3332 operetur,
3103 3264 3390 3334 aliquando
3422 3266 3588 3319 inter-

2004 3361 2192 3421 rogant
2227 3367 2361 3415 nos,
2393 3364 2447 3406 et
2485 3353 2666 3406 dicunt
2698 3353 2852 3407 nobis
2881 3371 2893 3406 :
2925 3355 3189 3422 Exponite
3233 3356 3385 3409 nobis
3422 3357 3590 3410 ratio-

2007 3461 2146 3499 nem.
2184 3445 2378 3514 Pagani
2430 3445 2664 3514 plerique
2716 3445 2897 3498 dicunt
2945 3446 3042 3499 ista
3097 3447 3247 3500 nobis
3281 3465 3293 3499 :
3324 3447 3590 3517 Exponite

2003 3540 2287 3603 rationem,
2313 3555 2478 3610 quare
2503 3541 2646 3594 venit
2668 3539 2929 3605 Christus,
2959 3549 3012 3594 et
3041 3539 3166 3608 quid
3201 3541 3396 3609 profuit
3423 3542 3578 3595 Chri-

2004 3641 2118 3687 stus
2171 3634 2353 3703 generi
2407 3632 2686 3687 humano?
2734 3632 2918 3687 Nonne
2963 3649 3028 3687 ex
3091 3649 3196 3703 quo
3249 3636 3388 3689 venit
3433 3633 3587 3689 Chri-

2001 3737 2113 3781 stus
2142 3727 2322 3797 pejora
2350 3737 2470 3781 sunt
2503 3729 2552 3780 in
2585 3728 2743 3782 rebus
2771 3727 3034 3793 humanis,
3060 3743 3219 3798 quam
3253 3727 3466 3783 fuerunt
3487 3744 3586 3783 an-

2004 3829 2107 3883 tea,
2135 3827 2187 3871 et
2218 3818 2481 3873 feliciores
2504 3830 2626 3871 tunc
2654 3827 2806 3872 erant
2831 3833 2918 3872 res
2936 3817 3180 3871 humanm
3207 3834 3362 3888 quam
3391 3819 3586 3872 modo?

2004 3911 2191 3963 Dicant
2235 3911 2388 3962 nobis
2436 3910 2718 3964 Christiani
2756 3910 2882 3979 quid
2927 3910 3047 3964 boni
3077 3911 3254 3964 attulit
3301 3910 3586 3967 Christus?

2002 4002 2140 4056 unde
2162 4001 2424 4056 feliciores
2451 4010 2638 4072 putent
2665 4017 2749 4056 res
2781 4002 3061 4067 humanas,
3095 4002 3218 4072 quia
3246 4004 3394 4057 venit
3418 4003 3582 4058 Chri-

1999 4093 2153 4147 stus?
2183 4093 2338 4146 Vides
2364 4094 2527 4156 enim,
2559 4093 2602 4147 si
2635 4093 2836 4147 theatra
2862 4102 2915 4147 et
2941 4093 3332 4163 amphitheatra
3363 4104 3416 4150 et
3447 4096 3578 4150 circi

1999 4193 2200 4239 starent
2242 4185 2534 4238 incolumes
2559 4226 2574 4250 ,
2605 4185 2647 4237 si
2679 4183 2808 4237 nihil
2839 4183 3055 4239 caderet
3095 4184 3165 4238 de
3195 4185 3503 4257 Babylonia,
3536 4188 3582 4241 si

1999 4276 2212 4329 ubertas
2235 4283 2378 4329 esset
2402 4271 2883 4330 circumfluentium
2913 4276 3243 4345 voluptatum
3274 4277 3580 4333 hominibus

1998 4369 2289 4422 cantaturis
2333 4378 2387 4422 et
2431 4367 2703 4423 saltatoris
2727 4366 2795 4421 ad
2842 4368 3010 4436 turpia
3045 4370 3268 4434 cantica,
3326 4369 3371 4423 si
3418 4369 3580 4423 libido

1996 4460 2344 4514 seortantium
2391 4467 2446 4514 et
2493 4459 2948 4514 meretricantium
2996 4459 3218 4514 haberet
3266 4461 3498 4531 quietem
3525 4469 3581 4516 et

1994 4555 2354 4617 securitatem,
2387 4553 2428 4605 si
2457 4567 2560 4605 non
2610 4552 2819 4607 timeret
2863 4553 3052 4606 famem
3085 4553 3137 4606 in
3167 4553 3326 4606 domo
3369 4567 3463 4606 sua
3493 4554 3579 4622 qui

1993 4647 2186 4700 clamat
2209 4656 2266 4700 ut
2313 4645 2622 4715 pantomimi
2674 4647 3005 4710 vestiantur;
3036 4647 3078 4699 si
3113 4649 3226 4700 lucc
3256 4648 3433 4700 omnia
3461 4646 3578 4702 sine

1994 4739 2131 4805 labe,
2162 4740 2279 4794 sine
2323 4721 2721 4808 perturbatione
2747 4739 2918 4807 aliqua
2945 4737 3194 4804 fluerent,
3225 4747 3277 4792 et
3307 4749 3460 4798 esset
3488 4755 3576 4793 se-

1992 4831 2188 4884 auritas
2231 4845 2420 4900 magna
2471 4846 2747 4900 nugarum,
2800 4829 2971 4884 felicia
3013 4840 3194 4885 essent
3222 4841 3478 4900 tempora,
3524 4843 3578 4886 et

1992 4939 2236 4992 magnam
2271 4923 2573 4977 felicitatem
2616 4924 2776 4980 rebus
2806 4923 3051 4979 humanis
3095 4925 3342 4980 Christus
3369 4927 3576 4980 attulis-

1990 5026 2090 5071 set.
2134 5017 2265 5081 Quia
2311 5033 2437 5070 vero
2489 5018 2764 5072 czeduntur
2809 5019 3110 5088 iniquitates
3140 5060 3154 5084 ,
3188 5029 3244 5073 ut
3287 5021 3574 5088 exstirpata

1989 5107 2274 5175 cupiditate
2292 5107 2554 5176 plantetur
2574 5109 2668 5162 cha
2679 5110 2806 5163 ritas
2831 5109 3124 5164 Jerusalem
3149 5126 3164 5176 ;
3187 5112 3308 5180 quia
3334 5112 3568 5164 miscen-

1991 5208 2074 5254 tur
2103 5199 2488 5254 amaritudines
2515 5201 2636 5254 vita:
2661 5201 2959 5270 temporali,
2992 5211 3046 5255 ut
3073 5211 3272 5256 aeterna
3297 5202 3573 5258 desidere-

1990 5303 2112 5357 tur;
2146 5293 2266 5361 quia
2295 5291 2611 5347 erudiuntur
2654 5292 2704 5344 iu
2733 5292 2956 5361 flagellis
2983 5292 3224 5348 homines
3249 5335 3265 5361 ,
3293 5305 3572 5366 paternam

1986 5385 2308 5454 accipientes
2327 5383 2682 5453 disciplinam,
2711 5398 2779 5438 ne
2801 5384 3136 5452 iudiciariam
3155 5385 3426 5440 inveniant
3454 5403 3575 5440 sen—

1986 5479 2201 5532 tentiam
2227 5493 2242 5543 ;
2268 5477 2399 5533 nihil
2421 5476 2738 5531 boniattulit
2757 5477 3003 5532 Christus
3033 5520 3046 5543 ,
3080 5487 3134 5532 et
3156 5479 3368 5535 labores
3394 5480 3572 5534 attulit

1984 5567 2248 5627 Christus.
2279 5573 2341 5626 Et
2361 5570 2549 5639 incipis
2569 5569 2748 5625 dicere
2777 5572 2975 5624 homini
2996 5582 3192 5642 quanta
3225 5572 3358 5626 bona
3387 5572 3573 5628 fecerit

1982 5668 2248 5731 Christus,
2281 5665 2618 5734 etnoncapit.
2644 5666 2902 5735 Pr0ponis
2917 5667 3058 5720 enim
3079 5667 3344 5735 illicosqui
3372 5665 3571 5721 faciunt

1981 5759 2120 5828 quod
2159 5756 2318 5811 modo
2337 5755 2556 5810 audistis
2599 5758 2648 5810 in
2670 5757 2972 5826 Evangelio,
3004 5757 3239 5813 vendunt
3269 5759 3446 5812 omnia
3474 5773 3570 5813 sua

1985 5861 2040 5905 et
2077 5851 2204 5905 dant
2241 5847 2594 5918 pauperibus,
2622 5858 2679 5903 ut
2731 5848 2961 5905 habeant
2989 5850 3295 5906 thesaurum
3323 5851 3377 5907 in
3419 5850 3573 5913 calls
