4078 6526
458 383 597 441 1⁸16⁸1

458 504 511 550 et
540 498 828 562 sequantur
871 486 1152 543 Dominum
1187 481 1399 555 (Matth.
1452 493 1549 534 χιι
1578 518 1591 544 ,
1613 476 1706 547 Ἥ)
1738 492 1751 529 :
1785 473 1917 529 dicis
1942 471 2040 534 illi,

466 587 605 642 Ecce
629 581 769 655 quod
795 581 972 635 attulit
994 578 1258 634 Christus.
1296 576 1465 642 Quam
1510 571 1661 627 multi
1693 568 1892 623 faciunt.
1920 564 2040 630 ista,

464 688 521 731 ιιι
549 676 868 731 distribuant
891 686 976 726 res
1004 685 1127 725 suas
1152 668 1356 737 egenis,
1387 673 1444 720 et
1468 663 1598 717 ﬁant
1626 674 1907 731 pauperes,
1932 671 2041 711 non

466 770 799 833 necessitate,
835 766 925 821 sed
959 765 1247 827 voluntate,
1273 767 1563 830 sequentes
1606 757 1793 817 Deum,
1826 766 2047 822 sperau-

469 874 545 917 tes
573 875 791 931 regnum
823 857 1110 913 ccelorum!
1143 853 1368 908 lrrideut
1414 851 1498 905 isti
1543 847 1689 918 quasi
1721 845 1910 900 stultos
1938 859 1953 896 :
1985 842 2051 897 Et

468 954 612 1016 talia,
644 950 907 1020 inquiunt,
940 950 1079 1003 bona
1105 942 1561 1005 attulithristus,
1586 949 1645 994 ut
1672 937 1860 1010 perdat
1889 935 2052 990 homo

471 1060 557 1100 res
588 1058 736 1111 suas,
758 1052 815 1099 et
844 1059 963 1098 cum
992 1041 1082 1095 dat
1110 1039 1312 1107 egenis,
1355 1043 1628 1093 remaneat
1650 1032 1892 1104 egenus?
1917 1030 2053 1098 Quid

472 1151 599 1206 ergo
628 1134 833 1189 iacies?
874 1134 1019 1188 Bona
1060 1131 1260 1186 Christi
1309 1144 1413 1184 non
1442 1128 1629 1197 capis:
1661 1124 1796 1178 alius
1835 1122 1975 1177 enim
2002 1128 2054 1175 te

473 1228 728 1297 implevit,
760 1226 849 1298 qui
878 1225 1215 1281 adversarius
1244 1231 1325 1278 est
1352 1219 1588 1286 Christo,
1633 1217 1716 1272 cui
1759 1214 1950 1270 dedisti
1977 1214 2057 1267 lo-

473 1335 593 1375 cum
624 1321 674 1373 iu
708 1318 867 1373 corde
897 1327 1007 1371 tuo.
1039 1316 1220 1370 Priora
1252 1322 1492 1383 tempora
1536 1307 1779 1378 respicis,
1824 1315 1878 1361 et
1903 1303 2055 1375 quasi

478 1412 684 1466 laetiora
715 1410 804 1464 tibi
839 1408 1085 1465 videntur
1130 1406 1291 1460 fuisse
1347 1413 1588 1472 tempora
1649 1398 1886 1468 pristina,
1938 1411 2056 1466 qua:

475 1503 553 1557 sic
581 1512 733 1556 erant
762 1511 1009 1569 tanquam
1037 1500 1190 1553 oliva:
1220 1495 1511 1565 pendentes
1538 1493 1591 1546 in
1620 1492 1831 1554 arbore,
1855 1489 2057 1544 ducen-

479 1595 618 1648 tibus
648 1593 821 1648 ventis
853 1633 865 1657 ,
897 1593 1045 1661 quasi
1073 1588 1300 1660 quadam
1342 1586 1585 1641 libertate
1611 1598 1753 1637 aura:
1781 1580 2059 1652 perfruen-

481 1694 559 1739 tes
585 1699 717 1753 vago
761 1681 991 1751 quodam
1016 1678 1286 1734 desiderio
1313 1691 1430 1732 suo.
1465 1675 1691 1729 Ventum
1719 1684 1800 1728 est
1830 1680 1887 1725 ut
1924 1672 2060 1723 oliva

478 1775 777 1830 mitteretur
806 1774 859 1826 in
891 1770 1123 1826 torcular
1171 1786 1183 1822 :
1231 1785 1336 1823 non
1383 1767 1526 1821 enim
1574 1779 1788 1830 semper
1828 1761 2061 1832 pendere

484 1864 713 1919 habebat
739 1863 788 1916 in
817 1862 1008 1916 arbore
1031 1878 1045 1915 :
1071 1859 1181 1929 jam
1202 1858 1328 1912 '[inis
1352 1867 1431 1911 est
1456 1856 1600 1909 anni.
1628 1854 1743 1909 Non
1769 1854 1884 1908 sine
1904 1865 2061 1906 causa

481 1957 839 2012 inscribuntur
882 1952 1070 2023 psalmi
1100 1949 1334 2019 quidam,
1373 1947 1474 2002 Pro
1501 1944 1833 2000 torcularibus
1873 1942 2059 2012 (Psal.

484 2066 600 2113 vtu,
635 2064 797 2109 uxx.
831 2056 876 2101 et
906 2043 1148 2114 LXXXIII)
1181 2061 1193 2097 :
1224 2043 1275 2097 in
1307 2041 1499 2097 arbore
1522 2041 1758 2105 libertas,
1804 2039 1855 2091 in
1887 2046 2064 2091 toreu-

485 2143 583 2199 lari
616 2157 881 2213 pressura.
905 2140 1035 2194 Cum
1061 2138 1202 2193 enim
1230 2133 1587 2191 res‘humaua-
1628 2140 1974 2188 conteruntur
2010 2140 2066 2185 et

482 2240 796 2303 premuntur
821 2272 836 2296 ,
893 2227 1123 2284 attendis
1166 2226 1287 2297 quia
1333 2225 1526 2280 crescit
1568 2224 1819 2288 avaritia;
1852 2220 2065 2277 attende

481 2325 603 2393 quia
630 2323 826 2379 crescit
870 2329 925 2377 et
953 2318 1299 2376 continentia.
1335 2318 1512 2383 Quare
1546 2326 1651 2370 tam
1695 2330 1868 2370 caecus
1899 2328 1977 2379 es,
2009 2320 2067 2367 ut

481 2430 751 2472 amurcam
825 2414 1072 2469 ﬂuentem
1122 2425 1216 2482 per
1267 2411 1468 2480 plateas
1532 2407 1745 2474 videas,
1792 2406 1967 2461 oleum
2012 2405 2065 2459 in

482 2510 786 2582 gemellaria
826 2524 935 2563 non
981 2505 1203 2561 videas?
1236 2506 1300 2559 Et
1330 2503 1431 2559 hoc
1480 2518 1583 2557 non
1613 2502 1728 2557 sine
1756 2515 1933 2556 causa.
1967 2498 2064 2566 Qui

482 2606 627 2659 enim
648 2602 788 2658 male
815 2611 1116 2663 versantur,
1165 2599 1376 2669 publice
1423 2595 1838 2665 notisunt;qui
1888 2602 2066 2649 autem

485 2709 544 2751 se
568 2702 887 2751 convertunt
913 2692 979 2747 ad
1009 2692 1198 2755 Deum,
1227 2698 1283 2745 et
1324 2704 1355 2743 a
1399 2686 1646 2743 sordibus
1682 2686 1939 2741 malarum
1970 2700 2068 2739 cn-

483 2784 765 2855 piditatum
794 2791 1103 2855 purgantur,
1136 2779 1329 2835 occulti
1356 2787 1478 2832 sunt
1512 2795 1522 2830 :
1552 2777 1671 2847 quia
1693 2785 1747 2831 et
1773 2775 1824 2829 in
1846 2775 1963 2845 ipso
1983 2775 2068 2829 vel

491 2892 558 2933 ex
584 2879 703 2950 ipso
730 2875 982 2932 torculari
1013 2888 1227 2929 amurca
1265 2878 1449 2942 aperte
1478 2869 1614 2937 ﬂuit,
1656 2868 1831 2924 oleum
1862 2867 2070 2923 occulte

490 2968 771 3042 eliquatur.

560 3062 649 3118 lt).
684 3059 1001 3116 Acclamatis
1030 3057 1095 3113 ad
1126 3058 1223 3113 ista
1245 3098 1258 3121 ,
1286 3065 1342 3112 et
1369 3054 1609 3126 gaudetis
1655 3054 1720 3108 ad
1769 3053 1905 3120 ista;
1946 3053 2068 3123 quia

483 3154 592 3227 jam
615 3152 837 3227 potestis
864 3150 1050 3207 sedere
1080 3165 1241 3220 super
1262 3148 1478 3204 ﬂumina
1508 3147 1814 3219 Babylonis,
1838 3155 1891 3202 et
1913 3146 2067 3202 ﬂere.

489 3248 571 3304 Illi
598 3256 774 3301 autem
812 3245 902 3316 qui
923 3245 1162 3315 captivos
1190 3242 1457 3297 duxerunt
1493 3256 1611 3308 nos,
1640 3239 1849 3310 quando
1878 3241 2075 3294 intrant

488 3339 541 3396 in
581 3338 740 3394 corda
790 3337 1100 3400 hominum,
1146 3345 1198 3389 et
1245 3334 1572 3403 interrogant
1617 3347 1715 3389 nos
1748 3347 1841 3402 per
1870 3332 2076 3401 linguas

490 3446 675 3486 eorum
705 3445 837 3499 quos
865 3427 1175 3497 possident,
1206 3436 1261 3481 et
1298 3425 1481 3480 dicunt
1522 3424 1677 3479 nobis
1704 3440 1719 3479 :
1751 3422 1959 3479 Caritate
1985 3440 2077 3477 no-

492 3523 566 3578 bis
611 3521 759 3576 verba
785 3521 1138 3585 canticorum;
1182 3518 1387 3574 reddite
1415 3517 1566 3571 nobis
1594 3518 1851 3571 rationem
1878 3516 2078 3571 adven-

494 3625 577 3670 tus
603 3614 820 3680 Christi,
846 3622 901 3668 et
928 3628 1046 3683 qua:
1074 3618 1156 3666 est
1182 3612 1280 3664 alia
1301 3610 1428 3663 vita.
1454 3609 1589 3664 Volo
1613 3609 1832 3664 credere
1856 3610 1871 3640 ¹
1899 3626 1915 3675 ;
1947 3608 2079 3665 doce

494 3720 581 3761 me
610 3705 874 3759 rationem
902 3718 1068 3774 quare
1091 3702 1220 3756 mihi
1248 3702 1477 3771 imperas
1505 3708 1561 3754 ut
1582 3699 1816 3754 credam.
1839 3700 2080 3770 Respon-

496 3797 595 3853 deo
624 3796 699 3851 illi
744 3804 800 3851 et
824 3796 943 3850 dico
974 3813 988 3849 :
1018 3794 1062 3849 Ο
1092 3793 1271 3857 homo,
1300 3793 1568 3864 quomodo
1593 3810 1697 3847 non
1740 3793 1819 3846 vis
1848 3793 1941 3847 tibi
1972 3793 2076 3846 im-

496 3906 676 3964 perem
706 3899 763 3945 ut
789 3888 1008 3945 credas?
1040 3889 1233 3942 Plenus
1286 3902 1344 3942 es
1384 3886 1537 3940 malis
1563 3885 1939 3955 cupiditatibus
1976 3902 1990 3939 :
2036 3884 2080 3939 si

497 3983 668 4038 dicam
698 3982 836 4037 bona
862 3980 948 4035 illa
978 3978 1300 4045 Jerusalem,
1347 3993 1453 4031 non
1496 3993 1555 4032 ea
1583 3978 1762 4046 capis;
1792 3983 2001 4046 oportet
2026 3985 2085 4030 ut

498 4075 824 4134 exinaniaris
851 4089 955 4145 quo
986 4073 1174 4143 plenus
1199 4086 1279 4137 es,
1309 4080 1367 4125 ut
1402 4071 1577 4141 possis
1604 4070 1815 4141 impleri
1838 4087 1944 4142 quo
1971 4073 2085 4127 ina-

499 4168 582 4223 nis
611 4184 693 4223 es.
734 4167 874 4237 Ergo
910 4164 1017 4219 noli
1061 4164 1218 4219 facile
1247 4162 1368 4217 huic
1389 4162 1586 4231 aliquid
1611 4162 1825 4229 dicere;
1882 4164 2082 4233 lignum

501 4268 586 4314 est
634 4258 830 4317 salicis.
864 4258 1061 4328 lignum
1085 4264 1169 4311 est
1210 4254 1425 4309 sterile:
1471 4254 1575 4308 noli
1625 4264 1901 4323 percutere
1926 4270 2085 4325 orga-

501 4356 627 4407 num
658 4359 713 4405 ut
740 4357 914 4417 sonet,
938 4345 1202 4417 suspende
1227 4347 1419 4416 potius.
1455 4345 1561 4401 Sed
1583 4346 1676 4400 ille
1702 4346 1943 4402 dicturus
1969 4354 2080 4401 est:

502 4446 597 4501 Dic
627 4444 776 4507 mihi,
803 4450 956 4497 canta
989 4439 1139 4504 mihi,
1162 4438 1327 4495 redde
1355 4437 1483 4493 mihi
1512 4440 1795 4492 rationem.
1826 4438 1941 4493 Non
1981 4439 2081 4505 vis,

502 4535 693 4604 inquit,
719 4543 773 4588 nt
802 4533 1001 4588 discam
1029 4532 1094 4586 ’ἲ
1136 4531 1250 4585 Non
1280 4531 1420 4586 bono
1450 4530 1627 4584 animo
1655 4529 1826 4595 audis,
1874 4546 1976 4583 non
2011 4531 2087 4584 sic

503 4626 685 4698 pulsas
725 4633 781 4676 ut
807 4622 900 4676 tibi
930 4621 1146 4691 dignum
1177 4622 1247 4675 sit
1288 4620 1503 4690 aperiri.
1536 4620 1628 4675 Ille
1658 4630 1707 4687 te
1736 4620 1974 4691 implevit
1998 4622 2086 4689 qui

503 4733 591 4774 me
618 4717 880 4786 captivum
912 4714 1082 4778 duxit,
1112 4714 1225 4783 ipse
1251 4728 1336 4767 me
1362 4713 1652 4782 interrogat
1681 4712 1747 4767 de
1772 4722 1841 4767 te.
1867 4712 2086 4767 Astutus

502 4820 584 4868 est
616 4852 630 4875 ,
659 4809 843 4865 dolose
868 4807 1055 4880 quatrit
1085 4824 1098 4861 :
1130 4822 1234 4861 nou
1264 4807 1455 4877 qutcrit
1478 4806 1602 4876 quid
1632 4807 1819 4871 discat,
1847 4806 1938 4860 sed
1960 4806 2087 4875 quid

501 4900 876 4973 reprehendat.
924 4899 1063 4970 Ergo
1082 4912 1180 4969 ego
1204 4912 1307 4953 non
1335 4896 1506 4953 dicam
1532 4938 1546 4963 ,
1580 4896 1898 4968 suSpendam
1927 4911 2085 4966 orga-

502 5009 629 5049 num
660 5009 857 5048 meum.

581 5090 668 5142 11.
700 5084 851 5159 [vers.
882 5083 916 5138 4
939 5081 960 5157 ]
983 5082 1087 5138 Sed
1115 5081 1237 5153 quid
1266 5082 1503 5136 dicturus
1529 5089 1611 5136 est
1639 5082 1849 5137 adhuc?
1878 5080 2089 5138 Cantate

508 5181 649 5236 nobis
672 5178 818 5233 verba
838 5176 1165 5239 canticorum,
1195 5184 1396 5229 cantate
1422 5174 1564 5229 nobis
1593 5175 1856 5246 hymnum,
1890 5184 2086 5230 cantate

507 5273 648 5328 nobis
670 5272 733 5325 de
766 5270 973 5323 canticis
996 5262 1141 5323 Sion.
1169 5266 1305 5334 Quid
1337 5266 1758 5337 respondemus?
1797 5268 2085 5340 Babylonia

507 5376 559 5422 te
588 5344 782 5435 portat,
806 5358 1093 5432 Babylonia
1120 5369 1172 5413 te
1195 5359 1454 5422 continet,
1490 5359 1779 5432 Babylonia
1813 5369 1863 5414 te
1892 5360 2079 5426 nutrit,

509 5457 793 5530 Babylonia
821 5456 888 5511 de
916 5466 966 5510 te
989 5453 1256 5523 loquitur;
1293 5468 1399 5506 nou
1428 5452 1565 5506 nosti
1595 5467 1787 5522 capere
1813 5452 1913 5506 nisi
1940 5452 2082 5522 quod

507 5549 670 5620 fulget
688 5549 754 5604 ad
786 5557 1015 5618 tempus,
1044 5554 1243 5600 (eterna
1271 5544 1515 5599 meditari
1547 5543 1777 5614 ignoras,
1805 5560 1910 5599 non
1938 5543 2085 5615 capis

571 5727 585 5758 ¹
624 5726 696 5774 sic
716 5731 791 5773 Er.
821 5729 871 5771 et
894 5719 1119 5784 plerique
1155 5726 1260 5769 Mss.
1290 5726 1345 5768 Αι
1368 5726 1466 5767 Am.
1494 5726 1547 5770 et
1566 5725 1695 5780 Lov.,
1733 5719 1841 5771 nolo
1861 5722 2083 5774 credere.

569 5790 588 5820 ¹
613 5787 685 5856 sic
706 5785 889 5856 aliquot
910 5791 1016 5856 mss.
1036 5790 1090 5831 At
1110 5789 1207 5856 Aut.
1232 5788 1277 5854 et
1302 5788 1376 5850 Er.
1396 5794 1504 5856 cum
1522 5791 1727 5856 quatuor
1746 5790 1872 5834 Mss:
1886 5792 1984 5836 Non
2000 5784 2087 5850 vis,

509 5852 658 5919 nquit,
684 5855 734 5899 ut
753 5843 930 5899 diram.
950 5852 1057 5895 Iov.
1087 5858 1098 5894 :
1140 5845 1249 5895 Novi
1288 5843 1395 5906 quis
1418 5843 1567 5893 dicat.

2021 5989 2046 5999 ς

1668 362 1728 419 S.
1765 353 2128 417 AUGUSTINI
2159 351 2458 408 EPISCOPI

3589 346 3726 403 I768

2152 466 2295 537 quod
2326 466 2637 535 interrogas.
2685 463 2947 531 Quomodo
2985 464 3295 517 cantabimus
3323 462 3576 516 canticum
3615 463 3726 517 Do-

2150 560 2337 612 miniin
2360 569 2491 613 terra
2515 559 2720 613 aliena?
2737 558 2887 622 Vere,
2907 559 3117 624 fratres,
3132 559 3209 612 sic
3221 565 3322 611 est.
3352 557 3568 629 Incipite
3594 558 3730 611 velle

2152 651 2441 721 prmdicare
2454 652 2727 706 veritatem
2740 649 3273 720 quantulamcumque
3287 649 3474 713 nostis,
3489 658 3542 703 et
3558 649 3730 704 videte

2154 758 2311 813 quam
2340 759 2560 799 necesse
2583 744 2729 799 situt
2758 743 2889 797 tales
2913 742 3187 812 patiamini
3216 742 3479 805 irrisnres,
3512 752 3730 797 exacto-

2155 849 2243 890 res
2288 836 2545 902 veritatis,
2595 836 2780 905 plenos
2823 834 3086 889 falsitatis.
3133 834 3467 904 Respondete
3499 833 3602 887 illis
3631 850 3725 889 ex-

2156 930 2417 999 igentibus
2439 946 2468 984 a
2492 928 2641 985 vobis
2661 944 2778 998 qum
2799 944 2988 998 capere
3010 943 3113 982 non
3140 936 3380 998 possunt,
3401 937 3456 982 et
3479 926 3641 981 dicite
3665 942 3730 980 ex

2158 1021 2346 1077 ﬁducia
2395 1024 2562 1077 sancti
2611 1023 2802 1077 cantici
2846 1020 3047 1087 vestri,
3108 1020 3370 1086 Quomodo
3419 1018 3732 1074 cantabimus

2158 1114 2407 1166 canticum
2426 1112 2634 1166 Domini
2662 1114 2713 1166 in
2737 1121 2870 1165 terra
2894 1112 3060 1166 aliena
3082 1110 3107 1164 ?

2232 1206 2319 1260 12.
2349 1204 2453 1260 Sed
2483 1204 2603 1259 vide
2631 1203 2899 1275 quomodo
2924 1203 3152 1258 verseris
3178 1202 3314 1257 inter
3336 1218 3447 1266 eos,
3478 1215 3511 1256 o
3547 1202 3738 1271 popule

2161 1300 2277 1365 Dei,
2317 1314 2350 1355 ο
2375 1314 2568 1369 corpus
2593 1298 2786 1353 Christi
2812 1340 2827 1365 ,
2857 1313 2890 1352 ο
2915 1311 3171 1368 generosa
3204 1297 3556 1367 peregrinatio
3594 1294 3740 1367 (non

2161 1406 2219 1447 es
2249 1390 2391 1456 hinc,
2420 1391 2633 1445 aliunde
2656 1393 2770 1460 es);
2804 1407 2870 1445 ne
2891 1407 3010 1445 cum
3036 1391 3105 1443 illi
3134 1390 3223 1461 qui
3248 1389 3339 1444 tibi
3368 1389 3571 1455 dicunt,
3600 1387 3734 1444 Can-
3768 1374 3779 1461 Δἶ

2162 1494 2261 1538 tate
2286 1484 2427 1538 nobis
2451 1485 2597 1537 verba
2622 1484 2952 1547 canticorum,
2976 1483 3126 1536 dicite
3152 1482 3292 1536 nobis
3320 1482 3585 1552 hymnum,
3610 1496 3734 1533 can-

2164 1586 2263 1629 tate
2284 1576 2426 1630 nobis
2452 1576 2514 1629 de
2556 1575 2763 1629 canticis
2790 1574 2938 1641 Sion,
2968 1575 3116 1644 quasi
3147 1584 3393 1628 amantur
3416 1588 3447 1626 a
3477 1581 3560 1634 te,
3593 1582 3648 1626 et
3668 1572 3741 1625 al-

2164 1667 2327 1722 fectas
2352 1667 2612 1721 amicitias
2631 1682 2836 1732 eorum,
2861 1676 2913 1721 et
2941 1668 3093 1721 times
3110 1665 3300 1721 talibus
3323 1664 3640 1734 displicere;
3668 1665 3744 1718 in-

2166 1758 2391 1828 cipiatte
2405 1757 2669 1813 delectare
2684 1759 2994 1829 Babylonia,
3013 1768 3065 1811 et
3079 1756 3409 1813 obliviscaris
3428 1756 3740 1811 Jerusalem.

2166 1850 2277 1906 Hoc
2298 1867 2424 1922 ergo
2452 1852 2644 1907 timens
2668 1850 2786 1906 vide
2806 1850 2931 1920 quid
2956 1850 3225 1919 subjiciat,
3253 1849 3372 1903 vide
3400 1847 3526 1919 quid
3556 1862 3744 1917 sequa-

2168 1953 2271 1999 tur.
2307 1945 2499 1998 Passus
2524 1953 2607 1998 est
2630 1945 2770 1998 enim
2798 1943 2959 1997 homo
2989 1943 3089 1998 iste
3138 1943 3227 2014 qui
3272 1942 3552 2005 cantabat;
3575 1940 3747 1994 etiste

2170 2039 2329 2094 homo
2358 2054 2455 2094 nos
2484 2054 2688 2104 sumus,
2718 2038 2762 2093 si
2790 2039 3032 2093 volumus
3056 2054 3069 2089 :
3106 2052 3293 2107 passus
3316 2035 3646 2105 estundique
3672 2043 3745 2087 ta«

2168 2131 2236 2185 lia
2267 2131 2655 2203 interrogantes
2685 2141 2738 2185 et
2778 2131 3083 2186 adulatione
3131 2129 3483 2195 blandientes,
3531 2130 3745 2183 morda-

2169 2225 2302 2280 citer
2351 2224 2824 2295 reprehendentes,
2849 2224 2985 2281 falso
3014 2224 3292 2279 laudantes
3314 2263 3329 2287 ,
3355 2222 3497 2292 quod
3526 2237 3632 2276 non
3660 2235 3749 2276 ca-

2172 2320 2324 2390 piunt
2350 2321 2644 2390 exigentes,
2673 2336 2778 2391 quo
2808 2322 2949 2390 pleni
2979 2330 3105 2376 sunt
3142 2319 3364 2375 fundere
3389 2320 3670 2382 nolentes;
3701 2329 3752 2375 et

2171 2412 2308 2467 inter
2334 2412 2516 2467 turbas
2548 2413 2728 2467 talium
2770 2422 3018 2483 tanquam
3048 2411 3373 2482 periclitans,
3420 2413 3601 2467 erexit
3625 2413 3739 2465 ani-

2170 2520 2315 2559 mum
2359 2504 2426 2559 ad
2456 2504 2879 2560 recordationem
2919 2504 3046 2560 Sion
3073 2546 3087 2569 ,
3117 2514 3171 2560 et
3208 2505 3525 2560 constrinxit
3550 2519 3609 2559 se
3639 2504 3754 2557 talis

2171 2596 2347 2651 anima
2368 2597 2636 2665 juratione
2662 2596 2909 2668 quadam,
2941 2606 2997 2652 et
3026 2598 3100 2651 ait
3132 2615 3145 2650 :
3174 2597 3236 2652 Si
3263 2595 3447 2651 oblitus
3487 2596 3562 2649 tui
3591 2596 3750 2663 fuero,

2169 2685 2493 2754 Jerusalem;
2522 2690 2659 2743 inter
2686 2690 2844 2745 verba
2874 2689 3277 2759 captivantinm,
3307 2689 3444 2743 inter
3471 2688 3631 2743 verba
3659 2686 3754 2741 do-

2174 2779 2409 2835 lusorum
2435 2822 2449 2845 ,
2485 2782 2623 2836 inter
2650 2781 2807 2835 verba
2846 2781 2983 2836 male
3015 2782 3476 2851 iuterrogantium,
3508 2794 3755 2851 quaeren-

2175 2870 2304 2926 tium
2331 2880 2387 2925 et
2412 2871 2615 2927 discere
2640 2873 2953 2928 nolentium.

2247 2965 2334 3021 15.
2363 2966 2503 3023 Ecce
2532 2967 2653 3023 inde
2682 2978 2797 3023 erat
2820 2969 2971 3024 dives
3003 2967 3094 3024 ille
3121 2970 3138 3001 ¹
3165 2968 3256 3039 qui
3279 2968 3560 3023 Dominum
3589 2968 3758 3025 inter-

2175 3060 2382 3130 rogavit
2408 3078 2420 3113 :
2453 3060 2698 3131 Magister
2727 3062 2882 3128 bone,
2905 3061 3027 3130 quid
3048 3061 3235 3131 faciam
3255 3071 3307 3114 ut
3332 3062 3485 3113 vitam
3519 3070 3759 3116 cateruam

2176 3155 2495 3226 consequar?
2541 3154 2729 3209 Nonne
2771 3154 2839 3210 de
2879 3154 2983 3209 vita
3032 3163 3232 3209 aeterna
3280 3146 3562 3224 quaerens,
3611 3152 3759 3223 quasi

2180 3250 2447 3305 canticum
2480 3248 2607 3304 Sion
2653 3247 3035 3318 interrogavit?
3062 3246 3223 3303 Serva
3253 3247 3526 3309 mandata,
3576 3245 3650 3299 ait
3692 3245 3762 3298 illi

2183 3342 2438 3397 Dominus
2483 3340 2551 3395 Et
2571 3340 2662 3395 ille
2692 3340 2758 3395 de
2785 3341 2917 3394 fastu
2938 3381 2951 3405 ,
2976 3355 3095 3394 cum
3130 3339 3398 3405 audisset,
3427 3336 3550 3391 Jam
3595 3338 3765 3390 omnia

2181 3435 2325 3498 ha’c,
2357 3433 2560 3503 inquit,
2607 3434 2806 3503 implevi
2846 3450 2877 3484 a
2911 3433 3173 3502 juventute
3224 3449 3353 3486 mea.
3403 3432 3471 3486 Et
3508 3431 3763 3485 Dominus

2182 3524 2315 3579 dixit
2343 3525 2415 3578 illi
2448 3524 2698 3594 quiddam
2729 3524 2796 3579 de
2833 3524 3054 3579 canticis
3085 3524 3211 3579 Sion
3239 3566 3253 3590 ,
3284 3532 3340 3579 et
3379 3533 3599 3579 noverat
3624 3520 3764 3593 quod

2185 3632 2289 3671 non
2320 3624 2567 3687 caperet;
2619 3616 2712 3671 sed
2746 3617 3045 3686 exemplum
3090 3617 3237 3673 dedit
3275 3617 3456 3682 nobis,
3498 3616 3766 3686 quomodo

2185 3708 2333 3762 multi
2386 3716 2626 3779 quaerant
2653 3707 2803 3777 quasi
2833 3708 3111 3763 consilium
3138 3707 3203 3761 ad
3224 3706 3384 3761 vitam
3407 3717 3660 3761 a-teruam
3679 3747 3695 3771 ,
3716 3715 3768 3762 et

2189 3799 2386 3854 tamdiu
2436 3813 2536 3853 nos
2586 3799 2829 3862 laudent,
2876 3799 3127 3868 quamdiu
3167 3798 3585 3868 respondeamus
3628 3798 3767 3867 quod

2186 3888 2453 3960 quaerunt.
2492 3892 2645 3946 Dedit
2667 3891 2735 3945 de
2764 3891 2856 3945 illo
2882 3889 3263 3945 documentum
3288 3931 3303 3957 ,
3337 3900 3589 3959 tanquam
3619 3891 3769 3944 nobis

2187 3981 2408 4037 dicturis
2434 3983 2717 4052 aliquando
2739 3981 2931 4037 talibus
2977 3983 3307 4048 hominibus,
3344 3982 3608 4049 Quomodo
3646 3999 3769 4036 can-

2189 4073 2403 4127 tabimus
2446 4075 2697 4127 canticum
2741 4073 2949 4128 Domini
2975 4074 3029 4128 in
3081 4084 3213 4128 terra
3240 4073 3451 4128 aliena?
3476 4074 3617 4129 Ecce
3656 4077 3767 4128 ait:

2198 4164 2284 4218 Vis
2311 4181 2415 4220 esse
2445 4166 2692 4235 perfectus
2709 4165 2736 4218 ?
2775 4164 2914 4219 Vade
2937 4207 2951 4231 ,
2986 4165 3143 4219 vende
3161 4167 3329 4219 omnia
3356 4180 3471 4234 qua:
3496 4165 3676 4229 habes,
3726 4174 3770 4217 ct

2188 4258 2256 4310 da
2288 4257 2591 4328 pauperibus
2615 4299 2629 4321 ,
2652 4267 2698 4312 et
2729 4256 2929 4310 habebis
2954 4257 3243 4310 thesaurum
3279 4257 3333 4309 in
3364 4257 3525 4317 calo;
3552 4266 3599 4310 et
3620 4258 3732 4310 veni
3755 4298 3768 4320 ,

2190 4365 2391 4419 sequere
2416 4366 2511 4403 me.
2543 4349 2611 4404 Ut
2638 4348 2811 4403 discat
2837 4349 2999 4403 multa
3026 4348 3230 4403 cantica
3269 4349 3335 4404 de
3355 4349 3579 4403 canticis
3602 4349 3729 4403 Sion
3754 4390 3767 4413 ,

2191 4442 2337 4510 prius
2368 4442 2744 4513 impedimenta
2787 4440 2995 4511 rcjieiat
3021 4481 3037 4509 ,
3086 4440 3362 4511 expeditus
3400 4440 3669 4500 ambulet,
3710 4457 3773 4492 ne

2191 4533 2300 4587 ullo
2326 4549 2488 4588 onere
2529 4540 2929 4603 prirgravetur;
2960 4543 3015 4587 et
3040 4532 3209 4587 discet
3232 4532 3429 4603 aliquid
3459 4533 3526 4585 de
3554 4534 3773 4586 canticis

2191 4624 2339 4681 Sion.
2376 4626 2467 4679 Ille
2501 4635 2676 4681 autem
2707 4624 3049 4680 contristatus
3067 4624 3347 4680 abscessit.
3380 4624 3630 4679 Dicamus
3660 4632 3776 4693 pusl

2192 4717 2336 4771 illttm
2358 4759 2372 4783 ,
2409 4717 2674 4785 Quomodo
2706 4717 3015 4771 cantabimus
3030 4718 3279 4772 canticum
3309 4717 3516 4771 Domini
3544 4718 3598 4770 in
3642 4727 3772 4770 terra

2192 4812 2404 4865 aliena?
2433 4810 2501 4866 Et
2527 4812 2618 4866 ille
2658 4811 2873 4881 quidem
2894 4810 3139 4867 discessit
3163 4827 3177 4875 ;
3206 4824 3355 4881 spem
3395 4819 3570 4865 tamen
3602 4809 3775 4863 diviti-

2192 4903 2290 4959 bus
2318 4905 2570 4959 Dominus
2618 4904 2781 4959 dedit.
2823 4903 2955 4959 Nam
3000 4903 3297 4959 contristati
3340 4901 3583 4971 discipuli
3628 4902 3774 4957 dixe.

2192 5007 2318 5052 runt
2353 5016 2364 5051 :
2397 4998 2638 5063 Quisnam
2661 5007 2820 5068 potest
2846 4996 3014 5050 salvus
3040 4995 3186 5064 ﬁeri?
3218 4995 3302 5048 Et
3336 4993 3613 5063 respondit
3653 4993 3730 5047 eis
3761 5010 3773 5045 :

2196 5091 2345 5156 Quod
2376 5091 2659 5145 hominibus
2688 5088 2997 5160 impossibile
3024 5098 3096 5142 est
3122 5129 3136 5151 ,
3163 5085 3311 5157 facile
3332 5096 3403 5139 est
3432 5084 3537 5138 Deo
3560 5084 3774 5153 (Matth.

2195 5199 2279 5237 xu
2302 5225 2316 5249 ,
2347 5183 2563 5253 lli-26).
2591 5183 2795 5237 llabent
2824 5181 3047 5236 enimet
3090 5179 3282 5233 divites
3328 5177 3611 5246 quemdam
3659 5189 3775 5228 ino-

2195 5278 2321 5332 dum
2346 5292 2529 5351 suum,
2562 5286 2615 5332 et
2644 5283 2966 5345 acceperunt
2994 5273 3259 5329 canticum
3305 5271 3373 5327 de
3416 5270 3572 5335 Sion,
3611 5267 3777 5323 cantio

2194 5387 2314 5427 cum
2341 5372 2408 5427 de
2441 5388 2546 5441 quo
2577 5370 2862 5441 Apostolus
2886 5369 3051 5424 dicit:
3080 5366 3313 5436 Prwcipe
3355 5364 3587 5418 diuitibus
3625 5362 3778 5432 hujus

2195 5465 2368 5519 swculi
2394 5481 2495 5518 non
2518 5463 2727 5531 superbe
2746 5478 2923 5531 sapere
2945 5504 2961 5530 ,
2992 5477 3149 5532 neque
3184 5475 3390 5539 sperare
3417 5459 3469 5511 in
3489 5458 3679 5511 incerto
3700 5455 3780 5507 di-

2195 5557 2461 5619 uitiarum,
2493 5558 2579 5611 sed
2624 5556 2676 5609 in
2717 5554 2823 5609 Deo
2875 5556 2982 5609 vivo
3008 5596 3021 5619 ,
3066 5554 3153 5623 qui
3180 5560 3380 5622 prwstat
3424 5549 3566 5604 nobis
3609 5549 3778 5603 omnia

2197 5648 2510 5703 abundanter
2548 5647 2616 5700 ad
2653 5648 2944 5717 fruendum.
3007 5647 3325 5716 Adjungeus
3374 5642 3500 5714 quid
3552 5642 3779 5697 debeant

2196 5787 2278 5900 iu;
2306 5786 2377 5836 sie
2390 5782 2526 5835 Corb.
2552 5791 2630 5835 Ms.
2654 5790 2708 5834 At
2733 5782 2873 5843 edd,
2905 5780 3020 5834 cutis
3042 5779 3141 5833 ille.
3167 5778 3388 5845 Plerique
3426 5785 3557 5839 Mss,
3592 5772 3709 5825 civis
3730 5777 3777 5823 et
