4078 6468
313 293 448 376 me

311 523 409 574 sint
447 520 498 572 in
529 519 760 590 operibus
787 518 967 582 bonis,
1013 518 1160 590 facile
1202 519 1454 586 tribuant,
1496 520 1874 584 communicent,

307 612 641 665 thesaurisent
678 611 768 664 sibi
805 610 1185 680 fundamentum
1225 609 1409 662 bonum
1437 611 1489 662 in
1516 613 1774 680 futurum,
1822 619 1877 662 ut

305 702 687 772 apprehendth
733 717 900 755 verum
935 703 1094 768 pilam
1135 699 1196 771 (Ι
1226 700 1425 756 Tim.“
1449 743 1464 768 ,
1514 701 1724 772 17-19).
1765 701 1876 756 Hoc

283 771 659 862 Ecauticumlde
681 779 902 846 canticis
921 790 1050 846 Sion
1075 791 1264 846 divites
1285 801 1632 862 acceperunt,
1667 771 1836 860 primo
1855 834 1870 860 ,

305 901 404 938 non
429 883 642 954 superbe
656 899 854 952 sapere.
879 883 1154 938 Extollunt
1189 884 1330 938 enim
1361 883 1594 948 divititc;
1643 892 1699 938 et
1741 898 1874 952 quos

281 967 602 1039 "estollunt,
634 972 850 1026 ﬂumina
893 974 982 1026 illa
1015 973 1201 1028 tollunt
1230 974 1266 1026 '.
1300 973 1434 1038 Quid
1459 987 1586 1042 ergo
1621 971 1705 1028 his
1737 989 1888 1042 prie--

297 1065 536 1134 cipitur?
562 1067 698 1120 Aute
725 1065 934 1128 omnia,
985 1081 1085 1118 non
1128 1063 1338 1134 superbe
1371 1080 1562 1134 sapere.
1606 1063 1756 1131 Quod
1797 1062 1885 1116 fa-.

301 1149 449 1204 eiunt
477 1149 672 1204 divitia:
695 1189 710 1214 ,
746 1153 846 1202 hoc
865 1157 1086 1204 caveant
1107 1148 1156 1202 in
1187 1148 1382 1202 divitiis
1408 1164 1421 1213 ;
1457 1156 1677 1218 caveant
1715 1147 1766 1228 iu
1795 1147 1875 1200 di-

279 1291 286 1316 ε
303 1240 444 1296 vitiis
457 1240 776 1310 superbiam.
795 1239 812 1292 Ι
820 1255 966 1308 psum
981 1239 1120 1294 enim
1137 1239 1330 1293 malum
1345 1233 1874 1310 estqutidhupmtaut

301 1331 534 1385 maxime
560 1329 756 1404 divitia:
777 1330 998 1384 incautis
1029 1329 1348 1406 hominibus.
1367 1329 1480 1383 Non
1505 1329 1645 1384 enim
1684 1321 1870 1382 aurum

303 1422 503 1474 malum
527 1429 642 1486 est,
675 1421 814 1490 quod
853 1421 991 1476 Deus
1037 1419 1306 1486 condidit;
1338 1407 1433 1476 sed
1463 1422 1633 1476 malus
1655 1407 1734 1476 est
1775 1421 1868 1474 ho-

299 1524 392 1564 mo
413 1524 603 1564 avarus
635 1503 940 1579 relittquens
960 1508 1262 1564 Creatorem
1288 1549 1302 1574 ,
1323 1509 1612 1564 Conversus
1633 1509 1697 1586 ad
1729 1525 1868 1564 crea-

301 1609 502 1672 turam.
531 1599 642 1670 lloc
681 1593 806 1668 ergo
829 1601 899 1654 ibi
931 1611 1221 1669 prazcaveat
1244 1642 1260 1666 ,
1291 1616 1356 1654 ne
1398 1601 1467 1654 sit
1492 1601 1750 1669 Superbus
1770 1640 1783 1664 ,
1814 1609 1870 1654 et

299 1685 470 1758 Super,
489 1688 706 1743 ﬂuvium
735 1690 1016 1760 Babylonis
1038 1690 1237 1744 sedeat.
1267 1691 1377 1746 Hoc
1405 1691 1475 1744 illi
1505 1691 1646 1746 enim
1672 1691 1868 1746 dictum

295 1788 384 1857 est
407 1821 422 1847 ,
453 1779 574 1833 Non
598 1781 806 1850 superbe
845 1797 1020 1849 sapere
1041 1796 1058 1832 :
1079 1797 1204 1850 ergo
1230 1782 1431 1836 sedeat.
1463 1781 1635 1854 Neque
1670 1799 1880 1857 sperare

296 1851 356 1924 in
403 1871 594 1924 incerto
619 1871 906 1924 divitiarum
941 1889 952 1924 :
985 1885 1110 1940 ergo
1135 1886 1294 1940 super
1321 1851 1562 1926 flumina
1585 1872 1867 1942 Babylonis

295 1959 505 2016 sedeat.
529 1960 582 2016 Si
604 1961 742 2014 enim
763 1961 991 2030 speravit
1012 1961 1064 2016 in
1087 1961 1284 2036 incerto
1303 1961 1623 2036 divitiarum,
1645 1962 1885 2017 trahitun

295 2037 332 2106 ει
355 2051 570 2106 ﬂumine
590 2052 892 2122 Babylonis.
908 2053 964 2108 Si
983 2069 1105 2122 vero
1121 2035 1473 2109 humiliaverit
1492 2069 1569 2120 se,
1587 2063 1644 2109 et
1666 2071 1766 2108 non
1785 2071 1880 2134 sui

295 2127 578 2208 perbierit,
598 2150 650 2196 et
671 2157 774 2196 non
795 2144 1084 2211 speraverit
1101 2143 1152 2197 in
1171 2135 1372 2198 incerto
1385 2137 1704 2212 divitiarum,
1725 2127 1872 2200 sedet

291 2228 464 2299 "super
499 2231 747 2298 ﬂuvium,
781 2231 1008 2301 suspirat
1041 2243 1254 2288 interna:
1291 2233 1582 2290 Jerusalem
1623 2225 1881 2290 recordaJ

293 2307 388 2372 tus
411 2317 572 2384 Sion;
601 2330 654 2374 et
680 2330 734 2374 ut
764 2322 1034 2390 perveniat
1051 2315 1118 2376 ad
1137 2323 1264 2378 Sion
1283 2363 1300 2390 ,
1325 2335 1525 2400 erogat.
1551 2325 1684 2381 Ecce
1708 2311 1869 2382 habes

290 2410 566 2498 panticum
594 2410 734 2479 quod
769 2412 960 2466 divites
996 2423 1317 2496 acceperunt
1357 2415 1424 2470 de
1451 2401 1670 2471 canticis
1718 2417 1867 2498 Sion.

293 2497 600 2568 Operentur
620 2541 634 2564 ,
663 2507 881 2570 tangant
901 2516 1160 2570 organum
1179 2543 1195 2568 ,
1228 2519 1332 2558 non
1365 2516 1595 2580 vacent,
1623 2522 1741 2560 eum
1788 2497 1871 2562 in-

293 2591 546 2644 venerint
581 2590 845 2644 hominem
875 2585 1134 2646 dicentem
1165 2593 1264 2647 sibi
1297 2609 1308 2646 :
1339 2581 1474 2661 Quid
1514 2605 1595 2650 est
1621 2596 1758 2665 quod
1788 2596 1867 2650 fa-

291 2679 376 2734 cis
397 2680 422 2732 ?
447 2680 622 2749 perdis
642 2695 727 2734 res
759 2690 872 2735 tuas
895 2675 1038 2736 tanta
1063 2669 1329 2754 eroganda
1353 2702 1367 2750 ;
1415 2683 1710 2741 thesa'uriza
1749 2687 1868 2742 filiis

291 2761 426 2824 tuis.
457 2768 587 2824 Cum
609 2769 836 2825 viderint
857 2787 960 2826 non
989 2787 1198 2842 capere,
1222 2765 1275 2827 et
1297 2774 1648 2830 intellexerint
1671 2776 1879 2846 lignum:

290 2853 422 2915 esse
451 2859 661 2927 salicis,
695 2877 798 2915 non
839 2861 992 2917 facile
1029 2861 1210 2916 dicant
1233 2878 1396 2932 quare
1435 2873 1620 2934 agant,
1649 2875 1702 2919 et
1744 2867 1870 2935 quid

289 2960 498 3025 agant,
550 2951 876 3022 suspendant
923 2968 1120 3024 organa
1165 2955 1218 3008 in
1266 2953 1515 3008 salicibus
1564 2955 1879 3026 Babylonis.

293 3031 500 3120 Praeter
525 3043 714 3098 salices
743 3053 919 3098 autem
951 3055 1164 3101 cantent
1183 3087 1197 3112 ,
1229 3061 1335 3102 non
1365 3056 1608 3112 cessent,
1638 3063 1882 3120 operen—;

289 3119 402 3188 tur.
429 3133 542 3187 Non
570 3135 711 3188 enim
733 3135 956 3204 perdunt
980 3137 1117 3204 quod
1144 3146 1380 3206 erogaut.
1407 3137 1572 3192 Servo
1594 3131 1875 3193 cumme'nv

289 3213 462 3290 dant,
492 3233 546 3280 et
591 3235 760 3279 tutum
804 3234 920 3290 est;
951 3213 1160 3279 Clu-isto
1183 3221 1586 3290 eammendant,
1615 3235 1668 3282 et
1698 3229 1880 3306 periti;

366 3316 460 3369 14.
508 3316 764 3370 Audistis.
792 3307 1056 3371 canticum
1104 3311 1322 3392 divitum
1350 3317 1415 3372 de
1457 3315 1674 3374 canticis
1711 3319 1868 3384 Sion;

289 3405 476 3460 audite
505 3415 558 3460 et
582 3407 842 3460 canticum
889 3402 1200 3475 pauperum.
1225 3397 1366 3460 idem
1387 3397 1578 3462 Paulus
1607 3403 1867 3477 loquitur:

293 3495 452 3550 Nihil
483 3497 739 3550 intulimus
763 3497 814 3550 in
842 3497 974 3550 hunc
997 3497 1242 3550 mundum
1267 3537 1281 3562 ,
1307 3491 1396 3550 sed
1425 3514 1512 3551 nec
1539 3501 1740 3569 auferre
1776 3493 1870 3552 ali-

287 3587 418 3656 quid
461 3603 726 3656 possumus
773 3603 790 3660 ς
823 3581 1004 3640 uictum
1048 3583 1094 3640 et
1126 3577 1460 3658 tegumentum
1499 3585 1762 3654 habentes,
1793 3591 1872 3645 his

289 3667 516 3731 contenti
543 3679 719 3732 simus.
759 3675 896 3730 Nam
937 3673 1022 3746 qui
1054 3675 1224 3730 volunt
1259 3677 1434 3730 divites
1472 3677 1618 3744 ﬁeri,
1647 3677 1872 3732 incidunt

289 3770 344 3822 in
373 3769 698 3822 tentationem
725 3778 770 3822 et
796 3768 1044 3823 desideria
1065 3767 1254 3833 multa,
1285 3767 1440 3821 stulta
1473 3761 1519 3820 et
1548 3770 1697 3822 thia
1717 3809 1730 3833 ,
1762 3765 1881 3838 quin.

289 3859 528 3931 mergunt
550 3859 796 3913 hominem
816 3859 868 3912 in
891 3859 1142 3912 interitum
1163 3869 1208 3911 et
1231 3855 1578 3927 perditionem.
1605 3859 1729 3914 llatc
1750 3870 1874 3915 sunt

290 3951 514 4005 ﬂumina
534 3950 834 4022 Babylonis.
846 3949 1010 4003 Iladia:
1021 3959 1094 4003 est
1111 3945 1240 4004 enim
1253 3947 1476 4002 ontnium
1493 3949 1871 4003 malorumava-

289 4041 440 4106 ritia;
470 4057 619 4110 quam
646 4041 850 4110 quidam
883 4039 1164 4111 appetentes
1182 4039 1602 4111 naufragaverunt
1624 4057 1654 4093 a
1675 4042 1776 4109 [ide
1795 4085 1809 4108 ,
1827 4057 1884 4108 et,

288 4131 615 4187 inseruerunt
635 4150 686 4186 se
705 4119 958 4186 doloribus
985 4134 1156 4186 multis
1189 4129 1236 4204 (1
1244 4133 1368 4198 bid.,
1389 4133 1562 4204 7-10).
1591 4133 1728 4202 Ergo
1749 4149 1874 4188 con-

291 4217 460 4277 traria
483 4237 604 4276 sunt
621 4223 719 4276 ista
738 4223 973 4276 cantica?
995 4223 1105 4276 Non
1124 4217 1732 4278 suntcoutrariaA’idete
1749 4224 1873 4294 quid

289 4312 552 4366 divitibus
569 4312 766 4366 dictum
784 4314 851 4366 sit
871 4331 882 4367 :
899 4311 1018 4366 Non
1041 4313 1249 4383 superbe
1269 4329 1462 4382 sapere,
1495 4331 1652 4382 neque
1671 4313 1874 4383 sperare

291 4401 344 4458 in
374 4405 571 4457 incerto
587 4403 876 4457 divitiarum
894 4406 936 4470 ³,
958 4404 1092 4458 boaa
1112 4405 1350 4472 operari,
1376 4405 1606 4459 tribuere
1622 4446 1636 4470 ,
1659 4403 1871 4460 thesau-

293 4493 476 4548 rizare
508 4493 606 4547 sibi
635 4493 1029 4549 fundamentum
1057 4494 1252 4548 bomun
1299 4495 1348 4548 iu
1377 4493 1636 4549 futurum.
1667 4497 1872 4566 Paupe-

294 4587 449 4641 ribus
475 4577 650 4639 autem
676 4579 800 4656 qtiid
837 4573 1032 4639 dictum
1058 4585 1180 4640 est?
1213 4587 1312 4653 Qui
1339 4587 1508 4641 volunt
1537 4589 1712 4642 divites
1737 4591 1867 4658 fieri,

295 4675 530 4730 ineidunt
561 4678 611 4730 in
640 4671 978 4731 tentationem.
1025 4677 1136 4732 NOn
1168 4673 1334 4742 dixit,
1368 4681 1452 4748 qui
1481 4679 1672 4736 divites
1715 4691 1869 4748 sunt;

293 4768 392 4822 sed
417 4809 434 4832 ,
474 4768 574 4833 Qui
599 4769 770 4821 volunt
814 4769 988 4822 dibites
1019 4761 1146 4838 ﬁeri.
1172 4767 1300 4822 Nam
1332 4771 1373 4822 si
1415 4769 1524 4839 jam
1554 4771 1743 4828 divites
1789 4788 1875 4828 es-

293 4868 419 4912 sent
438 4899 452 4922 ,
481 4855 706 4911 alterum
739 4859 996 4912 canticum
1020 4857 1262 4913 audirent
1292 4877 1303 4912 :
1332 4859 1478 4916 dives
1499 4861 1642 4916 audit
1669 4871 1724 4917 ut
1748 4857 1872 4918 ero-

293 4943 386 5018 get
413 4991 428 5014 ,
461 4947 666 5018 pauper
694 4949 840 5002 audit
871 4965 936 5001 ne
963 4947 1248 5004 desideret.

369 5041 461 5093 15.
495 5037 645 5110 [υενε.
678 5040 729 5094 5.
757 5037 778 5112 ]
805 5038 907 5094 Sed
939 5055 1058 5118 cum
1086 5039 1218 5094 inter
1265 5041 1392 5096 tales
1431 5040 1744 5110 versamihi,
1785 5039 1874 5116 qui

295 5145 406 5186 non
458 5131 675 5200 capient
716 5131 978 5185 canticum
1025 5119 1187 5198 Sion,
1235 5131 1571 5203 suspendite,
1623 5141 1680 5188 ut
1728 5135 1870 5202 dixi,

295 5223 502 5290 Organa
529 5221 582 5273 in
611 5213 860 5276 salicibus
900 5221 951 5274 iu
997 5221 1172 5276 medio
1206 5222 1354 5291 ejus;
1388 5221 1596 5276 differte
1637 5239 1755 5293 quae
1791 5225 1873 5279 di-

293 5311 439 5364 cturi
461 5311 608 5365 estis.
639 5309 899 5380 Incipiunt
927 5327 1045 5366 esse
1091 5313 1228 5381 ligna
1259 5311 1520 5367 fructuosa
1541 5353 1556 5376 ,
1607 5317 1878 5370 mutantur

295 5403 558 5468 arbores,
589 5412 642 5456 et
670 5403 943 5456 habebunt
983 5403 1206 5456 fructum
1236 5403 1428 5458 bonum
1466 5423 1478 5458 :
1512 5405 1578 5458 ibi
1611 5405 1713 5475 jam
1753 5405 1878 5462 licet

295 5485 463 5546 nobis
510 5477 723 5547 cantare
773 5491 822 5544 in
871 5495 1024 5546 aures
1065 5493 1410 5549 audientium.
1441 5483 1546 5550 Sed
1594 5493 1710 5552 'cum
1740 5495 1877 5553 inter

411 5602 484 5650 Sic
505 5603 642 5650 norb.
669 5608 750 5649 Ms.
779 5601 859 5649 Alii
885 5614 991 5650 eum
1017 5601 1149 5660 καφ,
1168 5602 1413 5652 extollunt.

360 5657 386 5695 ά
411 5667 428 5709 t
444 5667 542 5735 and
587 5669 778 5735 temet
799 5671 906 5735 ιω(ἐ
949 5663 1016 5711 sic
1041 5657 1213 5725 legunt
1241 5679 1252 5713 :
1281 5663 1585 5730 dit-uiarum;
1616 5668 1702 5718 sed
1725 5671 1876 5735 magis

293 5722 424 5773 bona
443 5723 652 5786 tiperari,
679 5733 772 5772 etc.
868 5731 924 5771 Μ.

551 5808 773 5870 Sutor.
815 5811 1088 5870 Aunusr.
1135 5809 1239 5871 lV;

1313 287 1716 374 nutunutu
1757 315 1820 370 IN
1861 293 2174 375 assumit
2213 319 2496 378 CXXXVI.

309 443 469 502 agere
490 470 506 496 ,
533 429 642 500 jam
678 427 839 498 tangit
877 442 1131 497 organum
1157 467 1170 492 ,
1201 441 1308 481 non
1336 429 1612 500 suspendit
1641 447 1652 481 :
1687 427 1888 498 Divites

3419 331 3553 386 (πο

1987 451 2116 508 istos
2143 454 2541 524 obstrepentes,
2575 455 2710 510 male
2737 457 3138 528 interrogantes,
3179 461 3389 518 veritati
3417 466 3552 519 resi-

1985 551 2184 598 stentes
2209 546 2526 609 versamini,
2559 547 2870 617 obstringite
2906 564 3000 603 vos
3027 564 3131 604 non
3155 551 3236 606 eis
3271 553 3408 607 velle
3433 554 3551 622 pla-

1981 645 2136 698 cere,
2169 648 2236 688 ne
2279 633 2659 691 obliviscamini
2687 637 3018 704 Jerusalem;
3061 647 3118 695 et
3139 640 3280 696 dicat
3308 658 3409 698 una
3435 645 3551 698 aui-

1981 740 2066 778 ma
2085 735 2258 782 vestra
2275 769 2288 792 ,
2311 729 2446 784 facta
2473 745 2576 784 una
2606 731 2670 785 es
2695 732 2870 788 multis
2895 747 3025 802 pace
3049 733 3278 802 Christi,
3305 735 3446 791 dicat
3467 737 3550 806 ip-

1981 829 2036 869 sa
2067 819 2270 888 captiva
2292 819 2584 876 Jerusalem
2607 821 2692 876 hic
2717 832 2881 892 agens
2907 823 2959 878 in
2973 824 3118 879 terra
3147 845 3160 878 :
3187 827 3247 880 Si
3267 827 3450 882 oblitus
3475 827 3550 882 tui

1977 903 2156 973 fuero;
2185 906 2498 973 Jerusalem,
2529 912 2848 966 obliviscatur
2875 929 2954 966 me
2976 913 3180 969 dextera
3209 932 3338 970 mea.
3369 916 3548 972 Velie.-

1949 1045 1952 1050 .
1978 1005 2184 1052 menter
2215 1014 2288 1074 ﬁse
2315 1003 2665 1068 constrinxit,
2697 1003 2884 1058 fratres
2929 1007 3032 1060 mei
3065 1023 3078 1060 :
3113 1005 3450 1062 Obliriseatur
3467 1007 3547 1064 nte

1973 1086 2181 1165 dextera
2201 1105 2308 1142 mea
2323 1107 2342 1155 ;
2357 1093 2524 1146 atroci
2533 1101 2612 1146 ter
2639 1107 2698 1150 se
2727 1095 2993 1165 obligavit.
3021 1097 3248 1153 Dextera
3263 1108 3442 1154 nostra
3463 1110 3547 1156 est

1977 1177 2082 1230 vita
2097 1186 2316 1243 aaterna,
2347 1181 2561 1236 sinistra
2589 1193 2768 1238 nostra
2795 1193 2875 1238 est
2897 1186 3001 1240 vita
3031 1189 3356 1256 temporalis.
3375 1189 3546 1258 Quid-

1971 1268 2102 1337 quid
2131 1269 2257 1326 facis
2281 1283 2498 1342 propter
2523 1274 2682 1328 vitam
2709 1281 2990 1341 :ct'ernam,
3019 1279 3234 1334 dextera
3273 1267 3542 1352 operatur.

1972 1357 2036 1412 Si
2082 1359 2324 1414 charitati
2350 1363 2473 1417 vitae
2497 1367 2712 1420 mternze
2753 1367 2806 1421 in
2854 1369 3102 1436 operibus
3129 1370 3230 1426 tuis
3269 1371 3548 1428 miscueris

1973 1449 2460 1518 concupiscentiam
2505 1453 2627 1508 vita:
2663 1457 2972 1523 temporalis
2992 1497 3006 1520 ,
3036 1466 3126 1512 aut
3157 1459 3330 1514 la'udis
3359 1461 3546 1516 huma-

1975 1553 2060 1593 na:
2081 1579 2096 1606 ,
2141 1549 2233 1595 aut
2277 1542 2500 1612 alicujus
2546 1545 2815 1600 commodi
2853 1549 3122 1606 srecularls
3151 1566 3167 1614 ς
3196 1553 3440 1620 cognovit
3469 1555 3544 1606 si-

1881 1673 1884 1675 .
1975 1627 2142 1684 nistra
2172 1637 2257 1684 tu’a
2283 1631 2410 1700 quid
2455 1631 2612 1688 faciat
2637 1634 2852 1688 dextera
2882 1645 2988 1690 tua.
3025 1637 3090 1691 Et
3113 1640 3296 1708 nostis
3341 1655 3461 1696 esse
3491 1644 3542 1694 in

1976 1729 2242 1789 pra-cepto
2289 1721 2590 1792 Evangelii,
2625 1722 2831 1788 Nescia!
2867 1725 3072 1780 sinistra
3113 1737 3200 1781 tua
3237 1729 3358 1798 quid
3389 1732 3546 1801 faciat

1973 1811 2178 1866 dextera
2204 1821 2290 1866 tua
2315 1813 2530 1882 (Matth.
2565 1830 2612 1870 γι
2637 1855 2652 1878 ,
2681 1815 2756 1886 '5).
2781 1815 2844 1871 Si
2863 1817 3042 1878 oblitus
3069 1833 3215 1894 ergo,
3244 1821 3412 1894 inquit
3433 1862 3447 1887 ,
3471 1821 3544 1876 (αἱ

1976 1900 2118 1969 fuero
2132 1943 2146 1965 ,
2173 1901 2456 1958 Jerusalem
2479 1943 2494 1968 ,
2517 1905 2837 1959 obliviscatur
2857 1923 2933 1960 me
2952 1891 3157 1960 dextera
3180 1926 3308 1962 mea.
3335 1891 3400 1970 Et
3422 1909 3545 1966 vere

1975 1994 2054 2048 sic
2108 1993 2411 2064 contingit:
2455 1997 2858 2063 prmnuutiavit,
2909 2011 3014 2050 nou
3065 1981 3284 2066 Optavit,
3329 1987 3546 2076 Talibus

1973 2084 2064 2152 qui
2116 2075 2498 2140 obliviScuutur
2543 2085 2870 2152 Jerusalem,
2923 2087 3026 2142 hoc
3078 2089 3336 2159 contingit
3402 2075 3546 2161 quod

1975 2173 2149 2239 dixit;
2193 2173 2522 2230 obliviscitur
2567 2175 2686 2230 illos
2728 2175 2952 2232 dextera
2999 2192 3184 2232 eorum
3216 2196 3227 2230 :
3263 2180 3364 2233 vita
3403 2183 3548 2236 enim

1975 2274 2172 2320 interna
2221 2274 2400 2320 manet
2435 2266 2487 2320 in
2531 2281 2627 2330 se;
2673 2266 2746 2320 illi
2787 2278 3066 2322 remanent
3103 2270 3156 2322 in
3196 2265 3547 2330 delectatione

1973 2359 2330 2427 te‘mporali,et
2353 2361 2548 2416 faciunt
2571 2361 2670 2416 sibi
2697 2360 2943 2416 dextrum
2973 2363 3114 2432 quod
3149 2364 3420 2420 sinistrum
3441 2351 3544 2422 est.

1956 2441 1974 2520 ἦ
2045 2449 2132 2504 l6.
2165 2449 2422 2508 lntendite
2440 2453 2507 2507 ad
2529 2455 2626 2510 ista
2647 2493 2662 2518 ,
2683 2453 2876 2510 fratres
2897 2473 2910 2520 ;
2933 2467 3150 2526 propter
3170 2449 3438 2514 dettteram
3462 2460 3546 2514 ia-

1973 2538 2178 2594 sinuem
2202 2539 2476 2597 hoevobis
2495 2585 2510 2610 ,
2539 2552 2792 2612 quantum
2818 2546 3072 2602 Dominus
3095 2547 3276 2614 denat,
3305 2549 3370 2604 ad
3397 2551 3546 2606 salu-

1975 2625 2080 2684 tom
2105 2632 2362 2686 omnium.
2387 2633 2700 2692 Meministis
2728 2634 2958 2692 fortasse
2985 2639 3070 2692 hic
3103 2641 3118 2671 ¹
3147 2655 3232 2694 me
3257 2627 3543 2712 aliquando

1974 2727 2230 2776 tractasse
2249 2722 2318 2776 de
2345 2723 2660 2792 quibusdam
2683 2765 2698 2790 ,
2727 2727 2814 2794 qui
2845 2727 2985 2795 quod
3029 2729 3300 2784 sinistrum
3331 2743 3444 2798 est,
3472 2732 3548 2785 fa;

1968 2810 2409 2874 ciuntdextrum;
2435 2812 2484 2866 id
2506 2823 2620 2879 est,
2652 2815 2740 2882 qui
2771 2803 3082 2884 temporalia
3123 2819 3258 2873 bona
3291 2821 3408 2890 plus
3449 2822 3542 2876 ha-

1971 2899 2136 2965 bent,
2173 2911 2228 2957 et
2279 2901 2331 2956 in
2375 2904 2488 2958 istis
2527 2905 2906 2961 beatitudinem
2954 2919 3194 2978 ponunt,
3241 2901 3546 2981 ignorantes

1971 2997 2092 3060 quae
2111 2989 2172 3045 sit
2209 3007 2330 3046 vera
2359 2991 2583 3048 felicitas
2601 3035 2614 3060 ,
2639 3009 2762 3050 th‘d
2784 2995 2999 3051 dextera
3021 2999 3120 3069 (a).
3147 3000 3252 3054 llos
3273 2995 3547 3071 Scriptura

1975 3080 2111 3136 ﬁlios
2156 3083 2358 3138 alienos
2407 3085 2574 3150 dicit,
2606 3095 2853 3155 tanquam
2905 3089 3048 3144 cives
3077 3105 3182 3144 non
3209 3089 3542 3160 Jerusalem;

1973 3172 2066 3226 sed
2113 3171 2412 3244 Babylonia:
2443 3191 2455 3227 :
2483 3174 2610 3228 dicit
2651 3177 2793 3230 enim
2845 3179 3070 3247 quodam
3109 3180 3226 3235 loco
3275 3183 3542 3250 psalmus;

1979 3260 2188 3316 Domine
2209 3305 2224 3328 ,
2249 3263 2404 3318 libera
2433 3279 2510 3316 me
2533 3265 2594 3317 de
2616 3277 2766 3319 manu
2795 3267 3016 3334 ﬁliorum
3057 3271 3338 3324 alienorum
3359 3307 3376 3338 -,
3415 3277 3547 3342 quo-

1973 3367 2086 3404 rum
2105 3368 2160 3404 os
2190 3351 2410 3406 locutum
2436 3363 2506 3406 est
2535 3357 2800 3410 vanitatem
2820 3398 2833 3420 ,
2856 3367 2900 3410 et
2923 3359 3126 3412 dextera
3147 3376 3316 3414 eorum
3337 3357 3546 3432 ἄρτια-ἁ

1975 3442 2269 3510 iniquitatis.
2301 3443 2549 3511 Sequitur
2575 3445 2716 3499 enim
2743 3489 2757 3511 ,
2784 3455 2840 3501 et
2864 3447 2990 3518 dicit
3025 3467 3036 3501 :
3075 3449 3299 3516 Quorum
3325 3453 3422 3520 ﬁlii
3455 3468 3544 3508 ea-

1973 3547 2088 3584 rum
2112 3533 2238 3585 sicut
2265 3533 2471 3588 novella:
2494 3536 2858 3602 ranstabilitw;
2890 3537 3012 3603 ﬁlia:
3033 3555 3205 3593 eorum
3229 3552 3422 3598 ornata:
3447 3543 3546 3598 sic;

1971 3629 2027 3674 ut
2051 3621 2326 3676 similitudo
2355 3623 2528 3694 templi
2553 3640 2574 3688 ;
2608 3627 2814 3680 cellaria
2860 3645 3027 3682 eorum
3057 3621 3236 3700 plena,
3269 3631 3546 3700 eructantid

1973 3727 2036 3764 ex
2062 3715 2155 3766 hoc
2183 3712 2238 3766 in
2271 3713 2402 3778 hoc;
2429 3731 2542 3769 oves
2583 3733 2754 3770 eorum
2783 3719 3014 3789 {ecundw
3038 3761 3050 3784 ,
3079 3723 3468 3791 multiplicantes
3491 3723 3545 3780 iri

1973 3802 2188 3856 exitibus
2214 3804 2318 3856 suis
2341 3818 2360 3866 ;
2386 3805 2526 3858 boues
2547 3821 2718 3858 eorum
2737 3823 2920 3862 crassa:
2945 3824 2964 3862 :
2989 3826 3088 3863 non
3117 3821 3186 3864 est
3215 3814 3361 3866 ruina
3389 3818 3542 3883 sepis‘,

1973 3906 2065 3944 nec
2094 3891 2285 3946 clamor
2321 3893 2373 3946 in
2412 3895 2590 3964 plateis
2617 3911 2806 3948 eorum.
2839 3897 3100 3968 Numquid
3143 3901 3340 3958 habere
3389 3904 3542 3959 istaut

1977 3981 2314 4051 felicitatem,
2357 3986 2458 4040 hoc
2481 3995 2562 4040 est
2585 3987 2846 4056 peccare?
2871 3989 3022 4055 Non;
3061 3991 3153 4047 sed
3197 3993 3370 4049 facere
3398 3995 3540 4050 illam

1967 4075 2277 4146 ,dexteram,
2309 4092 2427 4130 cum
2455 4079 2526 4133 sit
2556 4079 2789 4134 sinistra.
2819 4081 3102 4152 Propterea
3133 4095 3375 4152 secutus,
3419 4071 3545 4158 quid

1975 4167 2086 4220 ait?
2113 4165 2324 4221 Beatum
2351 4170 2584 4224 dixerunt
2610 4173 2852 4241 papulum
2880 4175 2964 4228 'cui
2991 4175 3097 4228 lucc
3121 4187 3254 4230 sunt.
3287 4177 3422 4232 Ecce
3449 4187 3548 4234 uti-

1976 4259 2042 4314 de
2086 4260 2318 4314 locutum
2361 4270 2443 4314 est
2477 4277 2536 4315 os
2576 4277 2760 4317 eorum
2801 4265 3085 4320 vanitatem
3111 4308 3124 4330 ,
3162 4269 3282 4334 quia
3334 4270 3544 4336 beatum

1975 4351 2222 4408 dixerunt
2251 4354 2500 4428 populum
2521 4355 2606 4410 cui
2637 4355 2748 4410 lucc
2780 4366 2921 4410 sunt.
2951 4356 3030 4412 Tu
3069 4357 3282 4426 quidem
3313 4361 3442 4416 civis
3487 4379 3546 4419 es

1973 4443 2268 4500 Jerusalem
2299 4445 2319 4478 ¹
2337 4487 2350 4510 ,
2377 4447 2463 4515 qui
2491 4463 2594 4500 non
2621 4447 2948 4504 obliviscaris
2974 4449 3296 4518 Jerusalem,
3323 4466 3391 4506 nc
3417 4452 3549 4509 oblii

1975 4531 2209 4589 visentur
2233 4544 2284 4590 te
2305 4535 2519 4591 dextera
2547 4544 2630 4590 tua
2655 4553 2670 4601 ;
2701 4541 2826 4591 ecce
2855 4537 2926 4591 illi
2957 4527 3046 4608 qui
3075 4539 3236 4608 locuti
3255 4551 3381 4596 sunt
3403 4544 3550 4598 vani;

1979 4635 2166 4692 tatem,
2199 4625 2414 4680 beatum
2443 4611 2965 4700 dixeruntpopulum
2996 4629 3092 4683 cui
3122 4625 3236 4684 haec
3265 4643 3389 4686 sunt
3421 4650 3435 4688 :
3464 4633 3551 4688 dic

1969 4715 2108 4792 mihi
2133 4725 2186 4770 tu
2213 4717 2473 4782 canticum
2501 4705 2896 4786 Sion.‘Beatus,
2928 4709 3133 4788 inquit,
3163 4709 3382 4792 populus
3403 4725 3547 4786 cuius

1969 4793 2226 4862 'Dominus
2255 4806 2392 4860 Deus
2423 4808 2582 4877 ipsius
2621 4809 2788 4877 (PSal.
2819 4825 2978 4864 chttt
3001 4851 3014 4874 ,
3059 4811 3270 4881 11-15).
3311 4811 3548 4868 Interro-

1969 4886 2097 4968 'gate
2123 4897 2282 4972 eorda
2309 4906 2483 4952 vestra
2505 4939 2519 4962 ,
2553 4897 2778 4964 fratres,
2818 4900 2862 4954 si
2893 4901 3209 4955 desideratis
3235 4903 3370 4956 bona
3413 4903 3504 4958 Dei
3529 4918 3545 4972 ;

1979 4987 2022 5041 si
2053 4969 2366 5040 desideratis
2415 4987 2685 5042 civitatem
2718 4988 2860 5062 illam
2899 4989 3190 5068 Jerusalem
3212 5031 3228 5054 ,
3259 4991 3304 5045 si
3343 4991 3544 5048 'c'oncu-

1973 5076 2179 5145 ‘piscitis
2207 5077 2670 5151 vitamlzcternam.
2713 5075 2896 5133 Omnis
2935 5079 3033 5132 ista
3083 5071 3290 5134 terrena
3321 5079 3543 5154 felicitas

1980 5167 2192 5220 sinistra
2218 5165 2368 5220 vobis
2387 5167 2494 5234 sit;
2525 5165 2612 5222 illa
2639 5168 2708 5222 sit
2733 5161 2952 5222 deit'era
2977 5181 3132 5236 quam
3155 5183 3370 5242 semper
3387 5169 3549 5226 habe-

1981 5257 2102 5312 bitis
2133 5277 2146 5312 :
2175 5268 2229 5313 et
2275 5259 2317 5311 si
2345 5259 2633 5334 habueritis
2677 5260 2979 5322 sinistram,
3026 5260 3190 5316 nolite
3225 5259 3292 5314 de
3333 5251 3547 5318 sintsint

1981 5365 2320 5419 praesumere.
2344 5349 2530 5417 Nonne
2575 5347 2798 5417 corripis
2832 5365 2952 5404 eum
2987 5351 3076 5418 qui
3105 5349 3170 5404 de
3197 5351 3411 5428 sinistra
3449 5345 3545 5424 vo}

1983 5441 2138 5496 luerit
2167 5441 2524 5494 manducare?
2550 5439 2604 5493 Si
2637 5453 2834 5492 mensa:
2861 5449 2962 5494 tua:
2989 5437 3232 5508 injuriam
3260 5450 3410 5510 putas
3436 5435 3545 5499 ftel‘l

2047 5545 2766 5611 lAm.etéeptcmMss.,linr.
2981 5603 2984 5606 ⁴
3265 5597 3270 5602 .
3329 5599 3332 5602 .
3399 5599 3416 5611 ,,
3515 5597 3520 5604 .

2001 5657 2006 5662 ,
2047 5612 2065 5640 ²
2091 5601 2358 5674 Stenegius
2379 5613 2553 5656 codex.
2580 5601 2663 5656 .tlti
2685 5623 2800 5656 vero
2832 5617 2934 5656 Mss.
2964 5603 3072 5657 eum
3107 5609 3236 5669 Md,
3259 5601 3339 5674 aui
3360 5601 3548 5664 (ἔδεαιῗέ

1981 5671 2262 5720 Jerusalem;
3277 5671 3281 5674 ’
3401 5711 3404 5716 .

2047 5733 2117 5794 (a)
2145 5737 2190 5778 tu
2214 5731 2380 5780 t‘sahu.
2404 5743 2516 5790 cxx,
2544 5744 2590 5778 n.
2616 5731 2662 5776 8.

2629 5789 3223 5890 (“uariante—stand
