4078 6484
556 314 687 373 1771

558 434 908 489 manducante
933 433 1156 489 conviva
1178 431 1245 485 de
1268 431 1514 493 sinistra;
1538 426 1806 497 quomodo
1838 442 1939 478 non
1969 426 2024 477 fit
2060 426 2137 478 in-

553 527 689 596 juria
706 539 900 578 mensa:
920 524 1031 590 Dei,
1049 524 1092 577 si
1112 522 1250 593 quod
1269 521 1511 574 dextrum
1528 528 1628 581 est,
1646 519 1912 572 sinislrtnn
1930 517 2135 581 feceris,

558 628 604 671 et
627 615 767 686 quod
785 616 1054 669 sinistrum
1075 623 1185 676 est,
1211 613 1455 667 dextrum
1487 610 1708 664 feceris?
1729 609 1861 676 Quid
1884 607 2051 677 ergo?
2080 607 2139 661 Si

556 709 737 762 oblitus
761 710 832 760 tui
850 712 1012 777 fuero,
1025 706 1328 769 Jerusalem,
1360 706 1675 759 obliviscatur
1698 720 1772 755 me
1792 704 1992 757 dextera
2010 717 2137 755 mea.

629 803 714 854 17.
762 799 890 870 [vers
910 798 987 871 6.]
1028 799 1297 852 Adlicereat
1335 798 1510 866 lingua
1555 814 1665 850 mea
1703 796 1930 865 faucibus
1975 796 2097 849 meis
2122 835 2136 860 ,

558 895 653 945 uisi
680 894 753 944 tui
776 893 1066 945 meminero.
1114 893 1170 946 ld
1221 902 1302 945 est
1323 931 1335 953 ,
1368 892 1731 945 obmutescam
1760 931 1771 953 ,
1804 890 2006 958 inquit,
2038 889 2137 943 nisi

557 984 631 1038 lui
662 984 976 1038 meminero.
1032 983 1222 1051 thuid
1253 984 1393 1036 enim
1423 983 1681 1052 loquitur,
1732 980 1916 1047 utquid
1949 988 2135 1047 sonat,

557 1075 649 1143 qui
677 1075 883 1129 cantica
913 1074 1041 1129 Sion
1069 1090 1171 1128 non
1205 1074 1397 1128 sonat?
1424 1073 1540 1142 Ipsa
1587 1082 1669 1126 est
1713 1072 1887 1139 lingua
1918 1080 2095 1125 ucstra
2121 1112 2135 1136 ,

554 1167 819 1221 canticum
871 1166 1186 1220 Jerusalem.
1233 1164 1508 1219 Canticum
1559 1161 1909 1217 dilectionis"
1957 1161 2137 1215 saeculi

557 1257 714 1325 hujus
735 1299 748 1322 ,
803 1258 978 1326 lingua
1032 1257 1203 1311 aliena
1226 1297 1239 1321 ,
1272 1256 1448 1324 lingua
1479 1254 1699 1308 barbara
1723 1262 1842 1317 est,
1875 1267 2033 1321 quam
2086 1252 2137 1304 in

557 1349 866 1418 captivitate
895 1347 1198 1402 didicimus.
1232 1346 1372 1415 Ergo
1394 1354 1569 1398 mutus
1591 1345 1692 1397 erit
1724 1343 1832 1397 Deo
1851 1382 1866 1406 ,
1895 1343 1983 1411 qui
2008 1342 2139 1395 obli-

558 1451 642 1494 tus
670 1440 826 1494 fuerit
851 1439 1167 1494 Jerusalem.
1206 1439 1271 1491 Et
1304 1452 1488 1507 parum
1520 1444 1601 1490 est
1629 1435 1969 1499 meminisse;
2003 1448 2123 1486 nam

556 1540 609 1585 et
638 1531 816 1586 hostes
842 1531 1200 1586 meminerunt
1225 1529 1342 1597 ejus
1374 1570 1387 1591 ,
1422 1527 1668 1581 volentes
1715 1542 1829 1579 eam
1875 1533 2135 1579 evertere.

555 1626 685 1691 Qua:
728 1632 809 1677 est
859 1624 1048 1677 civitas
1084 1623 1214 1685 ista,
1257 1621 1478 1674 dicunt?
1524 1619 1611 1689 qui
1652 1628 1773 1671 sunt
1813 1616 2139 1671 Christiani?

552 1725 609 1771 et
628 1718 810 1787 quales
836 1725 958 1771 sunt
984 1714 1268 1769 Christiani
1292 1714 1313 1765 ?
1334 1712 1377 1766 Ο
1397 1712 1440 1766 si
1471 1726 1575 1763 non
1607 1717 1785 1763 essent
1814 1707 2133 1762 Christiani!

559 1809 696 1863 Vicit
719 1810 826 1878 jam
856 1808 1061 1877 captiva
1092 1806 1242 1859 turba
1284 1803 1639 1872 captivatores
1681 1815 1807 1853 suos
1831 1841 1845 1865 ,
1875 1808 1929 1853 et
1963 1810 2136 1853 tamen

558 1908 935 1964 murmurant,
966 1906 1019 1951 et
1063 1896 1284 1950 smviuut
1307 1936 1319 1957 ,
1364 1905 1416 1948 et
1446 1893 1632 1946 volunt
1672 1891 1971 1945 interﬁcere
1999 1889 2138 1960 apud

559 2005 616 2043 se
640 1991 1065 2060 peregrinantem
1090 1996 1329 2040 sanctam
1361 1984 1629 2038 civitatem
1664 1999 1678 2034 :
1712 1982 2029 2035 sicutvoluit
2056 1981 2137 2050 ip-

558 2094 673 2133 sum
706 2081 955 2148 populum
999 2077 1298 2131 interficere
1328 2075 1569 2139 Pharao,
1611 2072 1822 2143 quando
1874 2072 2138 2126 masculos

554 2171 831 2223 occidebat
883 2177 1072 2233 natos,
1123 2176 1176 2222 et
1223 2166 1446 2221 feminas
1497 2163 1871 2233 relinquebat;
1919 2163 2138 2216 virtutes

556 2263 909 2331 pra‘fucabal,
940 2258 1404 2329 concupiscentias
1459 2256 1745 2311 nutriebat.
1791 2255 1979 2309 Parum
2011 2268 2138 2323 ergo

557 2365 640 2409 est
665 2354 1013 2408 meminisse:
1045 2353 1167 2407 vide
1195 2350 1461 2420 quomodo
1508 2346 1834 2402 memineris.
1883 2344 2135 2412 Quadam

554 2448 696 2499 enim
741 2460 859 2498 cum
910 2444 1032 2497 odio
1061 2443 1435 2506 meminimus,
1478 2438 1716 2508 quaidam
1767 2451 1885 2491 cum
1932 2449 2130 2490 amore.

556 2536 683 2589 Cum
712 2550 837 2603 ergo
863 2533 1082 2586 diXiSs‘Cl
1104 2574 1115 2593 ,
1153 2532 1209 2583 Si
1264 2531 1444 2583 oblitus
1482 2529 1552 2581 lui
1581 2531 1722 2598 fuero
1748 2568 1763 2591 ,
1812 2526 2096 2579 Jt‘rusalem
2116 2566 2133 2591 ,

554 2626 874 2677 obliviscatur
903 2642 979 2676 me
1005 2624 1208 2675 dextera
1238 2636 1363 2674 mea.
1392 2620 1658 2672 Adha'reat
1686 2618 1859 2688 lingua
1889 2633 1998 2669 mea
2023 2619 2137 2687 fau-

554 2716 691 2769 cibus
716 2716 836 2768 meis
863 2758 873 2774 .
906 2714 1003 2767 nisi
1044 2715 1114 2766 liti
1145 2713 1454 2779 meminero;
1481 2709 1681 2763 addidit
1704 2708 1882 2762 statim
1907 2750 1920 2771 ,
1953 2706 2013 2761 Si
2035 2722 2135 2760 non

554 2824 873 2875 pra’posuero
913 2805 1196 2858 Jerusalem
1244 2805 1295 2855 in
1340 2801 1587 2871 principio
1619 2798 1957 2867 jucunditatis
1986 2813 2128 2850 θῆρας.

556 2896 626 2947 lbi
661 2907 741 2949 est
770 2897 909 2950 enim
938 2910 1141 2947 summa
1166 2893 1467 2961 jucunditas
1491 2933 1504 2953 ,
1538 2890 1624 2943 tibi
1656 2890 1765 2943 Deo
1790 2888 2128 2956 perfruimut',

556 2989 639 3038 ubi
663 2987 730 3040 de
776 2987 1101 3039 fraternitate
1144 2984 1447 3037 cohrerente
1492 2990 1541 3035 et
1569 2981 1732 3034 civica
1764 2979 2016 3033 societate
2046 2994 2133 3033 se-

553 3078 665 3130 curi
698 3091 899 3131 sumus.
950 3075 1139 3129 Nullus
1174 3076 1241 3127 ibi
1274 3082 1505 3128 tentatur
1535 3088 1631 3126 nos
1664 3071 1881 3124 violabit
1911 3112 1925 3136 ,
1956 3071 2133 3124 nullus

551 3169 634 3222 vel
661 3169 725 3221 ad
770 3168 996 3236 aliquam
1042 3166 1349 3219 illecebram
1399 3164 1691 3233 percellere
1725 3163 1955 3231 poterit,
1999 3162 2133 3216 nihil

553 3262 624 3317 ibi
645 3261 928 3317 delectabit
954 3259 1050 3313 nisi
1078 3260 1294 3313 bonum.
1320 3256 1572 3311 Morietur
1601 3256 1668 3309 ibi
1697 3256 1868 3310 omnis
1902 3255 2132 3309 necessi-

526 3364 666 3420 ‘tas,
708 3357 910 3408 orietur
953 3354 1021 3407 ibi
1072 3367 1276 3406 summa
1314 3350 1556 3403 felicitas.
1596 3350 1657 3404 Si
1682 3364 1780 3401 non
1812 3363 2131 3418 pra'posuero

548 3443 832 3498 Ierusalem
868 3445 917 3496 in
950 3444 1197 3513 principio
1219 3441 1559 3511 jucunditatis
1586 3456 1724 3492 mete.

623 3536 709 3591 18.
752 3535 900 3607 [rei-s.
925 3535 1004 3607 7.]
1033 3534 1095 3588 Et
1122 3533 1385 3587 convertit
1416 3548 1473 3585 se
1504 3532 1567 3584 ad
1600 3531 1884 3584 Dominum
1944 3540 2129 3585 contra

551 3626 732 3680 hostes
780 3626 944 3694 ipsius
1000 3624 1269 3678 civitatis:
1305 3622 1571 3684 Memento,
1616 3620 1854 3688 Domine,
1908 3623 2129 3691 ﬁliorum

524 3717 735 3770 'lftlom.
796 3716 961 3770 Edom
1014 3716 1125 3784 ipse
1172 3714 1342 3768 dictus
1374 3722 1453 3769 est
1492 3714 1577 3784 qui
1609 3722 1662 3767 et
1702 3714 1875 3767 Esau:
1907 3714 2127 3769 audistis

548 3809 689 3861 enim
744 3806 903 3860 modo
956 3821 1075 3859 cum
1132 3807 1414 3874 Apostolus
1440 3805 1723 3874 legeretur,
1743 3804 1899 3857 Jacob
1949 3805 2123 3873 dilexi,

552 3898 688 3950 Esau
718 3906 883 3951 autem
903 3897 1018 3949 odio
1038 3896 1213 3949 habui.
1247 3896 1359 3949 Duo
1384 3896 1476 3949 lilii
1516 3904 1667 3948 erant
1694 3896 1743 3949 in
1793 3911 1896 3949 uno
1944 3906 2123 3961 utero,

549 3991 706 4042 ambo
727 3987 919 4058 gemini
944 4030 957 4053 ,
983 3987 1032 4040 lu
1068 3996 1218 4041 utero
1256 3986 1531 4047 Rebeccm,
1565 3986 1652 4038 lilii
1701 3986 1874 4051 Isaac,
1908 3995 2125 4056 nepotes

548 4082 775 4135 Abraha:
802 4097 813 4133 :
844 4080 949 4133 nati
978 4088 1101 4132 sunt
1120 4079 1307 4141 ambo;
1330 4092 1465 4131 unus
1487 4076 1551 4130 ad
1576 4078 1958 4141 bmreditatcm,
1990 4077 2125 4131 alter

547 4172 612 4225 ad
643 4168 1475 4225 cxbmredationem.Fuitautem
1509 4168 1673 4221 hostis
1707 4168 1880 4221 fratris
1908 4168 1987 4220 sui
2024 4169 2123 4223 iste

548 4263 706 4326 Esau,
739 4260 858 4330 quia
893 4260 1145 4328 przcvenit
1168 4258 1590 4311 benedictionem
1614 4258 1728 4326 ejus
1753 4258 1889 4311 filius
1910 4258 2082 4311 minor
2106 4276 2119 4321 ;

544 4362 594 4404 et
624 4351 893 4419 impletum
918 4357 1017 4410 est,
1046 4348 1214 4419 Major
1229 4349 1404 4401 serriet
1424 4348 1604 4400 minori
1623 4347 1798 4415 (Rom.
1824 4364 1897 4410 ix,
1934 4349 1996 4402 l0
2032 4349 2117 4412 15;

542 4441 670 4494 Gen.
694 4455 823 4504 xxv,
845 4441 957 4508 23).
978 4441 1141 4509 Major
1170 4454 1297 4508 ergo
1323 4440 1440 4508 quis
1465 4447 1566 4499 est,
1596 4448 1649 4491 et
1680 4438 1853 4490 minor
1876 4440 1994 4507 quis
2016 4447 2116 4504 est,

552 4543 607 4587 ct
631 4536 749 4603 quis
771 4542 850 4587 est
875 4533 1045 4601 major
1069 4533 1158 4601 qui
1190 4533 1385 4585 serviet
1414 4532 1600 4583 minori
1625 4572 1636 4590 .
1664 4530 1821 4583 modo
1870 4530 2119 4599 intelligi-

544 4640 683 4677 mus.
710 4623 876 4692 Major
903 4623 1183 4676 videbatur
1232 4620 1454 4690 populus
1493 4620 1827 4687 Judzeorum,
1861 4621 2032 4674 minor
2054 4636 2118 4675 ex

552 4725 789 4785 tempore
812 4714 1036 4783 pupillus
1054 4711 1496 4766 Christianorum.
1532 4710 1593 4763 Et
1623 4711 1801 4764 videte
1852 4711 2118 4780 quomodo

542 4806 715 4876 major
740 4804 903 4859 servit
929 4802 1138 4856 minori.
1170 4801 1243 4854 llli
1270 4810 1472 4869 portant
1501 4800 1721 4855 Codices
1744 4810 1953 4855 nostros
1977 4818 1989 4865 ;
2020 4817 2117 4855 nos

544 4900 771 4953 vivimus
797 4898 863 4952 de
892 4896 1177 4951 Codicibus
1206 4895 1457 4963 ipsorum.
1492 4894 1596 4948 Sed
1627 4906 1681 4947 ut
1706 4895 2024 4964 generaliter
2048 4894 2115 4949 de

540 4989 785 5045 omnibus
812 4987 1149 5057 iutelligatis,
1178 4984 1385 5051 fratres,
1412 4986 1665 5053 majorem
1715 4994 1767 5039 et
1809 4986 2109 5050 minorem;

540 5082 711 5150 major
740 5078 931 5134 dicitur
957 5079 1118 5131 homo
1144 5075 1369 5129 carnalis
1392 5118 1408 5141 ,
1435 5084 1488 5129 ct
1515 5075 1689 5129 minor
1740 5075 1931 5128 dicitur
1952 5074 2113 5129 homo

536 5171 826 5240 spiritualis
851 5187 863 5233 ;
890 5170 1009 5239 quia
1037 5167 1181 5237 prius
1204 5175 1285 5220 est
1316 5165 1542 5218 carnalis
1561 5206 1574 5229 ,
1610 5176 1663 5219 et
1687 5175 1867 5233 postea
1896 5166 2111 5234 spiritu-

536 5262 653 5313 aiis.
687 5261 861 5315 llabes
884 5259 1193 5329 Apostolum
1210 5265 1390 5327 aperte
1409 5256 1700 5309 dicentem:
1733 5255 1937 5308 Primus
1961 5256 2109 5310 homo

537 5355 599 5406 de
624 5364 784 5417 terra,
816 5363 1076 5414 terrenus;
1106 5349 1355 5403 sentudus
1402 5349 1552 5402 homo
1599 5349 1661 5400 de
1704 5348 1845 5413 cwlo,
1876 5348 2106 5403 cwlestis.

537 5444 712 5507 Qualis
764 5452 1019 5505 terrenus,
1071 5444 1193 5495 tales
1247 5451 1291 5493 et
1323 5441 1602 5505 terreni;ct
1644 5439 1808 5510 qualis
1858 5438 2119 5509 ca'lestis,_

536 5536 656 5586 tales
685 5544 730 5586 et
772 5535 1008 5587 caelestes.
1051 5532 1192 5586 Sicut
1242 5532 1548 5600 portavimus
1597 5530 1864 5600 imaginem
1900 5529 2102 5593 terreni,

537 5637 781 5698 portemus
827 5636 869 5677 ct
897 5625 1163 5694 imaginem
1191 5620 1297 5691 ejus
1323 5623 1407 5692 qui
1453 5622 1514 5675 de
1549 5621 1671 5676 caelo
1699 5630 1787 5675 est.
1821 5620 1895 5674 lbi
1926 5630 2100 5675 autem

596 5762 609 5789 ι
639 5759 707 5804 sic
730 5756 895 5817 jlut‘es
919 5763 1019 5804 \tss.
1048 5763 1097 5803 At
1121 5754 1251 5812 Edd,
1280 5752 1618 5807 delectationis.

1791 312 1845 365 S.
1888 308 2248 366 AUGUSTINI
2292 308 2589 365 EPISCOI‘I

3690 312 3824 369 1779

2254 440 2407 491 supra
2448 425 2682 477 dixerat:
2722 424 2824 478 Sed
2864 442 2959 478 non
2993 427 3131 495 prius
3173 426 3581 496 quodspirituale
3620 436 3716 492 est,
3739 428 3823 481 sed

2246 517 2377 584 quod
2414 516 2671 579 animale;
2704 527 2893 585 postea,
2944 518 3208 586 spirituale
3262 517 3303 587 (1
3328 517 3444 572 Cor.
3490 533 3578 581 xv,
3609 517 3822 585 .5649).

2246 608 2539 662 Animalem
2595 617 2769 661 autem
2820 608 3064 662 eumdem
3126 608 3283 675 dicit,
3328 624 3484 678 quem
3556 611 3826 666 carnalem

2245 698 2492 751 ostendit.
2525 699 2695 752 llomo
2747 700 2833 767 qui
2895 701 3148 765 nascitur,
3178 700 3420 754 animalis
3460 716 3577 755 esse
3608 702 3822 770 incipit,

2246 790 2477 843 carnalis
2507 805 2624 844 csse
2643 791 2846 859 incipit.
2880 790 2935 846 Si
2955 806 3011 845 se
3034 801 3307 846 convertat
3336 807 3366 845 a
3396 791 3697 861 captivitate
3722 792 3824 847 Ba-

2244 880 2471 951 bylonia:
2486 884 2535 936 in
2562 884 2785 938 reditum
2802 884 3118 950 Jerusalem,
3138 894 3443 950 renovatur,
3458 894 3511 940 et
3529 886 3586 939 fit
3603 901 3827 940 renova-

2249 974 2319 1027 tio
2334 974 2575 1042 qumdam
2613 977 2903 1031 secundum
2934 992 3125 1030 novum
3143 986 3192 1031 et
3211 978 3514 1032 interiorem
3534 977 3823 1045 hominem;

2248 1073 2302 1117 et
2361 1063 2417 1117 lit
2447 1066 2619 1119 minor
2665 1075 2932 1135 tempore,
2974 1068 3143 1136 major
3184 1076 3462 1137 potestate.
3500 1068 3643 1139 Ergo
3692 1070 3826 1124 Esau

2247 1170 2432 1209 omnes
2464 1158 2703 1211 carnales
2725 1199 2737 1222 ,
2770 1159 2932 1212 Jacob
2971 1170 3147 1214 autem
3174 1176 3359 1215 omnes
3386 1161 3646 1231 significat
3670 1162 3825 1233 spiri-

2250 1248 2450 1302 tuales:
2482 1250 2715 1304 minores
2761 1251 2946 1315 electi,
2976 1252 3203 1319 majores
3263 1252 3336 1305 illi
3384 1253 3673 1321 reprobati.
3708 1254 3828 1309 Vult

2242 1348 2296 1393 ct
2326 1340 2438 1409 ipse
2468 1340 2627 1409 eligi?
2652 1341 2768 1395 Fiat
2798 1342 2988 1396 minor.
3022 1343 3188 1397 Edom
3220 1352 3395 1397 autem
3423 1345 3721 1413 appellatus
3751 1354 3829 1400 est

2252 1431 2317 1486 de
2343 1434 2463 1486 cibo
2492 1434 2719 1503 quodam
2752 1436 3013 1489 lenticula
3035 1436 3217 1501 rubro,
3244 1435 3292 1489 id
3315 1445 3395 1490 est
3417 1450 3572 1490 roseo
3596 1435 3828 1506 quodam

2244 1522 2382 1576 cibo.
2403 1523 2545 1578 Bene
2563 1533 2710 1577 cocta
2730 1526 3098 1580 eratlcnticula
3122 1525 3397 1592 defricata;
3413 1527 3715 1596 concupivit
3729 1527 3828 1584 iste

2244 1616 2383 1670 Esau
2406 1631 2433 1669 a
2459 1616 2738 1671 lratrosuo
2765 1616 2945 1682 Jacob,
2970 1626 3021 1671 ct
3045 1618 3206 1671 cessit
3236 1617 3307 1671 illi
3338 1618 3623 1686 primatum
3648 1633 3823 1684 suum,

2244 1708 2415 1762 vietus
2430 1709 2857 1779 concupiscentia
2876 1708 3253 1763 manducaudm
3272 1709 3411 1764 illius
3437 1709 3719 1764 lenticulae.
3738 1708 3828 1766 Ille

2243 1809 2417 1853 autem
2444 1800 2603 1855 cessit
2632 1800 2807 1855 cibum
2837 1802 3212 1871 voluptatis,et
3230 1801 3452 1869 sumpsit
3472 1801 3731 1857 honorem
3751 1802 3826 1857 di-

2243 1892 2478 1961 gnitatis.
2510 1892 2581 1946 lta
2614 1908 2677 1947 ex
2705 1893 2899 1963 placito
2914 1893 3143 1962 quodam
3169 1894 3305 1947 inter
3326 1908 3419 1947 eos
3444 1892 3641 1947 factum
3670 1887 3828 1949 estut

2247 1983 2332 2038 ille
2363 1983 2551 2053 major,
2585 1983 2671 2037 ille
2712 1984 2885 2037 minor
2906 1983 2993 2049 sit,
3020 1992 3077 2038 ut
3119 1983 3289 2052 major
3328 1984 3551 2038 serviret
3600 1984 3825 2050 minori;

2244 2085 2296 2129 et
2338 2076 2632 2146 appellatus
2664 2083 2750 2130 est
2787 2076 2953 2130 Edom
2984 2074 3135 2146 (Gen.
3174 2092 3297 2141 xxv,
3322 2074 3497 2129 ‘29-'54
3519 2093 3532 2139 ;
3558 2084 3613 2129 et
3642 2092 3789 2131 xxvi:
3810 2117 3823 2138 ,

2244 2166 2337 2232 56,
2369 2164 2481 2235 57).
2531 2167 2913 2236 Interpretatur
2963 2175 3162 2232 autem,
3212 2176 3465 2235 quantum
3513 2166 3698 2220 dicunt
3744 2167 3830 2236 qui

2246 2257 2386 2309 illam
2435 2257 2661 2327 linguam
2713 2266 3009 2322 noverunt,
3065 2255 3268 2321 Edoni,
3323 2256 3734 2325 Sauguis:nam
3779 2264 3831 2311 et

2244 2345 2438 2401 Punice
2461 2346 2652 2410 Edoni,
2674 2348 2886 2416 sanguis
2903 2346 3114 2400 dicitur.
3133 2345 3247 2400 Noli
3277 2346 3501 2399 mirari‘:
3524 2346 3586 2399 ad
3613 2348 3829 2418 sangui-

2244 2452 2362 2489 ncm
2388 2437 2654 2505 pertinent
2673 2452 2861 2492 omnes
2889 2438 3145 2492 carnales.
3167 2437 3295 2491 Caro
3324 2447 3369 2489 et
3395 2439 3604 2507 sanguis
3623 2456 3831 2508 regnum

2246 2527 2338 2580 Dei
2380 2545 2477 2581 non
2515 2528 2834 2597 possidebunt
2859 2528 2897 2599 (1
2926 2527 3259 2593 Cor.xv,.’i0).
3290 2526 3401 2581 Non
3436 2529 3557 2582 illuc
3602 2530 3829 2598 pertinet

2250 2620 2417 2673 Edoni
2446 2637 2458 2684 ;
2492 2620 2718 2688 pertinet
2755 2620 2879 2675 illuc
2909 2620 3074 2674 Jacob
3098 2662 3111 2683 ,
3136 2620 3221 2688 qui
3248 2622 3413 2671 caruit
3438 2620 3558 2673 cibo
3592 2621 3828 2685 carnali,

2242 2712 2539 2779 ctsumpsit
2574 2710 2833 2765 honorem
2866 2711 3213 2779 Spiritualem.
3248 2710 3336 2763 Ille
3371 2725 3495 2763 vero
3532 2708 3705 2765 factus
3750 2721 3828 2765 est

2243 2802 2505 2855 inimicus.
2536 2802 2731 2857 Omnes
2750 2803 2995 2856 carnales
3020 2801 3383 2871 spiritualibus
3429 2801 3627 2855 inimici
3674 2813 3825 2855 sunt:

2240 2909 2426 2948 omnes
2454 2894 2585 2948 tales
2629 2894 3069 2963 concupiscentes
3119 2894 3433 2963 przesentia,
3480 2893 3827 2962 insequuntur

2240 3000 2331 3039 cos
2352 3000 2484 3056 quos
2508 2985 2684 3039 vident
2711 2986 2948 3039 meditari
2975 2994 3192 3039 aeterna.
3224 2984 3418 3039 Contra
3465 2985 3561 3038 bos
3592 2986 3695 3039 iste
3744 3002 3827 3041 re-

2240 3076 2471 3146 spiciens
2503 3076 2552 3129 in
2584 3076 2875 3130 Jerusalem
2896 3115 2910 3141 ,
2964 3085 3017 3131 et
3043 3090 3235 3146 rogans
3268 3076 3431 3129 Deum
3460 3084 3518 3128 ut
3555 3087 3773 3130 eruatur
3798 3094 3825 3128 a

2238 3168 2573 3236 captivitate,
2623 3166 2750 3236 quid
2786 3166 2945 3219 dicit?
2980 3166 3230 3219 Memento
3252 3208 3266 3232 ,
3302 3164 3552 3231 Domine,
3605 3166 3826 3234 ﬁliorum

2242 3257 2423 3310 Edoni.
2457 3257 2647 3311 Libera
2681 3272 2776 3310 nos
2802 3271 2829 3308 a
2873 3256 3203 3321 carnalibus,
3234 3255 3300 3309 ab
3330 3255 3407 3310 eis
3438 3256 3524 3324 qui
3554 3255 3827 3309 imitantur

2239 3347 2383 3399 illum
2410 3346 2612 3409 Edom,
2660 3346 2747 3416 qui
2791 3345 2977 3400 fratres
3027 3347 3258 3416 majores
3302 3355 3472 3411 sunt,
3507 3346 3603 3401 sed
3649 3346 3826 3401 hostes

2237 3448 2380 3492 sunt.
2415 3438 2563 3492 Prius
2585 3438 2700 3491 nati’
2718 3446 2873 3501 sunt;
2909 3436 2999 3491 sed
3043 3438 3304 3507 posterius
3349 3437 3457 3491 nati
3494 3436 3735 3492 vicerunt
3760 3438 3823 3492 ad

2238 3530 2518 3599 primatum
2547 3531 2704 3599 :quia
2749 3531 3175 3599 concupiscentia
3218 3531 3393 3585 carnis
3442 3531 3563 3585 illos
3588 3531 3819 3601 dejeeit;

2237 3630 2537 3689 contempta
2586 3621 3011 3691 concupiscentia
3080 3621 3209 3677 istos
3256 3622 3443 3677 erexit.
3476 3621 3676 3677 Vivuut
3701 3624 3742 3690 ¹,
3772 3632 3824 3677 et

2238 3712 2503 3773 invident,
2540 3721 2593 3766 cl
2627 3722 3035 3783 persequuntur.
3844 3704 3853 3713 ’

2310 3806 2396 3860 19.
2443 3805 2713 3869 Memento,
2768 3796 3008 3869 Domine,
3066 3806 3287 3873 ﬁliorum
3332 3804 3536 3872 Edam,
3599 3807 3652 3861 in
3693 3808 3822 3861 diem

2235 3897 2539 3951 Jerusalem.
2573 3898 2720 3951 Diem
2747 3897 3039 3951 Jerusalem
3072 3914 3175 3967 quo
3199 3897 3479 3964 laboravit,
3512 3915 3619 3969 quo
3647 3901 3818 3969 capti-

2235 4001 2349 4044 vala
2369 4000 2547 4053 cst;au
2571 3991 2709 4043 diem
2748 3990 2892 4043 illum
2926 3989 3187 4044 felicitatis
3207 3988 3521 4049 Jerusalem.
3543 4007 3652 4061 quo
3687 3987 3820 4046 libe-

2233 4091 2402 4146 ratttr,
2422 4096 2526 4150 quo
2550 4082 2808 4150 pervenit,
2829 4097 2932 4149 quo
2950 4081 3234 4134 mteruitati
3265 4081 3520 4134 sociatur?
3542 4081 3814 4147 Memento,

2234 4172 2419 4240 inquit,
2441 4170 2671 4236 Domine,
2692 4171 3065 4237 nolioblivisci,
3092 4171 3314 4239 ﬁliorum
3340 4171 3523 4225 Edoni.
3553 4172 3816 4239 Quorum?

2237 4262 2536 4328 Dicentiunt,
2572 4263 2840 4329 Evacuute,
2874 4272 3125 4326 evacuate,
3166 4278 3319 4331 usque
3354 4267 3473 4315 dum
3507 4263 3814 4332 fundamen-

2231 4364 2335 4407 tum
2360 4356 2410 4407 in
2436 4372 2512 4407 ea.
2535 4355 2693 4408 Istum
2710 4370 2833 4423 ergo
2851 4354 2991 4407 dicm
3021 4362 3308 4416 memento,
3332 4354 3547 4423 quando
3570 4367 3817 4411 evertere

2232 4447 2477 4499 volebant
2506 4446 2576 4498 illi
2600 4445 2915 4498 Jerusalem.
2940 4445 3174 4511 Quantas
3217 4446 3359 4499 enim
3414 4448 3816 4514 persecutitnes

2231 4554 2379 4607 passa
2406 4549 2485 4593 est
2535 4538 2800 4613 Ecclesia!
2834 4537 3113 4604 Quomodo
3156 4537 3404 4591 dicebant
3457 4538 3547 4591 filii
3603 4538 3811 4605 Edoni,

2229 4631 2381 4685 idest
2412 4631 2648 4683 carnales
2700 4628 2973 4695 homines,
3005 4628 3199 4682 subditi
3251 4627 3464 4681 diabolo
3511 4637 3567 4682 et
3606 4630 3810 4700 angelis

2226 4722 2374 4790 ejus,
2406 4722 2641 4774 colentes
2668 4720 2867 4787 lapides
2905 4728 2957 4773 et
3006 4720 3143 4789 ligna
3166 4760 3181 4784 ,
3228 4726 3513 4788 sequentes
3558 4720 3807 4789 concupi-

2226 4812 2455 4865 scentias
2476 4811 2677 4864 carnis:
2714 4810 3045 4880 Exstinguite
3070 4809 3419 4875 Christianos,
3456 4809 3627 4864 tollite
3655 4809 3808 4864 Chri-

2226 4903 2461 4967 stianos,
2488 4917 2585 4955 nec
2608 4917 2741 4955 unus
2780 4910 3084 4966 remaneat;
3110 4900 3333 4955 evertitc
3370 4916 3537 4970 usque
3582 4901 3650 4955 ad
3694 4902 3804 4955 fun-

2224 4994 2561 5047 damentum!
2618 4993 2802 5047 Nonne
2836 4993 2972 5047 dicta
3045 5002 3167 5046 sunt
3234 4990 3390 5045 haec?
3432 4991 3653 5046 Etcum
3708 4992 3801 5045 ista

2221 5084 2543 5149 dicerentur,
2596 5091 2972 5153 persequentes
3026 5081 3309 5149 improbati
3354 5091 3507 5148 sunt,
3540 5090 3801 5152 martyres

2219 5177 2456 5231 Coronati
2514 5185 2655 5230 sunt.
2707 5174 3013 5237 Dicenlium,
3050 5173 3317 5236 Evacuate,
3367 5181 3620 5238 evacuate,
3651 5189 3799 5241 usque

2218 5270 2341 5321 dum
2372 5268 2752 5337 fundamentum
2781 5267 2831 5318 in
2854 5282 2932 5318 ea.
2961 5264 3075 5317 Filii
3106 5263 3275 5317 Edom
3298 5263 3499 5328 dicunt,
3526 5262 3799 5325 Eracuatc,

2218 5369 2473 5421 evacuate;
2495 5368 2549 5412 et
2582 5359 2722 5411 Deus
2742 5356 2901 5419 dicit,
2924 5356 3156 5409 Servite.
3190 5353 3350 5423 Cujus
3380 5353 3539 5407 verba
3572 5364 3797 5421 possunt

2216 5466 2489 5521 superare,
2510 5451 2607 5502 nisi
2635 5448 2748 5511 Dei,
2768 5448 2853 5517 qtti
2877 5448 3030 5509 dixit,
3053 5445 3181 5510 Quia
3196 5445 3357 5514 major
3373 5443 3551 5497 serviet
3579 5441 3802 5495 minori?

2278 5628 2293 5657 ¹
2321 5634 2419 5673 Am.
2461 5631 2512 5674 et
2551 5623 2775 5686 plerique
2820 5630 2959 5677 .\lss.,
3020 5620 3123 5669 .\o.'i
3168 5618 3365 5673 ιιεὶ;ἰηί,
3408 5619 3447 5667 si
3496 5621 3561 5667 ad
3608 5617 3805 5683 sangui-

2209 5701 2317 5737 nem
2334 5720 2348 5743 ,
2374 5694 2467 5735 etc.
2717 5746 2725 5749 _
2752 5744 2761 5749 _
3024 5747 3030 5749 ν
3054 5745 3062 5749 Α
3228 5741 3237 5749 ,

2278 5752 2295 5779 ³
2323 5748 2489 5796 Plures
2513 5756 2638 5805 Mss,
2673 5744 2856 5795 rident.
2886 5752 2931 5793 Et
2952 5745 3162 5807 quidam,
3191 5744 3359 5790 livent.
