4074 6478
543 337 686 391 1715

553 452 745 514 laudis,
779 466 882 505 non
910 445 1199 516 iniquitatis
1231 461 1242 496 :
1277 440 1550 508 Conﬁteor,
1581 437 1768 507 inquit,
1801 436 1907 501 tibi,
1938 434 2116 496 Pater,

554 541 772 597 Domine
804 539 913 593 cozli
949 547 993 591 et
1037 547 1214 600 tet-rte,
1254 533 1370 602 quia
1399 528 1700 582 abscondisti
1745 529 1849 580 [nec
1872 543 1903 577 a
1933 525 2126 593 sapien-

556 635 684 690 tibus
716 643 762 688 et
807 630 1130 700 prudentibus
1155 667 1170 691 ,
1214 633 1260 680 et
1303 621 1529 678 reuelasti
1555 637 1612 674 ea
1643 619 1864 689 parvulis
1911 615 2123 687 (Matth.

557 741 628 790 xl,
658 724 770 792 25).
818 719 1073 775 Laudavit
1112 719 1324 772 Patrem
1349 755 1365 780 ,
1394 712 1623 768 laudavit
1649 712 1843 776 Deum,
1870 709 1992 779 quia
2023 723 2128 760 non

555 817 778 886 despicit
800 813 1026 868 humiles
1049 851 1063 874 ,
1097 809 1190 865 sed
1219 807 1442 877 despicit
1462 803 1738 875 superbos.
1772 803 1836 856 Et
1856 801 1940 856 hic
1968 801 2126 854 talem

557 905 943 964 confessionem
981 899 1208 956 audituri
1245 911 1464 961 sumus,
1512 894 1682 950 laudis
1711 892 1832 956 Dei,
1875 899 1927 946 et
1954 898 2130 960 gratu-

558 999 788 1054 lationis.
836 994 1118 1061 Conﬁtebor
1143 991 1264 1055 tibi,
1317 989 1563 1052 Domine,
1609 988 1662 1040 in
1701 994 1802 1040 toto
1823 985 1972 1038 corde
1997 999 2126 1036 meo.

559 1093 749 1147 Totum
785 1104 878 1144 cor
914 1101 1090 1142 meum
1134 1086 1186 1138 in
1210 1097 1358 1138 aram
1384 1093 1488 1134 tute.
1514 1076 1862 1135 confessionis
1891 1076 2126 1145 impono,

547 1185 925 1240 holocaustum
970 1178 1139 1233 laudis
1188 1177 1280 1231 tibi
1325 1173 1512 1229 oll‘ero.
1568 1172 1947 1225 llolocaustum
1987 1166 2129 1221 enim

558 1275 751 1330 dicitur
772 1270 1086 1328 sacriﬁcium
1106 1266 1193 1322 ubi
1211 1274 1376 1320 totum
1404 1262 1702 1317 incenditur
1721 1279 1734 1314 :
1755 1273 1923 1330 grmce
1935 1257 2131 1327 quippe

515 1417 524 1425 .
555 1373 696 1432 ὓλον,
724 1365 888 1419 latine
919 1370 1084 1417 totum
1125 1359 1335 1414 dicitur.
1369 1356 1500 1410 Vide
1528 1351 1974 1424 quemadmodum
2010 1349 2133 1402 olfe-

560 1468 640 1512 rat
665 1455 1030 1519 holocaustum
1058 1448 1355 1522 spirituale,
1400 1446 1487 1516 qui
1519 1445 1686 1510 dicit,
1717 1440 2002 1510 Conﬁtebor
2024 1439 2129 1500 tibi,

553 1547 777 1602 Domine
797 1583 812 1608 ,
843 1545 893 1597 in
923 1551 1023 1596 toto
1053 1541 1199 1594 corde
1225 1555 1351 1592 meo.
1382 1537 1569 1591 Totum
1588 1575 1601 1599 ,
1626 1532 1813 1604 inquit,
1841 1546 1935 1585 cor
1957 1544 2133 1584 meum

564 1640 772 1693 tlamma
800 1637 873 1691 tui
901 1633 1096 1689 amoris
1131 1631 1385 1687 accendat
1413 1647 1426 1682 :
1463 1622 1594 1682 nihil
1619 1626 1671 1679 in
1696 1624 2134 1700 tneorelinquatur

564 1730 694 1785 mihi
717 1767 730 1794 ,
772 1743 870 1783 nec
894 1742 1001 1798 quo
1039 1725 1316 1793 respiciam
1346 1722 1409 1776 ad
1437 1721 1698 1790 meipsum
1724 1736 1738 1783 ;
1785 1716 1877 1771 sed
1909 1725 2048 1771 totus
2080 1715 2132 1768 in

568 1832 619 1876 te
647 1830 889 1884 testuem,
925 1826 1064 1872 totus
1092 1816 1144 1869 in
1177 1825 1224 1869 te
1253 1813 1486 1876 ardeam,
1521 1820 1660 1864 totus
1682 1808 1894 1877 diligam
1923 1816 1995 1873 to,
2025 1814 2134 1860 tan-

561 1926 718 1982 quam
749 1909 1100 1962 inﬂammatus
1125 1905 1218 1958 abs
1248 1912 1314 1957 te.
1344 1901 1626 1970 Conﬁtcbor
1654 1900 1772 1964 tibi,
1805 1897 2054 1961 Domine,
2082 1896 2134 1948 in

567 2011 669 2068 toto
698 2000 847 2054 corde
875 2011 1019 2061 meo;
1047 1996 1279 2067 quoniam
1307 1994 1491 2047 audisti
1516 1993 1664 2046 verba
1689 1992 1789 2044 oris
1819 1991 1932 2044 mei.
1963 1988 2132 2058 Cujus

565 2093 666 2147 oris
702 2092 826 2157 mei,
854 2089 953 2144 nisi
981 2087 1156 2142 cordis
1184 2085 1322 2141 mei?
1363 2086 1436 2138 lbi
1461 2084 1604 2138 enim
1642 2082 1898 2137 habemus
1928 2095 2130 2146 vocem,

562 2198 721 2253 quam
752 2183 887 2236 Deus
912 2177 1146 2242 exaudit,
1175 2192 1329 2246 quam
1357 2191 1574 2246 prorsus
1603 2174 1746 2228 auris
1774 2174 1998 2226 humana
2031 2186 2136 2226 non

564 2275 729 2331 novit.
765 2272 1073 2328 Clamabunt
1099 2279 1245 2326 certe
1273 2269 1359 2339 qui
1386 2269 1680 2324 Susannam
1711 2265 2050 2331 accusabant,
2085 2273 2138 2319 et

563 2365 629 2422 ad
651 2366 842 2425 coelum
871 2365 1054 2421 oculos
1081 2377 1186 2418 non
1216 2361 1460 2416 levabant
1485 2375 1498 2422 ;
1533 2359 1617 2412 illa
1642 2357 1862 2421 tacebat,
1897 2363 1951 2410 et
1977 2355 2138 2410 corde

523 2519 526 2522 ,
556 2455 865 2514 clamabat:
903 2454 1040 2508 unde
1085 2453 1170 2506 illa
1204 2451 1392 2506 meruit
1413 2448 1676 2510 exaudiri.
1706 2447 1827 2502 inde
1858 2446 1941 2501 isti
1968 2446 2137 2514 puniri

564 2546 725 2617 (Dan.
755 2547 893 2616 xui).
921 2546 1016 2599 Est
1041 2559 1168 2614 ergo
1194 2558 1254 2597 os
1279 2543 1446 2604 intus;
1475 2539 1548 2594 ibi
1581 2554 1856 2609 rogamus,
1890 2537 2013 2592 inde
2053 2553 2140 2592 ro-

563 2650 748 2706 gamus
782 2653 794 2690 :
828 2645 880 2688 et
923 2636 964 2688 si
995 2633 1280 2702 hOSpitium
1307 2631 1386 2684 vel
1425 2629 1640 2684 domum
1683 2629 1790 2683 Deo
1822 2627 2141 2698 praeparavi-

565 2741 717 2791 mus,
750 2726 818 2779 ibi
847 2725 1142 2793 loquimur,
1178 2723 1247 2777 ibi
1277 2721 1610 2776 exaudimur.
1644 2720 1756 2774 Non
1780 2721 1919 2774 enim
1947 2728 2028 2773 est
2053 2720 2140 2774 ille

567 2818 722 2888 longe
742 2816 809 2871 ab
835 2830 1149 2885 unoquoque
1170 2823 1408 2868 nostrum
1438 2813 1654 2881 positus,
1685 2811 1735 2864 in
1761 2826 1866 2880 quo
1894 2812 2136 2874 vivimus,

568 2919 844 2965 movemur
873 2917 924 2961 et
953 2919 1136 2960 sumus
1171 2905 1300 2977 (Act.
1332 2920 1440 2970 xvi,
1488 2903 1555 2957 27
1585 2913 1629 2956 et
1655 2901 1768 2970 28).
1825 2903 2002 2972 Longe
2034 2911 2085 2957 te
2110 2919 2138 2957 a

571 2994 679 3052 Deo
708 3013 811 3052 non
859 2998 1010 3060 facit,
1062 2997 1164 3051 nisi
1210 2996 1458 3064 iniquitas
1501 2995 1610 3050 sola
1647 3012 1657 3046 :
1690 2993 1861 3062 dejice
1907 2993 2138 3048 medium

567 3089 820 3158 parietem
853 3088 1070 3157 peccati,
1095 3097 1147 3142 et
1175 3103 1293 3142 cum
1325 3086 1413 3140 illo
1439 3101 1496 3140 es
1525 3101 1681 3154 quem
1705 3098 1884 3156 rogas.
1918 3085 2136 3154 Audisti,

566 3179 753 3247 inquit,
785 3178 930 3232 verba
952 3178 1052 3231 oris
1078 3177 1208 3240 mei;
1238 3176 1508 3244 conﬁtebor
1538 3167 1642 3227 tibi.

635 3273 689 3326 5.
719 3271 786 3324 Et
807 3287 975 3324 coram
1006 3270 1208 3339 Angelis
1235 3267 1448 3338 psallam
1474 3267 1578 3321 tibi.
1613 3267 1726 3322 Non
1757 3283 1935 3322 coram
1965 3267 2139 3321 ltom‘i-

518 3383 522 3388 ’
565 3361 718 3418 nibus
740 3363 980 3434 psallam,
1004 3361 1094 3416 sed
1121 3375 1297 3415 coram
1325 3359 1537 3429 Angelis
1563 3359 1802 3427 psallam.
1826 3358 2139 3412 Psalterium

566 3468 763 3517 meum,
795 3451 1040 3521 gaudium
1062 3465 1269 3504 meum:
1298 3449 1390 3503 sed
1418 3447 1662 3518 gaudium
1693 3463 1867 3502 meum
1899 3449 1966 3502 de
1997 3445 2133 3503 infe-

565 3541 826 3606 rioribus,
875 3555 1053 3594 coram
1090 3539 1390 3593 hominibus
1426 3547 1534 3602 est;
1585 3539 1830 3606 gaudium
1871 3553 2044 3592 meum
2075 3539 2140 3594 de

568 3631 930 3702 superioribus
953 3672 966 3696 ,
997 3644 1176 3684 coram
1199 3628 1414 3699 Angelis
1436 3637 1535 3682 est.
1568 3629 1681 3682 Non
1711 3630 1849 3682 enim
1874 3630 2015 3682 novit
2042 3629 2141 3683 im-

566 3727 681 3796 pius
710 3724 954 3796 gaudium
980 3724 1105 3794 justi
1139 3741 1152 3777 :
1189 3721 1306 3776 Non
1332 3731 1401 3776 est
1425 3721 1643 3792 gaudere
1668 3721 1854 3790 impiis,
1884 3721 2001 3773 dicit
2028 3721 2142 3775 Do-

566 3817 729 3869 minus
758 3814 906 3887 (lsoi.
936 3829 1127 3880 XLVIII,
1157 3813 1264 3878 22;
1297 3822 1342 3866 et
1374 3828 1471 3866 Lvu
1494 3853 1507 3877 ,
1538 3813 1649 3882 21).
1699 3811 1902 3867 Gaudet
1932 3813 2139 3882 iniquus

566 3907 616 3960 in
649 3907 838 3976 popina
873 3906 886 3936 ¹
912 3947 925 3967 ,
951 3904 1143 3975 gaudet
1169 3909 1368 3973 martyr
1394 3902 1447 3955 in
1477 3911 1680 3956 catena.
1715 3902 1990 3968 Quomodo
2014 3918 2140 3972 gau-

568 3997 728 4052 debat
766 4004 944 4050 saucta
977 3996 1071 4048 ista
1100 3993 1340 4061 Crispina
1367 3993 1514 4061 cujus
1541 3991 1696 4047 hodie
1720 3994 2027 4046 solemnitas
2053 4007 2141 4047 ce-

568 4091 798 4145 lebratur
831 4087 948 4162 (a)?
985 4087 1256 4143 Gaudebat
1287 4099 1404 4140 cmn
1431 4086 1734 4149 tenebatur,
1762 4100 1879 4138 eum
1908 4085 1971 4138 ad
1995 4085 2137 4154 judi-

567 4187 680 4235 ce‘m
723 4179 1048 4243 dutcbatur,
1096 4191 1214 4231 cum
1243 4177 1293 4229 in
1337 4190 1603 4230 carcerem
1649 4176 1984 4238 mittebatur,
2018 4187 2138 4230 cum

567 4269 723 4340 ligata
769 4268 1158 4338 producebatur
1183 4308 1195 4330 ,
1227 4281 1346 4319 cum
1376 4266 1426 4318 in
1457 4274 1654 4318 catasta
1681 4266 1952 4319 levabatur
1976 4306 1988 4328 ,
2019 4279 2137 4318 cum

566 4360 894 4423 audiebatur,
927 4373 1048 4412 cum
1076 4356 1460 4419 damnabatur;
1488 4355 1539 4408 in
1572 4355 1655 4408 his
1679 4355 1921 4408 omnibus
1947 4353 2141 4424 gaude—

567 4453 654 4508 bat
683 4469 697 4506 :
728 4461 780 4506 ct
807 4466 921 4504 eam
960 4449 1135 4504 miseri
1176 4449 1422 4502 miseram
1469 4447 1756 4518 putabant,
1811 4463 1927 4518 qua:
1962 4459 2138 4502 coram

568 4541 784 4611 Angelis
813 4539 1090 4610 gaudebat.

638 4633 688 4686 4.
737 4629 884 4703 [eers.
927 4628 1008 4702 2.]
1065 4629 1293 4684 Adorabo
1340 4630 1406 4682 ad
1452 4627 1691 4696 templum
1719 4637 1945 4680 sanctum
1979 4636 2138 4681 tuum.

567 4722 716 4791 Qttod
759 4722 1010 4792 templum
1057 4729 1293 4775 sanctum
1345 4717 1531 4773 tuum?
1575 4718 1672 4773 Ubi
1723 4717 2072 4772 habitabimus
2097 4722 2139 4785 ‘,

570 4814 655 4868 ubi
694 4811 1053 4867 adorabimus.
1102 4809 1376 4864 Currimus
1404 4808 1544 4862 enim
1569 4847 1583 4871 ,
1608 4815 1664 4860 ut
1684 4805 1983 4860 adoremus.
2013 4806 2144 4860 Gra-

571 4907 747 4961 vidum
776 4920 870 4960 cor
910 4913 1146 4959 nostrum
1193 4901 1449 4970 parturit,
1497 4907 1550 4953 et
1594 4897 1679 4952 ubi
1728 4898 1893 4966 pariat
1935 4898 2139 4966 quter'it.

568 4999 697 5064 Quis
723 5005 806 5053 est
831 4995 918 5051 ille
957 4995 1106 5049 locus
1134 4991 1222 5047 ubi
1248 4989 1546 5045 adorandus
1571 4998 1649 5043 est
1677 4989 1848 5042 Deus?
1874 4989 1963 5057 qui
1995 5001 2145 5042 tnun-
2203 4997 2206 5000 ·

567 5088 712 5143 dus?
744 5086 889 5158 quod
919 5081 1241 5139 :edilicium?
1266 5097 1382 5151 quae
1417 5080 1642 5149 denique
1669 5080 1822 5134 sedes
1853 5085 1903 5132 in
1931 5080 2068 5133 emlo
2093 5089 2148 5134 ct
2201 5100 2205 5103 ·

573 5181 708 5234 inter
733 5177 955 5234 stellas?
995 5175 1292 5242 Quterimus
1321 5173 1371 5226 in
1397 5170 1682 5239 Scripturis
1720 5169 1916 5223 sanctis
1937 5211 1949 5233 ,
1979 5178 2033 5224 et
2063 5169 2144 5222 in-
2207 5181 2216 5185 ·

571 5271 810 5326 venimus
838 5269 887 5323 in
921 5267 1092 5322 verbis
1113 5264 1394 5335 Sapientia:
1427 5281 1440 5316 :
1474 5261 1606 5331 Ego,
1654 5261 1842 5331 inquit,
1870 5277 2006 5314 eram
2035 5277 2146 5313 cum
2202 5257 2209 5289 τ

571 5366 693 5428 illo;
724 5381 814 5434 ego
840 5365 973 5415 erant
1005 5360 1071 5413 ad
1101 5370 1252 5427 quam
1291 5354 1608 5425 adgaudebat
1649 5353 1888 5424 quotidie.
1922 5352 1986 5405 Et
2023 5351 2148 5404 dicit

571 5473 729 5526 opeta
757 5456 870 5526 ejus
895 5497 909 5522 ,
955 5465 1006 5510 et
1037 5453 1254 5522 exponit
1298 5450 1450 5504 nobis
1489 5448 1672 5502 sedem
1700 5447 1880 5516 ipsius.
1936 5444 2147 5512 Quam?

637 5568 651 5600 ¹
682 5578 779 5616 Am.
803 5574 873 5616 Er.
903 5576 953 5616 et
978 5565 1141 5628 plures
1165 5553 1289 5622 uss,
1315 5561 1364 5610 in
1382 5565 1572 5624 pompa.

636 5633 656 5661 ¹
687 5628 870 5690 Aliquot
888 5627 1014 5687 Mss.,
1034 5627 1234 5676 habitas.
2083 5667 2085 5670 .

639 5714 710 5774 (a)
737 5718 781 5760 lu
810 5713 1026 5773 ejusdem
1053 5709 1427 5774 natali‘ltaluitus
1461 5713 1536 5756 est
1559 5717 1720 5755 sermo
1753 5704 1801 5752 in
1838 5700 1955 5751 l‘sal.
1979 5713 2071 5750 cxx
2097 5704 2148 5748 ut

583 5771 749 5828 Videre
774 5771 849 5825 esi
867 5787 1024 5836 supra,
1052 5772 1143 5821 col.
1173 5771 1305 5820 1603.

1781 314 1836 370 S.
1877 318 1912 368 Α
1925 309 2234 369 υϐυὸἹΊΝι
2275 307 2583 368 3³151101⁵1

3673 325 3814 380 1776

2239 435 2454 502 Quando
2496 437 2722 501 validas,
2777 437 2977 506 inquit,
3031 439 3240 506 faciebat
3297 439 3350 492 in
3391 456 3587 494 summo
3657 446 3819 498 nubes

2230 527 2431 589 quando
2455 527 2621 582 sedent
2649 544 2792 581 suam
2815 529 3106 599 segregabat
3127 547 3278 600 super
3301 543 3470 587 ventos
3491 532 3671 605 (Prov.
3699 551 3809 602 vui,

2233 619 2330 681 50,
2361 618 2427 672 9.7
2452 660 2466 685 ,
2494 619 2607 688 9.8).
2654 620 2817 674 Sedes
2857 631 3031 676 autem
3064 623 3177 692 ejus
3216 626 3469 692 templum
3512 626 3648 695 ejus.
3698 629 3819 694 Quo

2234 724 2360 778 ergo
2387 711 2620 765 ibimus?
2660 713 2830 782 Super
2865 724 3051 768 ventos
3077 715 3346 781 adoraturi
3386 724 3606 775 sumus?
3635 722 3692 778 Si
3725 738 3821 777 su-

2238 811 2328 866 per
2360 810 2544 853 venlos
2573 799 2823 856 adoratur
2844 845 2858 869 ,
2888 818 3012 857 aves
3051 819 3148 860 nos
3183 806 3417 862 vincunt.
3450 809 3504 864 Si
3532 820 3707 866 autem
3735 813 3820 867 iu-

2201 935 2203 938 .
2237 890 2532 958 telligamus
2561 903 2745 947 ventos
2770 894 2972 949 animas
2999 936 3013 961 ,
3062 896 3113 950 id
3144 907 3262 965 est,
3292 909 3570 956 ventorum
3601 905 3821 960 nomine

2235 981 2553 1051 signiﬁcatus
2581 985 2788 1040 animas
2809 1027 2822 1050 ,
2852 987 2988 1042 sicut
3013 989 3087 1043 ait
3116 990 3342 1058 quodam
3373 993 3490 1049 loco
3515 995 3814 1066 Scriptura,

2246 1070 2439 1126 Volat-it
2482 1091 2634 1144 super
2661 1093 2851 1145 pennas
2893 1088 3146 1133 ventorum
3178 1081 3353 1154 (Psal.
3378 1100 3519 1150 xvu,
3558 1087 3642 1158 ll)
3669 1106 3682 1151 ;
3715 1088 3821 1145 hoc

2211 1171 2347 1228 est,
2379 1179 2538 1232 super
2569 1165 2786 1220 virtutes
2827 1169 3122 1225 animarum
3149 1189 3163 1226 :
3191 1173 3330 1228 unde
3349 1183 3403 1229 et
3428 1174 3582 1232 ﬂatus
3611 1178 3708 1232 Dei
3731 1179 3816 1234 di-

2236 1256 2376 1325 citur
2397 1257 2568 1311 anima
2595 1258 2750 1330 (Gen.
2784 1277 2836 1324 ιι,
2874 1262 2925 1332 7)
2947 1304 2960 1327 ,
2993 1271 3238 1333 tanquam
3267 1276 3484 1334 ventus,
3511 1285 3617 1325 non
3642 1280 3696 1324 ut
3721 1273 3824 1328 iste

2237 1345 2554 1416 intelligatur
2584 1359 2772 1404 ventus
2797 1366 2902 1421 quo
2926 1367 3121 1422 corpus
3164 1357 3492 1425 propellente
3535 1362 3818 1425 sentimus,

2237 1437 2332 1492 sed
2355 1447 2410 1492 ut
2425 1439 2541 1508 ejus
2563 1442 2778 1496 nomine
2803 1441 3126 1512 signiﬁcetur
3145 1446 3340 1516 aliquid
3371 1449 3657 1516 invisibile,
3678 1453 3824 1520 quod

2239 1545 2409 1600 neque
2437 1531 2601 1585 oculis
2637 1533 2783 1587 cerni
2824 1542 2998 1603 potest
3023 1576 3038 1598 ,
3086 1551 3184 1590 nec
3219 1539 3401 1592 sentiri
3429 1540 3648 1594 auribus
3673 1584 3686 1608 ,
3723 1559 3824 1598 nec

2239 1623 2461 1678 odoratu
2488 1623 2606 1678 duci
2632 1666 2644 1688 ,
2686 1639 2782 1679 nec
2810 1625 2983 1694 palato
3011 1629 3209 1696 gustari
3234 1671 3248 1693 ,
3284 1645 3384 1684 nec
3412 1645 3570 1685 manu
3603 1645 3826 1688 contre-

2239 1715 2398 1779 ctari;
2447 1714 2590 1784 quod
2635 1724 2716 1769 est
2746 1716 2925 1785 utique
2967 1717 3071 1770 vita
3123 1718 3400 1788 quasdam,
3436 1737 3538 1791 qua
3568 1722 3820 1788 vivimus,

2240 1821 2357 1873 qua:
2408 1806 2580 1859 anima
2631 1806 2864 1860 dicitur:
2913 1807 2957 1861 si
3003 1807 3100 1862 hos
3143 1820 3330 1864 ventos
3379 1811 3819 1880 intellexerimus,

2242 1909 2345 1949 non
2390 1904 2470 1949 est
2512 1910 2676 1963 quare
2707 1912 3002 1966 quaeramus
3051 1913 3248 1966 pennas
3288 1900 3518 1955 visibiles
3546 1943 3560 1963 ,
3609 1911 3667 1956 ut
3700 1919 3824 1958 cum

2240 1985 2424 2039 avibus
2456 1987 2694 2041 volemus
2723 1986 2789 2042 ad
2818 1987 3146 2042 adorandum
3171 1989 3238 2044 ad
3269 1995 3522 2060 templum
3567 1994 3692 2060 Dei;
3727 1995 3824 2050 sed

2242 2094 2402 2147 super
2449 2094 2546 2136 nos
2599 2081 2742 2150 ipsos
2791 2081 3118 2137 inveniemus
3159 2082 3322 2137 Deum
3353 2083 3573 2152 sedere,
3629 2087 3673 2141 si
3709 2089 3826 2157 ejus

2244 2171 2569 2242 iidelcsesse
2597 2173 2940 2228 voluerimus.
2963 2173 3150 2229 Videte
3174 2176 3216 2230 si
3246 2176 3346 2232 hoc
3375 2192 3479 2233 non
3511 2188 3591 2233 est
3624 2199 3635 2233 :
3673 2180 3826 2235 Tem-

2242 2258 2379 2327 plum
2404 2256 2537 2312 enim
2574 2256 2671 2310 Dei
2704 2267 2929 2312 sanctum
2962 2269 3030 2311 est
3049 2299 3063 2325 ,
3096 2260 3168 2313 ait
3195 2261 3482 2330 Apostolus
3502 2305 3515 2330 ,
3547 2265 3681 2332 quod
3710 2266 3829 2318 estis

2243 2366 2327 2405 vos
2356 2349 2395 2421 (l
2425 2348 2542 2406 Cor.
2574 2366 2626 2404 ut
2653 2391 2667 2417 ,
2713 2352 2824 2422 17).
2865 2351 3022 2406 Certe
3055 2362 3226 2427 tamen
3254 2394 3266 2416 ,
3309 2355 3450 2424 quod
3487 2355 3829 2410 manifestum

2243 2450 2342 2504 est,
2377 2440 2427 2494 in
2459 2440 2674 2509 Angelis
2706 2440 2906 2496 habitat
2934 2441 3094 2497 Deus.
3125 2443 3264 2512 Ergo
3294 2459 3414 2498 cum
3445 2445 3692 2514 gaudium
3726 2463 3828 2500 uo-

2245 2541 2411 2587 strutn
2436 2532 2502 2587 de
2541 2531 2898 2602 spiritualibus
2939 2535 3132 2600 rebus,
3181 2551 3284 2590 non
3317 2537 3382 2592 de
3415 2539 3642 2593 terrenis
3673 2540 3829 2595 bouis

2244 2623 2745 2678 assumitcanticum
2769 2621 2898 2689 Deo,
2932 2633 2987 2678 ut
3009 2625 3197 2694 psallat
3225 2641 3403 2680 coram
3429 2630 3646 2698 Angelis
3671 2647 3684 2691 ;
3713 2630 3826 2698 ipsa

2245 2715 2583 2785 congregatio
2625 2716 2948 2784 AngelorUm
2988 2716 3242 2785 templum
3275 2717 3366 2771 Dei
3395 2728 3508 2784 est,
3542 2719 3825 2774 adorazuus

2245 2806 2311 2860 ad
2343 2807 2594 2876 templum
2627 2807 2737 2860 Dei.
2773 2806 3007 2862 Ecclesia
3039 2803 3290 2862 deorsum
3318 2852 3331 2875 ,
3367 2819 3417 2864 et
3445 2811 3682 2865 Ecclesia
3711 2827 3831 2865 sur-

2246 2912 2361 2951 sum
2391 2915 2402 2951 :
2433 2897 2669 2952 Ecclesia
2693 2897 2941 2952 deorsum
2971 2898 3020 2952 in
3061 2899 3307 2955 omnibus
3336 2900 3607 2965 lidelibus,
3646 2903 3831 2956 Eccle-

2245 2989 2320 3042 sia
2370 3004 2578 3044 sursnm
2627 2989 2677 3042 in
2717 2989 2962 3044 omnibus
3004 2990 3238 3061 Angelis.
3294 2990 3397 3046 Sed
3446 2990 3724 3046 descendit
3763 2993 3828 3046 ad

2248 3078 2536 3132 Eeelesiam
2566 3078 2813 3133 deorsum
2855 3079 3108 3133 Dominus
3149 3080 3469 3150 Angelorum
3497 3123 3512 3148 ,
3563 3093 3611 3136 et
3638 3082 3690 3136 ei
3716 3085 3826 3136 An-

2243 3171 2345 3241 geli
2375 3172 2423 3224 in
2453 3179 2592 3225 terra
2627 3172 3056 3226 ministraverunt
3078 3173 3397 3229 ministranti
3425 3175 3577 3229 nobis
3607 3175 3826 3244 (Matth.

2246 3280 2328 3329 tv,
2370 3263 2477 3334 ll).
2510 3263 2630 3318 Non
2656 3265 2787 3318 enim
2817 3265 2924 3319 veni
2948 3306 2962 3332 ,
2996 3265 3196 3336 inquit,
3230 3269 3526 3333 ministrari,
3557 3271 3646 3323 sed
3673 3270 3828 3325 mini-

2245 3367 2406 3411 strare
2434 3356 2542 3429 (Id.
2574 3373 2662 3424 xx,
2695 3357 2808 3429 28).
2839 3359 2972 3426 Quid
3000 3359 3152 3416 nobis
3174 3361 3524 3427 ministravit,
3555 3364 3656 3417 nisi
3682 3365 3826 3434 quod

2247 3447 2511 3517 hodieque
2552 3449 2935 3503 manducamus
2969 3451 2982 3480 ¹
3013 3459 3067 3504 et
3097 3451 3366 3506 bibimus?
3411 3452 3544 3507 (lum
3574 3469 3701 3524 ergo
3727 3457 3829 3508 Do-

2246 3541 2421 3594 minus
2452 3541 2774 3610 Angelorum
2823 3541 2976 3596 nobis
3023 3543 3374 3610 tuinistrarit,
3424 3561 3528 3598 non
3573 3546 3829 3616 despere-

2202 3690 2206 3700 ί
2247 3649 2364 3687 mus
2392 3647 2488 3686 nos
2515 3631 2722 3686 futuros
2751 3633 2983 3701 :equales
3014 3635 3249 3704 Angelis.
3292 3634 3455 3703 Major
3481 3637 3622 3690 enim
3651 3640 3830 3708 Ange-

2246 3724 2309 3779 lis
2351 3722 2626 3778 descendit
2669 3722 2734 3776 ad
2784 3723 3050 3777 hominem
3077 3765 3090 3788 ,
3139 3734 3191 3778 et
3235 3726 3455 3780 Crea'or
3501 3727 3826 3796 Angc'lorum

2245 3816 2475 3883 suscepit
2506 3815 2771 3869 hominem
2800 3857 2812 3880 ,
2846 3816 3099 3870 Dominus
3127 3819 3444 3889 Angelorutn
3477 3830 3718 3876 mortuus
3746 3834 3829 3877 cst

2246 3923 2343 3978 pro
2372 3907 2603 3961 homine.
2631 3907 2863 3961 Adorabo
2889 3923 3014 3978 ergo
3036 3907 3103 3961 ad
3128 3909 3369 3978 templum
3398 3922 3625 3964 sanctum
3653 3923 3829 3966 tuum:

2247 3999 2479 4068 intelligo
2511 3999 2760 4068 templum
2794 4008 2936 4052 tuutn
2967 4015 3070 4053 non
3102 4006 3263 4055 manu
3290 4000 3486 4055 factum
3511 4043 3524 4068 ,
3555 4003 3650 4057 sed
3682 4003 3827 4073 quod

2246 4099 2298 4144 tu
2326 4089 2491 4144 feciin
2521 4090 2631 4143 tibi.

2319 4183 2368 4236 5.
2411 4181 2474 4234 Et
2509 4182 2777 4249 conﬁtebor
2820 4183 3012 4236 nomini
3039 4191 3124 4236 tuo
3152 4225 3166 4247 ,
3215 4183 3268 4237 in
3297 4185 3640 4238 misericordia
3673 4196 3757 4239 tua
3784 4196 3832 4240 et

2247 4275 2451 4327 veritate
2487 4284 2592 4326 tua.
2641 4273 2696 4326 ln
2724 4272 2929 4328 duobus
2958 4275 3068 4329 istis
3095 4277 3413 4337 conlitemur
3446 4295 3456 4327 :
3499 4277 3576 4332 sic
3603 4279 3746 4332 enim
3775 4289 3830 4332 et

2249 4364 2298 4417 iu
2330 4365 2435 4418 alio
2465 4356 2668 4434 psalmo
2715 4365 2906 4432 legitur
2925 4409 2938 4432 ,
2991 4365 3249 4420 Universa:
3274 4367 3367 4421 via:
3393 4367 3599 4421 Domini
3629 4371 3828 4422 miscri-

2246 4455 2417 4507 cordia
2442 4464 2488 4509 et
2518 4456 2695 4510 veritas
2727 4455 2895 4528 (Psal.
2927 4473 3076 4523 XXIV,
3107 4457 3217 4528 10).
3247 4457 3302 4512 In
3323 4458 3530 4512 duobus
3559 4461 3670 4512 istis
3702 4475 3831 4513 eoa-

2249 4546 2456 4604 litetnur
2481 4567 2494 4615 ;
2522 4552 2572 4603 in
2607 4560 2693 4604 tua
2718 4552 3080 4620 misericordia,
3112 4564 3158 4606 et
3187 4553 3237 4607 in
3261 4562 3345 4608 tua
3373 4556 3598 4610 ueritate.
3625 4556 3833 4611 Miseri-

2249 4642 2424 4695 cordia
2461 4651 2787 4710 pcccalorem
2816 4643 3094 4712 re~pexisti
3120 4684 3134 4709 ,
3166 4647 3390 4700 veritate
3417 4635 3827 4715 [ιι-υιιιὶεςὶοηθιη

2250 4731 2544 4789 reddidisti.
2572 4725 2636 4788 In
2665 4745 2750 4789 tua
2780 4751 2907 4804 ergo
2935 4738 3274 4790 misericordia
3304 4749 3348 4792 et
3371 4740 3576 4792 veritate
3599 4743 3826 4793 coutizc-

2249 4825 2345 4882 bor
2374 4821 2484 4882 tibi.
2520 4829 2622 4882 llas
2646 4829 2802 4884 etiam
2825 4844 2924 4899 ego
2955 4845 3048 4899 pro
3073 4830 3206 4884 meis
3233 4831 3430 4884 viribus
3462 4831 3625 4884 reddo
3647 4873 3662 4894 ,
3697 4847 3829 4899 quas

2252 4911 2377 4974 mihi
2432 4911 2674 4987 donasti,
2728 4920 2927 4974 iaciens
2960 4922 3374 4976 misericordiam
3414 4931 3467 4975 et
3505 4923 3824 4986 veritatem;

2253 5012 2666 5066 llllSCl'lCttrtllﬂm
2715 5012 2768 5066 in
2822 5014 3204 5079 Subvenicndo,
3255 5014 3528 5068 veritatem
3580 5013 3632 5067 in
3684 5007 3826 5083 judi-

2249 5103 2438 5158 eaudo.
2473 5104 2563 5157 llis
2588 5102 2896 5173 adjuvamur
2913 5120 2939 5156 a
2969 5104 3074 5158 Deo
3095 5145 3109 5170 ,
3139 5103 3220 5156 his
3247 5119 3613 5172 promeremur
3635 5104 3823 5158 Deum.

2251 5197 2434 5252 Merito
2471 5211 2597 5265 ergo
2644 5196 2985 5249 misericordia
3022 5206 3068 5249 et
3109 5197 3288 5249 veritas
3327 5197 3572 5249 universa?
3602 5197 3697 5249 via:
3724 5193 3828 5249 Do-

2252 5288 2394 5340 mini.
2449 5286 2562 5339 Non
2612 5294 2733 5339 sunt
2773 5286 2889 5339 alite
2920 5288 3051 5350 vim,
3096 5280 3286 5354 quibus
3325 5285 3388 5338 ad
3436 5302 3532 5340 nos
3558 5288 3737 5340 veniat
3765 5280 3822 5350 ’ς

2252 5393 2352 5431 non
2382 5386 2503 5431 sunt
2532 5377 2647 5430 alite
2672 5377 2768 5430 vite
2792 5417 2807 5442 ,
2839 5369 3025 5444 quibus
3049 5375 3112 5429 ad
3143 5376 3285 5429 illum
3317 5376 3611 5431 veniamus.

2322 5469 2374 5523 6.
2409 5469 2659 5534 Quoniam
2683 5467 3014 5536 magni/icasti
3035 5483 3184 5537 super
3214 5484 3376 5533 omne,
3398 5485 3578 5521 nomen
3600 5477 3824 5521 sanctum

2253 5570 2410 5614 tuum.
2460 5559 2639 5626 Qualis
2680 5560 2779 5612 ista
2828 5557 3144 5627 gratulatio,
3198 5557 3427 5614 fratres?
3477 5557 3827 5630 Magnificnit

2317 5697 2332 5724 ί
2359 5701 2478 5740 Tres
2496 5699 2620 5745 “53.,
2646 5691 3050 5740 mundt'czirint‘m.

2318 5759 2334 5785 τ
2362 5766 2456 5803 am.
2488 5763 2536 5803 et
2561 5753 2738 5815 aliquot
2765 5762 2889 5814 Mss,
2916 5754 3051 5804 tentt.
