4074 6504
312 391 450 446 1777
467 419 470 422 -

305 519 504 560 nomcn
526 517 682 559 suum
707 509 947 558 sanctum
975 515 1134 572 super
1161 501 1449 556 Abraham.
1482 499 1718 556 Credidit
1745 497 1886 553 enim

303 596 576 652 Abraham
628 596 774 659 Deo,
828 605 882 649 et
923 595 1234 664 deputatum
1275 601 1357 648 est
1410 593 1480 646 illi
1523 591 1588 646 ad
1631 590 1888 660 justitiam

304 688 459 758 (Cen.
489 702 582 752 xv,
609 686 678 748 ὓς
711 686 857 740 Rom.
891 701 963 750 tv,
993 683 1067 757 5).
1095 683 1316 738 Cauerae
1343 696 1532 738 omnes
1559 690 1744 750 gemes
1773 679 1888 734 ido-

303 783 370 836 lis
401 779 776 843 inuuolabant,
810 778 1142 833 diemo'nibus
1167 775 1486 832 serviebant.
1517 775 1679 828 Natus
1717 783 1798 829 est
1825 789 1887 827 ex

307 873 577 928 Abraham
609 871 786 930 Isaac:
817 868 1183 940 magnificatus
1211 878 1292 924 est
1316 883 1476 939 super
1502 868 1645 922 illam
1673 866 1888 921 domum

303 969 448 1022 licus
478 983 490 1019 :
522 965 646 1020 inde
673 964 872 1031 Jacob;
922 962 1286 1035 magnificatus
1313 971 1394 1016 est
1421 963 1560 1016 Deus
1582 1003 1594 1026 ,
1623 960 1712 1030 qui
1739 960 1887 1025 dicit,

303 1063 420 1130 Ego
447 1079 558 1117 sum
587 1062 726 1117 Deus
747 1062 1002 1115 Abraham
1022 1103 1037 1125 ,
1069 1069 1112 1114 et
1145 1059 1280 1114 Deus
1311 1057 1480 1124 Isaac,
1505 1065 1552 1111 et
1571 1055 1707 1111 Deus
1732 1054 1906 1109 Jacob-

299 1157 320 1222 (_
335 1155 500 1209 Exod.
529 1171 606 1221 nt,
635 1155 689 1224 6)
724 1173 736 1207 :
769 1152 890 1207 inde
909 1153 1184 1208 duodecim
1210 1151 1320 1214 filii,
1341 1150 1462 1205 inde
1491 1148 1715 1220 pupulas
1733 1146 1892 1201 Israel

301 1247 562 1301 liberatus
597 1247 664 1301 ab
686 1244 939 1316 Egypto,
964 1243 1152 1300 ductus
1177 1259 1272 1314 per
1294 1257 1438 1298 mare
1461 1241 1716 1306 Rubrum,
1739 1251 1910 1295 exer-'

299 1341 498 1394 citatus
533 1339 584 1393 in
617 1353 800 1394 eremo
822 1381 836 1404 ,
881 1339 1067 1408 ejectis
1105 1335 1366 1392 Gentibus
1395 1336 1447 1390 iu
1491 1342 1630 1389 terra
1661 1333 1890 1404 promis-

302 1431 472 1486 sionis
499 1431 790 1485 collocatus
816 1439 918 1485 est.
945 1427 1332 1499 Magnificatum
1361 1435 1442 1481 est
1467 1439 1660 1480 nomen
1685 1423 1890 1478 Domini

299 1538 464 1591 super
493 1521 675 1576 lsrael.
717 1521 820 1577 Sed
853 1521 976 1576 inde
1002 1529 1055 1575 et
1081 1521 1227 1590 virgo
1249 1518 1409 1574 Maria
1433 1559 1447 1582 ,
1477 1516 1605 1571 inde
1634 1515 1890 1571 Dominus

300 1613 546 1668 Christus
566 1655 582 1681 ,
610 1621 850 1668 mortuus
890 1621 1108 1682 propter
1129 1621 1343 1680 peccata
1377 1615 1576 1675 nostra,
1609 1621 1891 1677 resurgens

301 1713 520 1774 propter
561 1704 996 1774 justificationcm
1025 1711 1258 1757 nostram
1302 1701 1474 1774 (Rom.
1517 1717 1568 1754 IV
1589 1742 1602 1764 ,
1633 1699 1727 1769 25)
1749 1741 1762 1764 ,
1793 1698 1910 1752 int--

297 1800 452 1868 piens
494 1797 674 1852 fideles
703 1796 903 1866 Spiritu
946 1803 1166 1861 sancte,
1215 1794 1436 1849 mittens
1476 1790 1752 1861 praedicari
1799 1805 1892 1859 per

297 1901 504 1959 gentes,
537 1889 679 1960 Agite
711 1887 1069 1954 poettitentiam,
1098 1883 1516 1956 appropinquavit
1533 1881 1662 1936 enim
1679 1897 1910 1951 regnum-

297 1981 539 2034 caelorum
589 1977 796 2050 (Matth.
827 1993 882 2032 tu
907 2021 922 2042 ,
953 1977 1012 2048 2)
1043 1994 1056 2029 :
1085 1985 1139 2030 et
1164 1990 1290 2032 ecce
1331 1972 1690 2044 magnificavit
1729 1985 1908 2042 super.

1907 2089 1910 2094 ·
1995 2079 2050 2124 ιιι
2103 2071 2542 2126 obliviscerentur
2586 2073 2725 2142 quod
2771 2082 3018 2142 parentes
3065 2081 3275 2140 essent,
3327 2073 3582 2142 omnique

297 2086 478 2136 omne,
506 2085 700 2124 nomen
731 2077 971 2124 sanctum
1003 2082 1176 2123 suum.

371 2166 422 2218 7.
455 2163 605 2236 [νει-ε.
638 2161 716 2234 5.]
762 2161 828 2215 In
868 2175 1178 2231 quacumque
1217 2159 1298 2213 die
1336 2158 1632 2212 invocavero
1668 2163 1748 2221 te,
1787 2155 1890 2207 cito

295 2255 482 2309 exaudi
503 2271 596 2309 me.
621 2253 817 2321 Quare,
837 2253 932 2306 cito
948 2253 972 2305 ἵ)
991 2251 1123 2320 Quia
1149 2260 1200 2304 tu
1227 2249 1434 2312 dixisti,
1462 2247 1640 2301 Adhuc
1661 2246 1889 2317 loquente

296 2359 344 2402 te
372 2348 565 2412 dicant,
607 2347 736 2400 Ecce
773 2345 952 2400 adsum
981 2343 1134 2415 (Isai.
1171 2359 1292 2397 Lvm
1316 2383 1329 2406 ,
1360 2341 1439 2412 9).
1493 2339 1669 2407 Quare
1691 2380 1704 2406 ,
1750 2339 1890 2393 cito?

294 2438 432 2506 Quia
478 2439 584 2507 jam
613 2451 720 2492 non
757 2445 878 2506 peto
905 2436 1211 2491 felicitatem
1239 2443 1504 2488 terrenam
1527 2473 1541 2496 ,
1570 2431 1728 2487 didici
1761 2447 1886 2485 san-

291 2540 438 2587 ctum
466 2530 786 2586 desiderium
813 2529 879 2585 de
905 2545 1043 2584 novo
1073 2535 1414 2584 testamento.
1457 2526 1572 2581 Non
1616 2534 1742 2594 peto
1769 2532 1880 2578 ter-

290 2637 440 2688 ram,
487 2637 594 2677 non
621 2621 998 2677 fecunditatem
1024 2619 1292 2674 carnalem
1313 2659 1328 2685 ,
1358 2632 1463 2672 non
1494 2616 1718 2671 salutem
1747 2621 1880 2668 tem-

291 2713 555 2782 poralem,
579 2725 684 2766 non
703 2711 1036 2766 inimicorum
1057 2709 1440 2778 subjectionem
1464 2749 1479 2774 ,
1508 2721 1615 2761 non
1645 2705 1876 2768 divitias,

292 2818 401 2858 non
429 2804 697 2868 honores;
731 2801 862 2857 nihil
892 2801 1082 2856 horum
1114 2807 1237 2871 pcto
1269 2817 1282 2854 :
1313 2797 1434 2853 ideo
1458 2798 1558 2851 cito
1576 2796 1761 2852 exaudi
1781 2811 1878 2848 me.

289 2899 424 2966 Quia
471 2883 697 2952 docuisti
739 2895 864 2966 quid
907 2903 1084 2966 petam
1110 2936 1126 2962 ,
1173 2892 1240 2948 da
1277 2891 1419 2962 quod
1446 2898 1589 2961 peto.
1634 2889 1882 2943 Dicamus

291 2993 417 3048 huic
451 2991 614 3046 :Tale
643 2989 840 3060 aliquid
882 2987 1052 3058 petis?
1092 2985 1386 3042 Audiamus
1411 2997 1530 3048 nos,
1564 2989 1914 3048 eructetpcv

289 3085 531 3148 titionem
555 3098 702 3138 suam
725 3123 740 3147 ,
771 3089 825 3136 et
849 3079 1123 3136 videamus
1150 3076 1274 3148 quid
1307 3085 1487 3146 petat;
1520 3081 1575 3128 et
1613 3073 1880 3127 discamus

289 3192 384 3246 per
411 3191 534 3230 eum
575 3183 756 3245 petere
780 3214 794 3239 ,
823 3179 881 3226 ut
905 3185 1208 3226 mereamur
1234 3167 1500 3237 accipere.
1548 3164 1784 3218 Veneras
1811 3159 1879 3214 ad

287 3267 581 3322 Ecclesium
609 3307 622 3332 ,
654 3263 838 3319 nescio
889 3261 1013 3333 quid
1042 3259 1200 3314 hodie
1237 3259 1498 3330 petiturus
1520 3297 1533 3323 ,
1561 3255 1696 3323 Quid
1729 3261 1880 3323 puta-

287 3371 407 3412 mus
434 3369 656 3412 veneras
687 3353 990 3424 petiturus?
1033 3351 1273 3406 Veneras
1305 3363 1426 3405 eum
1457 3347 1724 3404 desiderio
1763 3353 1876 3411 tuo,

287 3447 472 3503 nescio
509 3461 614 3518 quo
635 3489 650 3515 ,
691 3447 892 3500 utinam
925 3443 1232 3508 innocenti,
1264 3440 1366 3496 etsi
1403 3439 1622 3494 carnali.
1651 3435 1756 3493 Sed
1787 3451 1876 3491 re-

285 3557 444 3598 move
471 3541 798 3612 iniquitatcm
827 3581 840 3606 ,
869 3553 1083 3593 remove
1107 3535 1470 3590 carnalitatem
1503 3549 1518 3598 ;
1565 3531 1712 3587 disce
1751 3529 1874 3600 qttid

285 3641 458 3702 petas,
492 3631 616 3702 quid
647 3629 805 3686 hodie
833 3627 1068 3684 celebres
1089 3625 1325 3681 attende.
1352 3621 1656 3678 Natalitium
1674 3629 1874 3676 sanctae

285 3733 340 3779 et
375 3725 545 3780 beata:
587 3721 794 3776 femina:
835 3719 1098 3785 celebras,
1143 3725 1196 3771 et
1222 3715 1357 3770 forte
1384 3714 1686 3770 felicitatem
1719 3714 1732 3744 ¹
1764 3721 1872 3766 ter—

283 3830 468 3870 renam
510 3813 804 3868 desideras.
859 3809 947 3864 llla
987 3817 1207 3877 propter
1249 3804 1578 3860 desiderium
1627 3811 1872 3858 sanctum

282 3907 484 3962 dimisit
533 3905 837 3960 felicitatem
886 3915 1045 3970 quam
1077 3897 1308 3953 habebat
1347 3900 1400 3951 in
1442 3905 1618 3961 terra;
1673 3895 1876 3950 dimisit
1924 3967 1928 3972 μ

281 4003 421 4064 filios
449 4001 635 4056 flentes
679 4008 733 4053 et
763 4007 1008 4067 tanquam
1045 3983 1314 4051 crudelem
1355 4001 1580 4047 matrem
1607 3991 1872 4057 dolentes,

280 4093 403 4160 quia
431 4091 580 4144 velut
607 4087 908 4157 perdiderat
937 4087 1224 4140 humanam
1263 4082 1683 4138 misericordiam
1705 4122 1720 4148 ,
1752 4095 1872 4150 qua:

277 4182 344 4234 ad
391 4179 622 4234 divinam
660 4177 942 4232 festinabat
991 4189 1267 4232 coronam.
1323 4173 1604 4230 Nesciebat
1627 4185 1754 4226 vero
1781 4171 1870 4224 illa

280 4269 406 4340 quid
450 4267 828 4344 desideraret,
863 4265 988 4338 quid
1029 4265 1306 4321 calcaret?
1354 4263 1470 4318 lmo’
1493 4277 1620 4318 vero
1650 4269 1872 4317 noverat

281 4360 510 4431 psallere
559 4373 738 4414 coram
784 4357 1000 4428 Angelis
1045 4357 1178 4422 Dei,
1230 4369 1522 4424 eorumque
1563 4353 1870 4408 desiderare

281 4445 628 4516 consortium,
671 4449 955 4504 amicitiam
999 4455 1238 4502 sanctam
1270 4455 1324 4501 et
1352 4461 1536 4515 puram
1563 4485 1578 4510 ,
1609 4445 1700 4500 ubi
1729 4443 1866 4498 ulte-

281 4543 392 4597 rius
423 4556 528 4596 non
570 4545 868 4595 moreretur
889 4580 902 4604 ,
939 4538 1026 4593 ubi
1065 4537 1296 4608 judicem
1329 4545 1512 4591 nosset
1537 4535 1674 4605 apud
1706 4550 1864 4605 quem

283 4650 388 4688 non
411 4633 593 4688 valere
623 4639 804 4702 posset
829 4629 1184 4686 mendacium.
1221 4627 1356 4696 Quid
1386 4629 1544 4698 ergo?
1575 4629 1625 4682 in
1649 4627 1738 4682 illa
1761 4628 1866 4682 vita

279 4724 430 4798 nulla
461 4730 586 4787 sunt
617 4722 796 4776 bona?
841 4721 952 4776 imo
981 4734 1108 4776 vero
1150 4720 1222 4775 ibi
1253 4719 1363 4774 sola
1397 4727 1521 4774 sunt
1548 4720 1682 4774 bona
1709 4762 1724 4784 ,
1757 4734 1864 4774 non

279 4815 438 4870 malis
481 4815 652 4870 mixta
687 4814 866 4879 bona;
914 4813 1226 4868 securitates
1255 4814 1276 4844 '
1320 4813 1372 4866 iu
1415 4812 1606 4882 quibus
1633 4811 1868 4882 gaudeas

276 4915 534 4977 quantum
560 4907 640 4959 vis
665 4948 678 4972 ,
712 4915 766 4960 et
805 4919 963 4960 nemo
988 4905 1129 4958 dicat
1159 4903 1292 4967 tibi,
1339 4901 1597 4971 Tempora
1645 4910 1716 4958 te.
1773 4903 1868 4956 [lic

275 5009 458 5052 autem
505 4997 570 5051 dc
616 4997 769 5052 bonis
818 4995 1043 5051 terrenis
1087 4993 1321 5065 gaudere
1359 4995 1642 5048 molestum
1666 5003 1779 5060 est,
1811 5003 1866 5048 et

275 5089 634 5160 periculosum
689 5087 877 5153 nimis;
933 5103 1002 5141 ne
1045 5087 1122 5141 sic
1163 5087 1393 5156 gaudeas
1435 5095 1496 5139 ut
1537 5085 1769 5150 h:rreas,
1813 5094 1868 5140 et

277 5179 562 5250 gaudendo
583 5179 720 5234 male
750 5192 938 5249 pereas
965 5178 1004 5232 ³.
1055 5177 1188 5231 Nam
1216 5177 1357 5232 unde
1383 5177 1523 5231 Deus
1559 5177 1746 5232 miscet
1775 5178 1868 5231 tri-

277 5273 586 5326 bulationcs
614 5269 818 5340 gaudiis
843 5269 1088 5336 terrenis,
1119 5269 1220 5324 nisi
1243 5279 1299 5323 ut
1328 5269 1721 5324 tribulationem
1752 5285 1866 5324 sen-

278 5364 474 5417 tientes
501 5369 554 5416 et
577 5361 981 5424 amaritudinem
1007 5403 1021 5428 ,
1065 5361 1342 5422 discamus,
1359 5371 1612 5416 aeternam
1649 5361 1862 5418 deside-

273 5468 400 5508 rare
426 5452 794 5508 dulcedinem?

343 5610 362 5640 ¹
391 5608 582 5672 Aliquot
603 5615 734 5666 Mss,
755 5605 1090 5672 celebritatem.

343 5673 363 5732 1
399 5665 624 5732 Pici-ique
665 5665 794 5729 uss,
835 5681 926 5718 non
948 5667 1088 5717 mulis
1128 5666 1282 5716 mixta
1307 5679 1322 5716 :
1349 5667 1469 5717 bona
1504 5665 1786 5728 seturitatis,
1813 5665 1862 5715 in

279 5731 469 5796 quibus,
497 5731 592 5782 etc.

580 5768 754 5856 'plures
777 5799 902 5854 Mss,
922 5789 1121 5842 Iurrcas.
1140 5797 1278 5840 t‘ortc
1297 5789 1416 5852 leg,
1434 5797 1476 5838 ct
1495 5789 1721 5842 liff’l't’lldtl
1739 5797 1862 5858 male
1915 5765 1929 5778 ο

277 5869 466 5918 picturis.

1341 385 1736 442 ENARRATIO
1773 385 1836 440 ΙΝ
1879 385 2198 445 ΡΞᾹΙιΜυΜ
2237 389 2541 448 CXXXVII.

3449 401 3582 456 1⁸1⁵78

2069 501 2119 555 8.
2162 501 2298 571 Quid
2327 520 2452 576 ergo
2481 505 2608 576 petit
2631 548 2643 572 ,
2677 507 2951 565 videamus
2975 525 2989 575 ;
3019 523 3124 580 quo
3153 509 3344 566 merito
3366 483 3580 580 dixerit,

1999 593 2108 649 Cito
2129 597 2315 650 exaudi
2336 615 2432 652 me.
2461 597 2597 666 Quid
2625 601 2764 656 enim
2795 591 2928 671 petis
2953 643 2966 667 ,
2998 611 3056 656 ut
3103 603 3210 657 cito
3237 604 3584 660 exaudiaris?

2001 686 2368 758 Multiplicabis
2391 707 2486 746 me.
2531 691 2708 748 Multis
2749 695 2918 750 modis
2953 695 3324 766 multiplicatio
3361 697 3580 768 intelligi

1998 785 2193 847 potest.
2229 779 2323 836 Est
2351 783 2717 852 multiplicatio
2739 795 2962 841 terrenae
2985 786 3364 857 generationis,
3383 801 3580 843 secun-

2000 871 2124 924 dum
2167 873 2390 941 primam
2435 884 2638 931 natura:
2681 885 2876 932 nostra:
2917 877 3340 934 benedictionem
3365 921 3382 946 ,
3421 892 3582 949 quam

1999 963 2298 1017 audivimus
2327 981 2339 1017 :
2371 965 2620 1032 Crescite,
2653 977 2699 1020 et
2727 966 3154 1038 multiplicamini,
3183 978 3228 1022 et
3251 968 3454 1039 implete
3481 979 3582 1022 ter-

1997 1069 2108 1105 ram
2131 1093 2144 1119 ,
2174 1061 2220 1136 et
2250 1053 2576 1110 dominamini
2607 1058 2716 1128 ejus
2743 1056 2892 1132 (Gen.
2917 1074 2952 1122 ι,
2971 1055 3086 1129 28).
3115 1059 3274 1114 Sicne
3317 1059 3405 1114 ille
3433 1055 3580 1114 vole-

2001 1144 2090 1198 bat
2134 1145 2516 1215 multiplicari,
2565 1149 2654 1218 qui
2702 1149 2948 1214 dicebat,
2985 1148 3096 1204 Cito
3137 1149 3324 1204 exaudi
3361 1150 3488 1205 me?
3515 1149 3584 1206 Et

2000 1239 2098 1292 ista
2141 1238 2297 1308 plane
2341 1240 2714 1308 multiplicatio
2748 1241 3020 1297 fructuosa
3068 1251 3183 1306 est,
3217 1249 3270 1298 et
3299 1257 3406 1297 non
3431 1242 3582 1298 venit

1999 1329 2100 1383 nisi
2121 1329 2187 1384 de
2211 1329 2580 1386 benedictione
2611 1331 2839 1386 Domini.
2868 1333 2983 1388 iam
3015 1331 3140 1402 quid
3167 1332 3348 1388 dicam
3367 1332 3436 1388 de
3460 1331 3580 1388 aliis

1999 1423 2566 1494 multiplicationibus?
2591 1423 2964 1495 Multiplicatus
2987 1425 3180 1479 est-ille
3197 1437 3350 1490 auro,
3377 1422 3468 1480 ille
3494 1437 3582 1478 ar-
3671 1477 3676 1480 _

1999 1525 2162 1586 gente
2189 1559 2204 1584 ,
2238 1517 2326 1572 ille
2355 1532 2548 1586 pecore
2570 1558 2582 1580 ,
2614 1517 2704 1571 ille
2735 1517 2927 1572 familia
2955 1559 2968 1584 ,
3000 1518 3092 1572 ille
3129 1516 3576 1588 possessionibus,

1997 1609 2087 1663 ille
2145 1609 2224 1664 his
2283 1609 2550 1665 omnibus.
2591 1610 2767 1665 Multa:
2817 1619 2942 1664 sunt
2983 1625 3207 1666 terrena:
3259 1609 3580 1680 multiplica-

1998 1704 2206 1769 tiones;
2240 1703 2442 1759 ielicior
2467 1715 2641 1760 autem
2681 1705 2911 1760 ﬁliorum
2947 1724 2959 1758 :
2991 1721 3292 1775 quanquam
3343 1706 3576 1762 homini-

1995 1797 2092 1852 bes
2118 1797 2290 1850 avaris
2319 1797 2479 1851 etiam
2513 1798 2622 1867 ipsa
2653 1797 2951 1852 fecunditas
2982 1799 3200 1852 molesta
3232 1807 3330 1854 est.
3365 1800 3578 1854 Timent

1993 1891 2134 1943 enim
2163 1905 2228 1944 ne
2245 1905 2504 1960 pauper-es
2531 1891 2915 1958 relinquantur,
2935 1891 3023 1960 qui
3045 1889 3193 1944 multi
3209 1890 3360 1944 'nasci
3385 1897 3575 1960 potue»

1995 1990 2133 2033 runt.
2161 1981 2290 2048 Qua:
2320 1981 2620 2036 sollicitudo
2642 1982 2922 2052 plerosque
2942 1982 3005 2036 ad
3035 1981 3360 2052 impietatem
3383 1979 3575 2051 coegit,

1997 2165 2342 2218 humanitatis
2399 2163 2594 2219 affectu
2667 2165 2985 2234 cxspoliati,
3037 2173 3370 2235 exponerent
3439 2166 3576 2220 filios

1993 2269 2137 2322 suos,
2166 2265 2220 2309 ut
2249 2270 2342 2310 eos
2369 2255 2604 2311 facerent
2633 2257 2868 2322 alienos;
2899 2257 3186 2326 projiceret
3208 2271 3324 2326 quae
3351 2257 3570 2325 peperit,

1993 2343 2270 2416 colligeret
2289 2361 2407 2417 qua:
2437 2362 2543 2400 non
2576 2347 2777 2416 peperit
2805 2363 2817 2411 ;
2849 2346 2933 2400 illa
2956 2355 3345 2412 contemneret,
3369 2346 3458 2400 illa
3487 2345 3574 2400 di-

1993 2439 2216 2508 ligeret;
2249 2439 2335 2493 illa
2377 2437 2572 2493 frustra
2615 2447 2788 2493 mater
2812 2453 3012 2505 carne,
3043 2439 3128 2492 illa
3167 2438 3342 2492 verior
3382 2438 3574 2492 volun-

1993 2539 2118 2585 tate.
2141 2531 2273 2586 Cum
2301 2545 2428 2600 ergo
2457 2533 2564 2584 sint
2591 2531 2770 2585 multa:
2808 2531 3295 2600 multiplicationes,
3325 2539 3380 2586 et
3407 2530 3572 2584 multa

1990 2635 2182 2690 genera
2255 2620 2792 2689 multiplicationum,
2847 2635 3004 2690 quam
3077 2620 3574 2690 multiplicationem

1991 2713 2179 2782 quierit
2216 2713 2306 2782 qui
2339 2711 2509 2776 dixit,
2541 2711 2651 2766 Cito
2679 2713 2866 2766 exaudi
2895 2714 3014 2766 me?
3042 2713 3130 2768 Ait
3171 2713 3312 2768 enim
3337 2753 3352 2778 ,
3390 2711 3571 2766 Multi-

1988 2803 2198 2873 pticabis
2247 2819 2343 2857 me.
2397 2804 2784 2872 Exspectamus
2833 2801 3020 2858 audire
3074 2804 3126 2857 in
3177 2803 3390 2873 quibus.
3436 2803 3574 2860 Audi

1988 2909 2114 2963 ergo
2147 2913 2158 2946 :
2195 2892 2258 2946 In
2283 2895 2454 2946 anima
2475 2909 2605 2946 mea.
2626 2893 2742 2947 Non
2771 2894 2824 2948 in
2850 2908 3010 2948 carne
3031 2909 3168 2958 mea,
3191 2893 3287 2946 ‘sed
3315 2893 3368 2948 in
3405 2894 3577 2946 anima

1988 3001 2098 3039 utea
2131 3001 2150 3038 .'
2177 2985 2546 3055 Multiplicabis
2585 3001 2664 3038 me
2701 2985 2754 3037 in
2794 2985 2966 3038 anima
3015 3001 3146 3038 utea.
3194 2985 3360 3040 Estne
3401 2984 3578 3040 adhuc

1987 3077 2127 3149 quod
2158 3077 2406 3142 addatur,
2436 3092 2504 3132 ne
2543 3076 2680 3133 forte
2701 3085 2754 3132 et
2779 3076 3150 3146 multiplicatio
3180 3075 3232 3130 in
3257 3075 3433 3134 anima
3465 3089 3580 3136 non

1985 3173 2240 3227 continuo
2267 3171 2576 3226 felicitatem
2607 3169 2909 3240 significet?
2935 3169 3146 3224 Etenim
3175 3168 3317 3224 curis
3343 3169 3360 3200 ⁸
3393 3169 3588 3223 homi-.

1985 3281 2082 3320 nes
2106 3265 2158 3318 in
2190 3265 2365 3318 anima
2393 3263 2831 3333 multiplicantur.
2859 3261 3234 3330 Multiplicatus
3277 3257 3489 3314 videtur
3516 3257 3582 3312 iu.

1984 3359 2181 3421 anima,
2215 3356 2265 3410 in
2295 3371 2406 3426 quo
2429 3356 2590 3411 etiam
2621 3353 2968 3424 multiplicata
2999 3357 3128 3406 sunt
3152 3350 3294 3404 vitia.
3319 3349 3413 3404 Ille
3449 3357 3566 3402 tan-

1986 3449 2260 3504 tummodo
2289 3463 2478 3502 avarus
2507 3457 2584 3500 est
2606 3489 2618 3509 ,
2655 3447 2742 3500 ille
2769 3443 3136 3499 tantummodo
3159 3441 3445 3512 superbus,
3480 3439 3566 3492 ille

1986 3539 2349 3596 tantummodo
2377 3538 2715 3603 luxuriosus;
2748 3537 2845 3592 iste
2869 3545 2922 3591 et
2951 3550 3164 3600 avarus,
3196 3541 3251 3588 et
3279 3531 3564 3600 superbus,

1982 3645 2036 3689 et
2084 3634 2388 3688 luxuriosus
2418 3649 2430 3686 :
2465 3630 2849 3700 multiplicatus
2888 3637 2971 3683 est
3010 3627 3061 3681 in
3091 3627 3267 3681 anima
3296 3640 3426 3690 sua,
3469 3623 3562 3678 sed

1981 3728 2123 3781 malo
2153 3740 2270 3780 suo.
2311 3723 2681 3794 Multiplieatio
2709 3723 2804 3774 ista
2834 3719 3088 3790 egestatis
3115 3727 3196 3772 est
3220 3759 3235 3782 ,
3266 3731 3373 3770 non
3407 3713 3565 3768 uber-

1984 3819 2122 3872 tatis.
2149 3817 2291 3886 Ergo
2327 3815 2452 3886 quid
2489 3823 2543 3869 tu
2573 3813 2661 3883 qui
2682 3811 2857 3866 dixisti
2885 3853 2898 3874 ,
2929 3810 3037 3864 Cito
3069 3809 3253 3863 exaudi
3292 3823 3404 3874 me,
3433 3815 3481 3862 et
3513 3815 3574 3861 te

1979 3908 2246 3963 abstulisti
2273 3908 2340 3960 ab
2377 3905 2519 3962 omni
2552 3919 2807 3973 corpore,
2836 3902 2904 3955 ab
2942 3902 3086 3955 onmi
3121 3909 3331 3954 terrena
3375 3914 3432 3952 re
3454 3937 3467 3962 ,
3496 3898 3564 3950 ab
3593 3949 3596 3954 .

1979 4000 2122 4054 omni
2163 3997 2430 4052 desiderio
2477 3993 2718 4049 smculari
2741 4034 2756 4058 ,
2789 4001 2848 4046 ut
2891 3990 3100 4045 diceres
3131 3990 3270 4054 Deo,
3301 3986 3564 4057 Multipli-

1977 4092 2111 4146 cabis
2133 4106 2211 4143 me
2229 4091 2280 4142 in
2303 4088 2474 4141 anima
2501 4087 2646 4140 mea?
2665 4083 2850 4139 Adhuc
2873 4083 3096 4152 explana
3119 4081 3244 4152 quid
3265 4079 3568 4150 desideres.

1981 4183 2032 4236 Μ
2043 4181 2346 4252 ultiplicabis
2375 4195 2484 4244 me,
2523 4180 2720 4248 inquit,
2749 4178 2802 4230 in
2832 4177 3002 4230 anima
3047 4191 3192 4239 mea,
3217 4174 3420 4232 uirttue,
3451 4173 3558 4230 Ex-

1976 4287 2220 4344 pressum
2273 4281 2490 4335 votum,
2535 4282 2846 4338 expressum
2898 4265 3256 4329 desiderium,
3303 4263 3572 4324 abomni

1975 4365 2290 4421 confusione
2317 4363 2712 4419 circumcisum.
2731 4361 2790 4415 Si
2807 4361 3007 4415 diceret
3029 4401 3046 4425 ,
3070 4357 3437 4428 Muttiplicabis
3459 4371 3558 4422 nte;

1977 4468 2184 4513 terrena
2211 4457 2392 4512 nescio
2417 4471 2536 4526 qua;
2562 4455 2822 4525 cogitares
2847 4471 2858 4506 :
2892 4451 3126 4518 addidit,
3155 4451 3206 4503 in
3228 4450 3398 4503 anima
3425 4464 3556 4506 mea.

1976 4550 2211 4616 Rursus,
2242 4563 2310 4602 ne
2341 4548 2392 4601 in
2423 4547 2598 4601 anima
2627 4545 2750 4598 vitia
2777 4543 3042 4613 cogitares
3061 4583 3075 4606 ,
3103 4539 3328 4604 addidit,
3352 4539 3554 4592 uirtute.

1974 4639 2110 4696 Nihil
2137 4649 2219 4694 est
2247 4638 2410 4708 quod
2435 4637 2661 4707 amplius
2690 4651 2720 4690 a
2743 4635 2858 4690 Deo
2887 4632 3204 4699 desideres,
3233 4631 3278 4685 si
3305 4630 3388 4694 vis
3416 4629 3558 4690 bona

1973 4741 2027 4786 ct
2053 4745 2174 4786 vera
2195 4729 2372 4783 fronte
2397 4727 2575 4783 dicere
2595 4767 2610 4792 ,
2639 4725 2750 4780 Cito
2779 4723 2962 4779 exaudi
2993 4739 3098 4784 nte.
3219 4793 3222 4796 _

2013 4837 2016 4844 ‘
2043 4825 2094 4879 9.
2129 4822 2278 4894 iuers.
2303 4819 2384 4892 4.]
2407 4820 2754 4889 Couﬁteantur
2773 4818 2860 4871 tibi
2879 4857 2896 4882 ,
2929 4815 3145 4870 Domine
3164 4854 3179 4880 ,
3213 4828 3384 4868 omnes
3413 4827 3556 4881 reges

1973 4925 2136 4968 terra}.
2154 4911 2228 4966 ita
2257 4913 2374 4975 ﬁet,
2397 4923 2452 4966 et
2479 4909 2547 4964 ita
2579 4910 2669 4977 fit,
2697 4917 2752 4964 et
2777 4907 3014 4978 quotidie
3035 4905 3130 4971 fit;
3175 4913 3230 4960 et
3256 4901 3554 4959 ostenditur

1973 5025 2076 5062 nou
2101 5005 2296 5060 frustra
2323 5003 2518 5058 dictum
2536 5043 2552 5069 ,
2571 5002 2676 5056 nisi
2702 5002 2822 5072 quia
2850 5008 2967 5056 erat
2993 4999 3246 5053 futurum.
3266 4995 3553 5063 Couﬁtean-

1973 5111 2056 5154 tur
2075 5099 2171 5152 .tibi
2189 5139 2203 5162 ,
2227 5095 2445 5150 Domine
2463 5137 2477 5163 ,
2503 5111 2674 5149 omnes
2715 5109 2856 5164 reges
2899 5102 3064 5146 teme.
3093 5090 3198 5145 Sed
3221 5097 3276 5143 et
3304 5089 3403 5156 ipsi
3429 5103 3550 5142 cum

1973 5187 2064 5246 tibi
2095 5189 2434 5253 confitentur,
2464 5202 2582 5241 cum
2609 5183 2826 5240 laudant
2847 5193 2934 5252 te,
2965 5197 3068 5238 non
3099 5191 3308 5238 terrena
3335 5179 3550 5236 deside.-

1971 5285 2076 5338 rint
2105 5299 2132 5335 a
2159 5291 2231 5336 te.
2259 5279 2396 5347 Quid
2426 5279 2578 5335 enim
2599 5291 2756 5348 reges
2793 5285 2952 5332 terra:
2985 5273 3334 5330 desideraturi
3381 5281 3504 5326 sunt
3525 5271 3568 5322 ‘i

1971 5376 2159 5430 Nonne
2199 5373 2312 5442 jam
2341 5369 2541 5426 habent
2579 5369 2750 5440 ipsum
2784 5365 3109 5436 imperium?
3135 5361 3394 5432 Quidquid
3431 5376 3548 5414 am-

1971 5466 2108 5535 plius
2138 5461 2520 5519 desideraverit
2539 5461 2704 5516 homo
2725 5460 2776 5514 in
2802 5467 2964 5524 terra,
2983 5470 3152 5526 usque
3179 5454 3243 5509 ad
3267 5453 3546 5524 imperium

1969 5569 2049 5612 est
2090 5555 2412 5611 desiderium
2469 5551 2608 5623 ejus.
2651 5551 2787 5619 Quid
2835 5550 3060 5620 amplius
3109 5547 3327 5617 potest?
3375 5545 3546 5600 Altior

1967 5651 2263 5722 sublimitas
2285 5648 2585 5702 necessaria
2611 5655 2711 5702 est.
2752 5645 2856 5702 Sed
2890 5646 3115 5700 fortasse
3137 5649 3336 5714 quanto
3371 5641 3546 5704 altior,

1997 5794 2042 5898 ι’
2074 5789 2154 5899 ῐὲἰρ
2170 5793 2243 5836 Er.
2273 5793 2448 5838 etLov.
2487 5784 2682 5846 addunt,
2719 5789 2764 5834 et
2787 5783 2927 5848 furiis
2950 5796 2965 5834 .'
2990 5781 3117 5846 quod
3146 5781 3206 5830 ab
3231 5789 3330 5832 Am.
3367 5786 3420 5834 et
3439 5785 3572 5842 -δ

2017 5865 2086 5899 11³ῒύ
2112 5885 2122 5899 ο

1968 5865 2122 5900 3111³31.
