4080 6466
1721 340 1778 394 S.
1815 339 2179 403 AUGUSTINI
2220 341 2520 401 EPISCOPI
3649 359 3796 419 i780

2214 454 2343 521 Quis
2367 456 2510 512 enim
2538 472 2626 514 me
2659 458 2847 517 videt?
2869 447 3137 518 hominem
3163 462 3328 530 latet;
3364 464 3504 521 Deus
3539 481 3646 522 non
3675 472 3794 526 vult

515 342 662 402 I779.

518 470 668 520 tanto
698 434 1068 531 perieulosior.
1096 457 1326 527 Ideoque
1364 469 1519 526 reges
1543 464 1744 525 quanto
1762 463 1885 508 sunt
1907 454 1957 507 in
1985 469 2096 507 ma-

519 553 640 624 jore
665 549 990 608 sublimitate
1045 559 1251 604 terrena
1276 589 1290 615 ,
1321 558 1467 603 tanto
1495 547 1662 618 magis
1690 546 1954 601 humiliari
1993 546 2102 601 Deo

517 647 734 703 debent.
769 643 960 715 thuid
1005 643 1243 698 faciunt‘
1268 643 1291 695 ‘t
1321 641 1575 716 Quoniam
1621 641 1892 694 audierunt
1929 639 2101 693 omnia

518 739 664 792 verba
695 737 796 790 oris
823 736 895 789 tui
913 735 934 790 !
951 734 996 789 0
1017 734 1263 798 Domine,
1282 733 1448 787 omnia
1473 734 1620 786 verba
1649 732 1751 786 oris
1781 731 1853 784 tui
1869 731 1890 785 .’
1909 730 2098 786 Nescio

513 833 566 886 in
598 843 699 899 qua
721 836 880 898 gente
903 825 1212 882 abscondita
1235 835 1387 879 erant
1406 824 1513 879 Lex
1537 833 1591 878 et
1607 822 1904 894 Pmphetae,
1929 823 2096 877 omnia

511 921 663 975 verba
681 919 896 974 oristui.
927 917 1033 973 Sed
1061 918 1111 972 in
1138 926 1294 988 gente
1332 915 1638 972 Iudaeorum
1665 916 1778 971 sola
1804 924 1954 971 erant
1982 933 2094 970 om-

512 1009 600 1062 nia
619 1010 768 1063 verba
783 1010 886 1063 oris
903 1011 1010 1063 tui:
1038 1025 1194 1079 quam
1212 1017 1423 1079 gentem
1447 1007 1671 1062 laudans
1691 1008 1976 1078 Apostolus
1997 1009 2091 1077 ait,

513 1100 652 1166 Quid
678 1117 796 1173 ergo
823 1102 1044 1171 amplius
1067 1111 1140 1154 est
1166 1099 1350 1155 Judwo
1370 1100 1396 1152 .9
1421 1109 1509 1153 aut
1531 1115 1645 1169 qtae
1661 1101 1851 1154 utilitas
1875 1100 2092 1154 circum-

509 1191 715 1246 cisionis
731 1192 758 1246 .9
781 1191 1003 1246 Multum
1025 1207 1114 1261 per
1135 1208 1330 1246 onmem
1360 1191 1582 1245 modum.
1611 1189 1846 1244 Primum
1864 1191 2088 1258 quidem,

508 1285 627 1353 quia
648 1283 840 1341 credita
862 1293 979 1338 sunt
1009 1284 1114 1338 illis
1138 1285 1332 1354 eloquia
1353 1283 1450 1337 Dei
1476 1283 1651 1351 (Rom.
1681 1298 1757 1348 nt,
1791 1284 1815 1338 l
1839 1293 1884 1337 et
1903 1283 1982 1356 2).
2014 1283 2091 1338 lbi

422 1417 444 1440 .
508 1387 662 1431 erant
684 1376 844 1435 verba
877 1375 1114 1432 Dei.Sed
1145 1376 1211 1431 da
1234 1375 1360 1430 mihi
1390 1376 1536 1430 illum
1561 1375 1776 1432 Gedeon
1807 1376 2089 1445 quemdam

505 1477 747 1523 sanctum
769 1468 938 1523 virum
963 1477 1201 1538 tempore
1219 1467 1461 1522 Judicum
1485 1483 1499 1533 ;
1519 1467 1693 1522 videte
1709 1468 1863 1537 quale
1881 1468 2087 1538 signum

506 1561 693 1630 petivit
741 1576 774 1616 a
820 1562 1082 1616 Domino:
1120 1560 1314 1614 Ponant
1341 1602 1355 1626 ,
1397 1559 1599 1629 inquit,
1630 1561 1787 1614 vellus
1841 1561 1895 1613 in
1931 1576 2088 1626 area;

515 1652 832 1720 compluatur
855 1651 1016 1706 vellus
1032 1692 1050 1718 ,
1070 1667 1188 1704 area
1203 1651 1335 1706 sicca
1356 1651 1439 1704 sit.
1469 1649 1537 1706 Et
1567 1648 1758 1704 factum
1787 1659 1868 1704 est
1901 1667 1913 1702 :
1937 1665 2085 1705 com-

516 1744 724 1813 plutum
765 1752 848 1798 est
871 1743 1038 1802 vellus
1067 1743 1236 1798 solum
1255 1782 1270 1805 ,
1298 1757 1421 1795 area
1451 1743 1590 1796 sicca
1620 1749 1753 1797 erat.
1793 1741 1951 1796 Petiit
1991 1742 2088 1798 ite-

503 1850 620 1888 rum
658 1835 900 1906 signum:
933 1834 1066 1887 Area
1091 1843 1196 1887 tota
1238 1832 1493 1902 compluta
1514 1832 1614 1897 sit,
1647 1841 1692 1884 et
1735 1831 1898 1886 solum
1929 1833 2086 1887 vellus

501 1926 696 1978 siccum
738 1924 1039 1980 inveniatur.
1078 1923 1143 1976 Et
1189 1923 1290 1977 hoc
1325 1922 1520 1977 factum
1550 1931 1629 1976 est
1662 1938 1677 1975 :
1705 1923 1971 1992 contpluta
2004 1933 2088 1980 est

502 2031 626 2071 area
645 2059 659 2081 ,
693 2016 838 2072 sicco
857 2005 1066 2071 'vellere
1094 2013 1292 2087 .(Judic.
1319 2029 1393 2079 vt,
1412 2014 1624 2081 56-40).
1647 2013 1826 2068 Primo
1847 2015 2087 2084 complu-

505 2119 612 2162 tmn
642 2109 830 2173 vellus,
865 2108 1004 2163 sicca
1045 2122 1168 2162 area
1191 2124 1204 2171 ;
1231 2116 1413 2177 postea
1450 2107 1716 2176 compluta
1747 2123 1871 2163 area
1894 2150 1907 2174 ,
1940 2110 2084 2166 sicco

501 2201 719 2256 vellere.
748 2200 888 2268 Quid
915 2200 1066 2256 vobis
1093 2200 1303 2255 videtur
1332 2214 1452 2254 area
1476 2241 1488 2262 ,
1517 2198 1748 2254 fratres?
1778 2199 1965 2257 Nonne
1989 2217 2080 2258 or—

503 2297 585 2350 bis
608 2304 868 2350 terrarum
887 2293 913 2347 ?
939 2293 1077 2360 Quid
1109 2292 1318 2349 vellus?
1339 2292 1609 2361 Tanquam
1639 2307 1771 2361 gens
1812 2292 1994 2349 Judzea
2024 2295 2081 2352 in

501 2387 679 2442 medio
701 2386 839 2444 orbe
879 2395 1142 2442 terrarum
1173 2429 1186 2452 ,
1216 2385 1419 2440 habens
1441 2385 1622 2455 gratia:
1643 2395 2034 2443 sacramentum
2060 2429 2076 2457 ,

499 2497 604 2536 non
629 2482 682 2534 in
705 2479 1132 2535 manifestatione
1152 2520 1166 2543 ,
1195 2478 1285 2534 sed
1330 2479 1380 2532 in
1406 2477 1548 2534 nube
1568 2479 1796 2545 secreti,
1829 2491 2077 2550 tanquam

496 2575 547 2630 in
599 2571 898 2631 velamento
948 2570 1182 2641 pluviam
1226 2572 1246 2602 ³
1304 2571 1356 2624 ἱη
1405 2569 1621 2624 vellere.
1671 2569 1828 2625 Venit
1871 2582 2079 2642 tempus

493 2669 707 2739 quando
747 2666 1077 2723 revelaretur
1111 2665 1283 2734 pluvia
1327 2665 1380 2719 in
1405 2679 1527 2719 area
1554 2680 1567 2730 ;
1599 2663 1933 2720 manifestata
1961 2675 2072 2733 est,

419 2749 426 2754 ’
493 2775 597 2814 neu
620 2768 826 2830 operta.
858 2758 1080 2814 Factum
1107 2766 1189 2812 est
1212 2773 1336 2827 ergo
1361 2758 1502 2826 quod
1530 2757 1727 2814 dictum
1760 2766 1874 2825 est,
1897 2758 2074 2830 Conﬁ-

495 2864 692 2906 tcantur
720 2853 810 2906 tibi
830 2894 842 2916 ,
875 2851 1121 2918 Domine,
1145 2867 1316 2904 omnes
1339 2867 1476 2919 rcges
1504 2860 1689 2916 terrae;
1715 2853 1952 2922 quoniam
1982 2869 2076 2906 au-

492 2947 693 2997 dierum
734 2943 902 2998 omnia
942 2942 1089 2996 verba
1129 2943 1229 2995 oris
1271 2942 1363 2993 tui.
1387 2941 1523 3009 Quid
1558 2951 1674 3008 est,
1711 2941 1899 3008 Israel,
1931 2943 2073 3013 quod

491 3033 900 3089 ahscondcbas?
930 3032 1179 3103 quamdiu
1203 3032 1600 3087 abscondebas?
1630 3033 1702 3087 Ex
1713 3049 1950 3102 pressum
1989 3045 2073 3090 est

491 3127 659 3180 vellus
685 3168 698 3193 ,
728 3133 782 3180 et
808 3125 937 3180 exiit
969 3124 1036 3180 de
1067 3133 1117 3177 te
1147 3125 1341 3194 pluvia.
1380 3123 1537 3179 Solus
1564 3124 1802 3180 Christus
1838 3128 2071 3183 suavitas

489 3218 682 3285 pluvia:
714 3234 728 3270 :
761 3215 931 3286 ipsum
983 3216 1153 3270 solum
1208 3230 1311 3269 non
1362 3217 1606 3285 agnoscis
1649 3218 1700 3271 in
1740 3217 2068 3288 Scripturis,

489 3320 706 3381 propter
731 3324 888 3380 quem
934 3307 1083 3362 factm
1120 3319 1243 3362 sunt
1285 3309 1593 3378 Scripturzn.
1623 3310 1692 3364 At
1734 3325 1862 3366 vero
1899 3329 2069 3382 omnes

489 3419 629 3472 rcges
659 3411 806 3456 teme
827 3403 1164 3470 conﬁteantur
1195 3400 1310 3466 tibi,
1337 3400 1586 3469 Domine;
1615 3404 1850 3472 quoniam
1893 3405 2069 3460 audie-

490 3502 607 3546 runt
632 3493 802 3546 omnia
822 3491 968 3546 verba
993 3492 1094 3544 oris
1115 3492 1205 3543 tui.

559 3581 640 3636 10.
678 3579 827 3653 [υενδ.
981 3580 1045 3633 Et
1097 3591 1295 3634 cantent
1343 3582 1393 3635 in
1437 3581 1528 3636 viis
1555 3583 1798 3649 Domini,
1831 3587 2068 3655 quoniam

488 3688 672 3742 magna
694 3680 764 3725 est
795 3671 957 3742 gloria
983 3669 1207 3724 Domini.
1231 3668 1455 3726 Cantent
1485 3675 1536 3726 in
1564 3675 1660 3727 viis
1687 3676 1888 3729 Domini
1913 3693 2068 3747 rcges

490 3777 665 3820 ιειτιι).
711 3763 767 3818 ln
811 3763 1002 3833 quibus
1041 3763 1140 3816 viis
1184 3765 1440 3818 cantent?
1473 3765 1545 3818 De
1574 3766 1765 3834 quibus
1795 3782 1952 3837 supra
1981 3770 2065 3824 di-

466 3867 628 3913 ctum
658 3867 774 3924 est,
803 3855 868 3910 In
896 3857 1238 3910 misericordia
1264 3868 1348 3909 tua
1373 3867 1419 3911 et
1440 3859 1642 3916 veritate
1670 3870 1793 3925 tua;
1815 3863 2064 3929 quoniam

485 3949 731 4008 universa:
755 3949 848 4002 via:
865 3947 1073 4001 Domini
1107 3933 1448 4001 misericordia
1489 3959 1534 4000 et
1561 3951 1758 4004 veritas.
1784 3951 1896 4006 Non
1939 3968 2066 4022 ergo

486 4042 591 4096 sint
610 4053 768 4109 reges
789 4048 944 4093 terra;
969 4038 1206 4107 superbi,
1234 4038 1327 4092 sed
1357 4038 1581 4094 humiles
1608 4041 1738 4094 sint.
1768 4041 1914 4096 Tunc
1941 4057 2070 4097 eam

487 4142 599 4188 teut
633 4132 685 4187 in
713 4133 810 4186 viis
835 4131 1069 4195 Domini,
1101 4131 1144 4186 si
1178 4130 1404 4187 humiles
1439 4133 1543 4187 sint
1570 4151 1581 4185 :
1615 4142 1828 4199 ament,
1849 4143 1903 4189 et
1936 4149 2066 4189 can-

487 4223 694 4278 tabunt.
747 4222 1006 4278 Novimus
1047 4223 1279 4277 viatores
1333 4232 1668 4288 cantaturos;
1720 4235 1966 4290 cantant,
2013 4238 2068 4281 et

488 4316 765 4386 pervenire
788 4314 1058 4370 festinant.
1081 4314 1216 4370 Sunt
1240 4315 1441 4368 cantica
1469 4317 1605 4369 mala
1639 4325 1887 4386 tauquam
1919 4326 2064 4377 vetc-

487 4408 562 4461 ris
595 4406 862 4472 hominis;
896 4405 990 4461 sed
1020 4407 1283 4460 canticum
1313 4421 1506 4471 novum
1536 4408 1768 4476 pertinet
1793 4407 1860 4463 ad
1889 4409 2066 4463 homi-

487 4513 610 4553 nem
660 4511 876 4552 novum.
907 4497 1194 4551 Ambulent
1233 4512 1360 4565 ergo
1390 4507 1443 4551 et
1489 4514 1639 4566 rcges
1691 4506 1848 4553 terrae
1879 4499 1929 4552 in
1970 4501 2068 4554 viis

489 4589 615 4653 tuis,
648 4588 922 4644 ambulent
945 4597 998 4643 et
1026 4598 1242 4645 cantent
1275 4591 1323 4643 in
1357 4591 1455 4644 viis
1485 4592 1608 4644 tuis.
1639 4591 1775 4658 Quid
1819 4594 2068 4648 cantent?

493 4683 748 4748 Quoniam
769 4698 951 4753 magna
970 4692 1047 4735 est
1061 4683 1224 4752 gloria
1241 4682 1447 4746 Domini
1465 4699 1485 4747 :_
1510 4700 1613 4738 non
1645 4699 1852 4753 regum.

561 4773 646 4826 ll.
681 4769 828 4844 [vers.
860 4770 941 4843 6.]
983 4772 1113 4826 Vide
1148 4773 1415 4841 quomodo
1451 4789 1604 4843 reges
1653 4775 1816 4829 voluit
1853 4785 2069 4833 cantare

488 4866 542 4918 in
571 4863 689 4928 viis,
722 4863 996 4920 humiliter
1020 4873 1292 4933 portantes
1323 4865 1600 4920 Dominum
1627 4905 1644 4932 ,
1675 4881 1779 4920 non
1811 4882 1870 4922 se
1899 4869 2067 4923 extol-

453 5004 457 5008 .
491 4959 663 5012 lentes
689 4957 944 5012 adversus
965 4957 1267 5012 Dominum.
1294 4956 1426 5016 Nam
1454 4958 1501 5013 si
1525 4973 1584 5014 se
1613 4959 1919 5027 extulerint,
1942 4961 2067 5030 quid

490 5047 768 5118 sequitur?
793 5047 1042 5116 Quoniam
1064 5047 1286 5102 excelsus
1308 5046 1572 5111 Dontinus,
1601 5059 1646 5102 et
1669 5050 1882 5103 humilia
1907 5051 2068 5120 respi-

489 5138 576 5190 cit.
609 5137 803 5192 Volunt
849 5151 976 5206 ergo
1013 5152 1168 5210 reges
1209 5137 1440 5206 respici?
1471 5137 1709 5196 Humiles
1747 5142 1872 5194 sint.
1898 5139 2071 5206 Quid?

449 5219 453 5228 ’
493 5227 540 5282 si
565 5243 624 5284 se
651 5227 946 5282 extulerint
989 5229 1040 5282 in
1089 5229 1392 5299 superbiam
1416 5271 1429 5294 ,
1467 5229 1634 5286 latere
1679 5231 1844 5300 ipsius
1887 5233 2070 5288 oculos

489 5317 753 5386 possunt?
775 5317 853 5373 Ne
888 5319 1024 5374 forte
1061 5320 1185 5390 quia
1219 5321 1448 5387 audisti,
1476 5320 1688 5404 humilia
1717 5323 1952 5392 respicit,
1982 5339 2073 5380 su—.

493 5410 689 5476 pet-bus
740 5409 876 5464 velis
915 5425 1034 5466 esse
1059 5452 1074 5476 ,
1104 5421 1159 5467 et
1186 5412 1334 5467 dicas
1361 5412 1413 5466 in
1452 5412 1628 5471 anima
1670 5422 1754 5466 tua
1787 5429 1800 5465 :
1831 5411 2072 5475 Humiles

490 5500 706 5568 respicit
741 5499 912 5565 Deus,
939 5514 1024 5558 me
1072 5515 1176 5558 non
1231 5502 1479 5573 respicit;
1508 5501 1696 5556 faciam
1735 5503 1876 5572 quod
1925 5503 2066 5559 volo.

812 5682 865 5724 At
890 5682 996 5726 Lov.
1018 5711 1033 5736 ,
1058 5682 1113 5727 Et
1135 5677 1254 5740 quid
1293 5677 1487 5742 faciant.
1517 5686 1616 5728 Am.
1640 5685 1691 5730 et
1713 5685 1816 5741 Er.,
1860 5683 1918 5730 Ut
1954 5678 2070 5744 quid

501 5799 506 5804 '
557 5798 577 5825 ³
598 5810 608 5841 ι
630 5795 761 5847 lares
783 5803 908 5858 uss,
937 5801 1111 5862 pluria.

2205 559 2292 598 me
2317 545 2499 602 videre
2521 589 2537 613 ,
2565 549 2686 618 quia
2715 549 2928 606 lutmilis
2949 567 3054 606 non
3079 567 3217 619 sum,
3244 554 3332 609 ille
3361 566 3537 613 autem
3565 556 3789 616 humilia

2205 635 2424 703 respicit
2451 655 2464 691 :
2497 638 2636 707 quod
2669 641 2789 695 volo
2815 641 2969 696 facio.
2990 643 3034 696 0
3053 643 3377 712 importune,
3401 649 3657 717 numquid
3687 649 3789 706 hoc

2203 723 2412 782 diceres
2433 769 2446 792 ,
2471 729 2514 782 si
2543 730 2709 786 scires
2737 731 2859 800 quid
2891 747 3070 787 amare
3096 731 3362 790 deberes?
3386 737 3525 793 Ecce
3567 739 3615 792 si
3653 740 3790 794 nolit

2202 825 2256 872 te
2283 817 2461 873 videre
2490 819 2650 886 Deus,
2681 820 2780 876 hoc
2828 821 3001 892 ipsum
3042 840 3146 878 non
3195 826 3377 892 times,
3405 829 3525 896 quia
3573 838 3626 883 te
3678 844 3788 882 non

2202 909 2317 963 vult
2361 909 2586 966 videre?
2609 912 2668 968 Si
2711 914 2912 970 salutes
2954 916 3185 986 aliquem
3217 920 3469 987 majorem
3500 932 3785 990 patronum

2199 1009 2384 1067 tuum,
2410 1014 2464 1058 et
2509 1004 2742 1059 intentus
2779 1007 2829 1060 in
2873 1007 3012 1060 aliud
3040 1024 3144 1062 non
3186 1019 3237 1064 te
3283 1010 3488 1075 videat,
3514 1013 3788 1080 quomodo

2199 1092 2293 1147 tibi
2323 1094 2497 1152 anima
2529 1095 2713 1150 dolet?
2738 1096 2792 1152 Si
2836 1108 3012 1152 autem
3045 1099 3183 1154 Deus
3214 1109 3266 1155 te
3311 1118 3413 1154 non
3449 1104 3660 1169 videat,
3694 1119 3786 1158 se-

2196 1198 2382 1238 curum
2414 1194 2464 1240 te
2491 1189 2686 1257 putas?
2715 1188 2828 1243 Non
2871 1199 2922 1244 te
2948 1191 3090 1246 videt
3113 1192 3377 1255 Salvator,
3405 1203 3458 1247 et
3502 1194 3646 1248 videt
3683 1195 3783 1248 de-

2195 1276 2464 1344 praedator
2491 1279 2532 1332 ί.
2554 1278 2620 1332 Ει
2661 1288 2836 1334 tamen
2880 1289 2935 1335 et
2963 1282 3077 1350 ipse
3113 1291 3162 1336 te
3207 1283 3344 1337 Deus
3373 1284 3536 1338 videt.
3565 1285 3681 1339 Non
3732 1295 3785 1340 te

2193 1380 2352 1440 putes
2372 1387 2478 1426 non
2502 1372 2668 1428 videri
2695 1390 2708 1438 ;
2743 1374 2851 1428 imo
2882 1389 3006 1445 roga
3035 1383 3090 1428 ut
3137 1377 3388 1430 merearis
3417 1377 3583 1432 videri
3618 1394 3649 1431 a
3675 1393 3784 1446 quo

2195 1462 2414 1516 videris.
2439 1463 2642 1516 Dictum
2672 1474 2755 1518 est
2783 1465 2925 1518 enim
2957 1481 2974 1518 :
3008 1463 3156 1519 Oculi
3182 1465 3390 1520 Domini
3418 1484 3570 1537 super
3586 1469 3777 1537 justas.

2194 1552 2326 1620 Quia
2379 1569 2481 1608 non
2527 1569 2688 1623 super
2735 1555 3218 1623 injustos,faciant
3261 1572 3389 1626 ergo
3425 1557 3564 1626 quod
3590 1558 3782 1613 volunt

2190 1646 2370 1713 injusti
2405 1665 2416 1700 :
2453 1648 2600 1701 Oculi
2631 1648 2840 1701 Domini
2870 1665 3022 1718 super
3042 1650 3232 1719 justos.
3266 1649 3533 1719 Sequatur
3560 1651 3776 1707 adhuc:

2189 1736 2258 1790 Et
2283 1755 2430 1792 aures
2453 1741 2560 1810 ejus
2581 1739 2650 1792 ad
2675 1756 2852 1809 preces.
2871 1757 3062 1794 eorum.
3086 1739 3269 1810 lujusti
3298 1756 3424 1811 ergo
3447 1743 3536 1810 qui
3557 1756 3781 1797 securus

2189 1849 2250 1888 se
2281 1834 2568 1903 putabant,
2593 1835 2714 1904 quia
2742 1850 2850 1888 non
2876 1843 3029 1888 erant
3057 1836 3194 1889 oculi
3220 1834 3428 1889 Domini
3452 1850 3612 1904 super
3639 1851 3735 1890 eos
3757 1875 3776 1901 ,

2188 1943 2296 1983 non
2328 1929 2556 1994 timent,
2589 1928 2710 1998 quia
2753 1944 2857 1982 non
2904 1937 3029 1983 sunt
3057 1937 3110 1982 et
3151 1944 3310 1982 aures
3344 1929 3459 1997 ejus
3489 1929 3552 1982 ad
3586 1944 3778 1998 preces

2187 2018 2622 2074 eorum?Noune
2669 2019 2862 2074 melius
2909 2028 2964 2074 et
3015 2019 3152 2074 oculi
3197 2019 3314 2088 ejus
3357 2035 3518 2089 super
3558 2035 3690 2084 nos,
3720 2029 3778 2074 et

2186 2125 2344 2164 aures
2367 2110 2484 2180 ejus
2509 2109 2576 2164 ad
2599 2125 2785 2180 preces
2816 2111 3064 2165 nostras?
3087 2111 3193 2163 Sed
3222 2125 3342 2163 cum
3371 2109 3504 2163 facis
3525 2125 3587 2164 ea
3612 2125 3780 2179 super

2185 2215 2304 2270 quae
2334 2215 2442 2256 non
2474 2201 2554 2255 vis
2575 2216 2697 2256 esse
2721 2201 2907 2256 oculos
2938 2201 3180 2267 Domini,
3208 2217 3313 2255 non
3348 2203 3569 2256 mereris
3597 2204 3618 2232 '
3652 2216 3778 2270 pre-

2184 2292 2340 2347 cibus
2371 2292 2476 2347 tuis
2503 2301 2557 2348 et
2579 2309 2739 2348 aures
2766 2294 2972 2348 Domini
2997 2311 3012 2357 ;
3041 2302 3095 2348 et
3127 2302 3303 2347 tamen
3334 2294 3475 2348 male
3503 2294 3794 2367 faciendoh

2183 2399 2214 2440 a
2240 2393 2290 2438 te
2317 2398 2422 2464 non
2454 2384 2651 2440 avertis
2678 2386 2864 2440 oculos
2895 2385 3124 2438 Domini.
3149 2384 3286 2452 Quid
3315 2386 3456 2438 enim
3485 2384 3555 2438 ibi
3585 2385 3773 2454 sequi-

2181 2475 2306 2529 tur?
2339 2473 2518 2530 Vultus
2544 2485 2708 2529 autent
2728 2474 2932 2528 Domini
2962 2491 3114 2545 super
3141 2476 3378 2544 facientes
3406 2474 3680 2530 mala.Sed
3701 2475 3772 2528 ad

2179 2565 2350 2635 quid?
2382 2564 2450 2619 Ut
2494 2566 2672 2637 perdat
2712 2567 2775 2621 de
2810 2575 2943 2620 terra
2979 2567 3269 2620 memoriam
3304 2583 3495 2620 eorum.
3525 2567 3682 2620 Vides
3719 2576 3775 2622 te

2178 2657 2554 2713 videri?vidcs
2576 2668 2626 2713 te
2678 2659 2844 2714 latere
2893 2675 2996 2714 non
3047 2661 3405 2729 posse?Cum
3445 2675 3573 2729 ergo
3611 2661 3771 2730 quid-

2177 2741 2303 2818 quid
2356 2749 2547 2804 fcceris
2614 2748 2875 2814 videaris,
2929 2765 3095 2819 quare
3141 2749 3244 2803 huc
3293 2764 3400 2804 non
3449 2749 3579 2805 facis
3626 2751 3770 2806 unde

2177 2839 2394 2909 placere
2421 2841 2718 2894 merearis?
2737 2840 2881 2908 Ergo
2909 2850 2961 2893 et
2985 2840 3069 2894 hic
3099 2839 3263 2907 quid?
3298 2841 3550 2906 Quoniam
3579 2858 3770 2911 magna

2176 2940 2248 2986 est
2271 2931 2435 3002 gloria
2460 2930 2668 2984 Domini
2685 2948 2703 2996 ;
2727 2933 2964 3000 quoniam
2987 2931 3213 2984 excelsus
3241 2930 3507 2998 Dominus,
3533 2941 3578 2984 ct
3603 2932 3770 2988 ltumi~

2179 3024 2248 3077 lia
2269 3024 2490 3092 respicit.
2515 3023 2734 3077 Excelsa
2767 3033 2944 3076 autem
2976 3023 3126 3092 quasi
3159 3038 3261 3076 non
3293 3023 3512 3091 respicit
3545 3041 3557 3075 :
3589 3025 3766 3077 Itami-

2174 3116 2246 3170 lia
2287 3117 2428 3170 enim
2468 3116 2692 3183 respicit.
2723 3113 2975 3182 Excelsa,
2997 3114 3163 3184 quid?
3197 3114 3240 3166 Α
3287 3113 3436 3184 longe
3485 3101 3762 3185 cognoscit.

2173 3207 2307 3276 Quid
2335 3206 2435 3260 sibi
2464 3221 2589 3276 ergo
2614 3217 2833 3277 prtestat
2862 3208 3124 3276 superbus
3145 3207 3208 3259 3?
3239 3205 3304 3262 Ut
3336 3222 3364 3258 a
3398 3208 3554 3276 longe
3583 3207 3768 3262 videa-

2175 3307 2295 3363 tttr;
2321 3314 2425 3352 non
2450 3307 2508 3352 ut
2539 3314 2644 3352 non
2675 3298 2934 3352 videatur.
2977 3297 3084 3352 Nec
3110 3307 3265 3365 putes
3294 3307 3344 3351 te
3366 3297 3486 3350 ideo
3511 3313 3764 3352 securum

2171 3406 2292 3446 esse
2319 3390 2538 3456 debere,
2571 3389 2712 3460 quod
2746 3390 2919 3444 minus
2947 3389 3082 3442 bene
3112 3397 3163 3442 te
3189 3387 3396 3454 videt",
3425 3389 3517 3458 qui
3546 3404 3574 3441 a
3600 3389 3764 3459 longe

2175 3493 2227 3538 te
2265 3484 2428 3537 videt.
2455 3483 2533 3537 'l'u
2581 3483 2722 3536 enim
2768 3481 2906 3552 quod
2961 3498 2990 3535 a
3039 3481 3193 3551 longe
3237 3481 3419 3547 vides,
3460 3498 3567 3538 non
3621 3481 3763 3540 bene

2173 3575 2322 3628 vides
2355 3591 2368 3626 :
2401 3575 2540 3628 Deus
2570 3573 2671 3628 etsi
2699 3589 2730 3627 a
2759 3573 2914 3643 longe
2943 3582 2994 3627 te
3024 3572 3168 3626 videt
3199 3614 3214 3638 ,
3246 3573 3484 3642 perfecte
3509 3580 3562 3628 te
3592 3573 3760 3639 videt,

2174 3675 2230 3720 et
2254 3675 2425 3720 tecum
2457 3679 2564 3718 non
2591 3672 2693 3719 est.
2726 3664 2839 3718 Hoc
2866 3665 2979 3734 agis
2999 3705 3014 3729 ,
3049 3678 3152 3717 non
3201 3672 3256 3717 ut
3298 3664 3478 3718 minus
3519 3662 3763 3733 perfecte

2171 3757 2434 3821 videaris;
2466 3755 2560 3810 sed
2605 3764 2663 3810 ut
2701 3771 2806 3810 non
2848 3756 2921 3810 sis
2963 3769 3082 3808 cum
3129 3754 3221 3807 illo
3250 3769 3276 3806 a
3307 3770 3412 3824 quo
3443 3755 3660 3808 videris.
3688 3754 3762 3809 At

2173 3863 2302 3903 vero
2342 3846 2554 3901 humilis
2594 3845 2722 3916 quid
2764 3845 2863 3900 sibi
2908 3843 3163 3915 praestat?
3194 3842 3365 3912 Prope
3408 3854 3480 3898 est
3508 3843 3762 3904 Dominus

2172 3943 2249 3995 liis
2273 3941 2358 4011 qui
2379 3940 2681 3994 obtriverunt
2703 3955 2790 3992 cor
2810 3937 3032 4010 (Psalnt.
3063 3951 3246 3999 χχχιιι,
3273 3935 3361 4003 16,
3392 3935 3610 4005 17,19).
3636 3935 3759 3990 Eri-

2171 4045 2260 4104 gat
2288 4050 2345 4088 se
2373 4049 2501 4102 ergo
2526 4031 2810 4102 superbus,
2841 4039 3094 4100 quantum
3124 4029 3343 4083 voluerit
3368 4044 3382 4093 ;
3406 4037 3554 4083 certe
3576 4027 3628 4082 in
3649 4027 3762 4081 alto

2171 4125 2376 4179 habitat
2400 4124 2543 4179 Deus
2563 4166 2578 4189 ,
2611 4124 2661 4177 in
2690 4122 2826 4178 etnlo
2855 4132 2937 4176 est
2968 4121 3108 4174 Deus
3133 4138 3144 4172 :
3170 4121 3249 4173 vis
3278 4120 3367 4174 tibi
3400 4119 3761 4188 prepiuquet?

2173 4215 2400 4268 llumilia
2433 4224 2504 4269 te.
2532 4213 2662 4268 Nam
2694 4221 2840 4266 tanto
2869 4227 2898 4265 a
2932 4219 2982 4264 te
3010 4212 3113 4265 crit
3142 4211 3319 4278 altior,
3342 4219 3542 4280 quanto
3571 4221 3626 4264 tu
3649 4210 3761 4268 ela-

2173 4306 2275 4359 tior
2305 4324 2316 4358 :
2350 4305 2562 4359 Excelsa
2590 4313 2757 4356 autem
2780 4320 2812 4356 a
2839 4304 2985 4372 longe
3006 4303 3284 4372 cognoscit.

2244 4397 2332 4452 12.
2365 4395 2515 4468 [vers.
2546 4393 2624 4466 7.]
2653 4394 2714 4448 Si
2743 4391 3061 4448 ambularem
3097 4393 3148 4446 in
3178 4393 3341 4445 medio
3372 4393 3712 4448 tribulationis
3737 4434 3755 4460 ,

2172 4489 2442 4557 viciﬁcabis
2469 4505 2563 4541 me.
2598 4487 2786 4542 Verum
2818 4495 2900 4539 est
2927 4503 2939 4536 :
2970 4486 3022 4538 in
3049 4499 3380 4554 quacumque
3413 4482 3760 4540 tribulatione

2171 4581 2356 4643 fueris,
2385 4578 2640 4633 confitere
2664 4617 2677 4641 ,
2709 4578 2928 4640 invoca;
2961 4576 3147 4630 liberat
3177 4584 3226 4629 te
3245 4617 3260 4640 ,
3291 4560 3521 4628 viviiicat
3550 4585 3620 4630 te.
3651 4575 3759 4630 Sed

2171 4682 2346 4729 t-uuen
2373 4669 2570 4740 aliquid
2595 4668 2680 4723 hic
2706 4667 2961 4723 debemus
2980 4666 3172 4722 melius
3193 4664 3510 4735 intelligere,
3525 4681 3630 4734 qtto
3645 4666 3758 4734 jam

2173 4764 2482 4819 familiarius
2527 4761 2879 4818 inbmreamus
2930 4760 3068 4822 Deo,
3094 4757 3439 4827 dicamusque
3484 4758 3600 4823 illi,
3647 4757 3759 4812 Cito

2172 4854 2354 4910 esuudi
2374 4869 2468 4906 me.
2493 4851 2708 4906 Dixerat
2735 4850 2898 4914 enim,
2923 4847 3137 4902 Excelsa
3165 4865 3196 4901 a
3221 4848 3368 4919 longe
3387 4848 3677 4918 cognoscit:
3704 4860 3761 4903 et

2105 4951 2114 4960 '
2173 4948 2382 5003 excelsa
2415 4945 2643 5015 superba
2682 4957 2787 4997 non
2823 4950 3021 4996 norunt
3067 4941 3486 4996 tribulationem.
3509 4939 3623 4994 Non
3653 4956 3757 4994 no-

2175 5051 2320 5102 runt,
2349 5040 2587 5108 inquam,
2615 5036 3012 5100 tribulationem
3035 5032 3104 5088 de
3131 5048 3232 5102 qua
3260 5032 3453 5086 dicitur
3480 5031 3585 5084 alio
3609 5030 3758 5096 loco,

2178 5133 2233 5189 T.-
2250 5133 2572 5186 ibulationem
2589 5139 2638 5184 et
2664 5130 2888 5183 dolorem
2912 5109 3097 5192 inveni,
3117 5135 3162 5179 et
3187 5141 3366 5179 nomen
3389 5123 3594 5177 Domini
3617 5123 3764 5176 inoo-

2170 5225 2281 5283 esui
2308 5226 2324 5292 (
2356 5223 2496 5277 l’sal.
2527 5236 2667 5286 cnv,
2691 5221 2742 5287 5,
2774 5220 2848 5290 4).
2881 5218 3016 5287 Quid
3045 5217 3186 5272 enim
3217 5231 3486 5286 magnum,
3517 5216 3561 5268 si
3589 5214 3764 5268 tribu-

2175 5317 2300 5370 latio
2344 5325 2394 5370 te
2421 5313 2691 5369 inveniat?
2719 5311 2776 5368 Si
2801 5309 2998 5381 aliquid
3027 5318 3213 5379 potes,
3243 5318 3300 5362 tu
3325 5307 3502 5363 inveni
3534 5305 3760 5360 tribula-

2242 5497 2256 5525 ι
2287 5501 2385 5540 Am.
2405 5503 2515 5541 cum
2529 5491 2673 5540 unico
2695 5496 2823 5549 Mss,
2841 5493 2888 5537 et
2904 5485 3030 5537 videt
3052 5484 3324 5535 damnator.
3347 5489 3444 5542 En,
3464 5488 3511 5532 et
3525 5481 3651 5533 uidet
3675 5479 3762 5530 de»

2178 5557 2423 5618 prcedutor
2446 5559 2491 5603 et
2514 5553 2784 5618 damnator.
3164 5605 3177 5616 ,
3373 5617 3409 5618 ﬂ
3549 5597 3728 5618 _h_-_.__,

2242 5621 2259 5647 π
2287 5625 2358 5663 t-ir.
2386 5623 2437 5664 et
2459 5615 2635 5686 Regius
2658 5621 2758 5672 διε,
2801 5621 2948 5673 super
2987 5619 3096 5672 quae
3130 5605 3202 5658 eis
3235 5618 3338 5656 esse
3359 5603 3518 5656 oculos
3537 5603 3755 5662 Densius",

2180 5688 2290 5729 tum?
2314 5683 2530 5738 mereris,
2559 5683 2655 5724 etc.
3060 5730 3070 5738 _
3202 5728 3214 5738 ,
3245 5728 3257 5738 ,

2248 5724 2529 5800 θειοξιιιςὰἶ
2549 5745 2665 5786 ven.
2687 5741 2740 5783 et
2761 5742 2889 5793 tnv.,
2907 5730 3140 5802 superbus
3277 5724 3423 5778 ttt...?
3513 5731 3571 5774 Il.

2244 5803 2268 5844 5
2292 5809 2362 5861 er.
2381 5796 2493 5858 mg.
2521 5807 2636 5848 \‘en.
2667 5803 2713 5847 et
2736 5804 2866 5853 ιον,
2893 5796 3064 5845 rideat.
3163 5798 3213 5840 lt.
