4078 6468
263 373 396 434 ,1781

267 491 482 544 tionem.
505 484 568 538 lit
587 481 705 553 quis
722 489 826 546 est,
849 479 1041 548 inquis,
1059 477 1148 550 qui
1173 475 1402 531 inveniat
1419 467 1840 527 tribulationem?

268 591 358 636 aut
381 579 502 644 quis
533 577 676 630 illam
707 573 788 628 vel
815 571 1052 643 qua‘rat?
1079 571 1136 624 In
1157 568 1330 624 medio
1364 563 1718 622 tribulationis
1744 574 1802 613 es
1825 599 1840 626 ,

266 682 320 728 et
347 668 560 726 neseis?
589 666 710 722 Vita
751 666 850 719 ista
879 679 1038 733 parva
1078 660 1348 718 tribulatio
1377 659 1495 713 est?
1515 655 1570 712 Si
1613 669 1719 710 non
1763 662 1846 708 est

267 759 565 824 tribulatio,
605 771 708 812 non
735 768 817 810 εει
847 753 1200 824 peregrinatio
1223 768 1240 818 ;
1263 751 1308 806 si
1331 759 1508 804 autem
1537 745 1842 817 peregrina.

266 855 341 908 tio
379 859 462 906 est
486 891 502 917 ,
534 857 624 904 aut
663 863 849 918 parum
884 846 1104 916 patriam
1146 844 1320 914 diligis
1346 884 1361 910 ,
1398 849 1489 896 aut
1531 839 1646 896 sine
1683 837 1846 892 dubio

267 947 556 1004 tribularis.
579 945 708 1014 Quis
733 944 874 998 enim
899 958 1002 997 non
1035 941 1333 1002 triltnletnr,
1359 953 1464 992 non
1493 951 1552 992 se
1575 949 1696 990 esse
1725 947 1846 987 cum

265 1055 330 1096 eo
357 1039 500 1110 quod
545 1035 982 1093 desiderat?Sed
1027 1033 1168 1088 unde
1214 1031 1308 1086 tibi
1355 1045 1460 1084 non
1491 1027 1700 1082 videtur
1747 1025 1845 1080 ista

265 1129 534 1186 tribulatio
553 1129 577 1182 ?
599 1127 732 1196 Quia
782 1141 886 1180 non
934 1140 1102 1180 amas.
1131 1123 1264 1178 Ama
1312 1121 1530 1175 alteram
1565 1121 1722 1173 vitam
1753 1159 1766 1182 ,
1794 1125 1848 1172 et

265 1221 472 1276 videbis
499 1221 620 1290 quia
649 1220 750 1273 ista
779 1219 883 1272 vita
915 1215 1184 1271 tribulatio
1212 1222 1294 1268 est
1325 1231 1336 1266 :
1367 1225 1698 1282 quacumque
1721 1224 1846 1277 pro-

263 1313 522 1381 spcritate
547 1309 740 1381 fulgeat
767 1350 784 1378 ,
813 1305 1136 1379 quibuslibet
1177 1303 1382 1358 deliciis
1413 1299 1647 1354 abundet
1689 1307 1848 1367 atque

263 1403 598 1459 circumﬂuat
629 1403 668 1468 ⁸;
695 1401 907 1472 quando
935 1397 1170 1452 nondum
1195 1403 1276 1449 est
1301 1393 1426 1446 illud
1456 1391 1707 1462 gaudium
1733 1389 1850 1443 sine

263 1495 374 1550 tilia
399 1493 690 1550 tentatione
717 1492 1091 1553 certissimum,
1115 1485 1256 1557 quod
1278 1483 1430 1538 nobis
1464 1485 1514 1536 in
1543 1481 1646 1534 fine
1676 1485 1851 1534 servat

264 1587 410 1641 Deus
430 1627 444 1651 ,
476 1585 592 1639 sine
620 1582 784 1637 dubio
812 1578 1082 1634 tribulatio
1110 1585 1212 1632 est.
1245 1573 1384 1642 Ergo
1415 1571 1766 1640 intelligamus
1797 1575 1852 1622 et

263 1677 426 1747 hujus
469 1673 866 1731 tribulationem
890 1713 903 1734 ,
934 1670 1145 1724 fratres.
1175 1666 1234 1722 Si
1262 1664 1578 1720 ambulurero
1606 1664 1658 1715 in
1685 1659 1851 1714 medio

263 1767 624 1831 tribulationis,
653 1762 924 1830 viviﬁcabis
953 1776 1050 1812 me.
1083 1757 1196 1812 Non
1237 1755 1314 1810 sic
1342 1755 1416 1810 ait
1445 1793 1460 1818 ,
1493 1762 1741 1822 tanquam
1772 1749 1854 1804 di-

259 1869 432 1927 ceret,
457 1859 515 1913 Si
549 1859 685 1912 forte
711 1855 950 1911 evenerit
971 1851 1100 1908 milii
1129 1849 1402 1906 tribulatio
1427 1846 1601 1916 aliqua
1618 1887 1632 1911 ,
1658 1844 1852 1898 libera-

257 1950 346 2005 bis
385 1949 509 2006 inde
539 1963 646 2004 me.
673 1946 780 2003 Sed
823 1941 1123 2015 quomodo?
1155 1940 1215 1996 Si
1245 1938 1562 1993 ambulauero
1597 1937 1652 1989 in
1689 1935 1852 1989 medio

258 2041 624 2106 tribulationis,
655 2037 928 2107 viviﬁcabis
956 2051 1033 2089 me
1050 2051 1070 2100 ;
1093 2033 1144 2088 id
1173 2040 1274 2099 est,
1305 2030 1462 2084 aliter
1486 2044 1590 2082 non
1617 2027 1854 2080 viviﬁca-

255 2135 348 2190 bis
393 2147 479 2188 me
501 2174 516 2197 ,
549 2132 652 2188 nisi
699 2131 752 2186 in
799 2126 978 2184 medio
1007 2123 1360 2182 tribulationis
1397 2119 1758 2174 ambulavcro.
1792 2115 1854 2172 Si

256 2225 586 2278 ambularem
627 2221 683 2276 in
721 2220 886 2274 medio
926 2215 1284 2280 tribulationis,
1329 2210 1599 2280 viviﬁcabis
1631 2225 1728 2262 me.
1764 2206 1854 2262 νω

256 2316 572 2378 ridentibus;
599 2315 728 2370 beati
753 2313 978 2383 lugentes
999 2309 1147 2382 (Luc.
1175 2325 1246 2372 Vt,
1276 2307 1340 2362 21
1369 2348 1382 2372 ,
1415 2305 1510 2377 25)
1541 2323 1554 2360 :
1580 2303 1640 2358 Si
1677 2303 1856 2356 ambu-

259 2411 436 2465 lavero
466 2411 519 2462 in
547 2408 712 2462 medio
737 2404 1092 2468 tribulationis,
1121 2399 1394 2470 uiviﬁcabis
1421 2414 1518 2452 me.

335 2501 426 2558 15.
451 2499 620 2570 Super
641 2499 772 2552 iram
791 2496 1104 2550 inimicorum
1127 2507 1350 2546 meorum
1367 2487 1632 2543 extendiin
1653 2501 1856 2540 manum

258 2602 427 2656 tuam,
450 2603 495 2644 et
521 2590 716 2646 salvum
737 2604 815 2644 me
839 2586 956 2656 fecit
980 2586 1186 2638 dextera
1211 2591 1315 2634 tua.
1345 2580 1578 2636 Satviant
1611 2577 1812 2632 inimici
1837 2593 1852 2641 ;

257 2683 394 2754 quid
417 2691 638 2754 possunt
658 2678 836 2736 facere
859 2675 1101 2733 inimici?
1127 2672 1412 2728 Pecuniam
1437 2670 1644 2735 tollere,
1665 2682 1856 2738 exSpo-

257 2773 422 2838 liare.
449 2771 807 2842 proscribere,
833 2769 885 2823 in
915 2766 1158 2822 exsilium
1191 2764 1424 2828 mittere,
1451 2760 1721 2816 doloribus
1749 2768 1850 2814 tor-

201 2925 204 2928 ,
255 2863 568 2932 mentisque
585 2860 864 2924 cruciare;
892 2857 960 2912 ad
993 2863 1320 2927 postremum
1344 2893 1360 2918 ,
1393 2851 1438 2906 si
1463 2851 1710 2922 permissi
1735 2849 1854 2904 fue-

259 2953 394 3018 rint,
427 2963 482 3008 et
507 2951 753 3008 occidere
782 2969 796 3004 :
829 2947 1083 3018 numquid
1107 2943 1371 3014 amplius?
1399 2943 1478 2998 Tu
1509 2953 1685 2998 autem
1704 2983 1718 3006 ,
1751 2941 1856 2996 Do-

257 3045 436 3112 mine,
461 3060 612 3114 super
633 3044 764 3096 iram
785 3041 1103 3096 inimicorum
1127 3053 1350 3091 meorum
1370 3035 1632 3090 extendisti
1653 3049 1856 3088 manum

261 3142 410 3188 tuam
443 3149 462 3190 :
487 3149 650 3204 super
679 3133 732 3186 id
763 3131 906 3202 quod
939 3129 1067 3184 mihi
1099 3135 1320 3198 possunt
1349 3126 1524 3180 facere
1549 3125 1771 3191 inimici,
1801 3133 1854 3178 tu

259 3224 556 3282 ostendisti
601 3227 1014 3294 madumtuam.
1063 3219 1178 3274 Non
1224 3217 1366 3272 enim
1407 3216 1603 3271 inimici
1637 3223 1860 3286 possunt

258 3334 352 3374 me
381 3331 637 3388 separare
677 3331 708 3370 a
737 3324 827 3378 te;
859 3323 913 3368 tu
955 3323 1132 3367 autent
1173 3309 1400 3380 amplius
1439 3307 1672 3363 vindicas
1695 3349 1710 3375 ,
1737 3307 1858 3378 quia

259 3412 448 3470 adhuc
487 3409 670 3464 diﬁ'ers
713 3424 798 3464 me
831 3425 845 3462 :
880 3408 1050 3476 Super
1093 3406 1220 3458 iram
1269 3402 1592 3456 inimicorum
1633 3417 1858 3454 meorum

261 3503 538 3560 extendisti
581 3519 788 3557 manum
818 3512 973 3556 tuam.
1007 3500 1209 3554 Sseviat
1253 3507 1503 3568 quantum
1551 3503 1724 3566 potest
1755 3495 1858 3549 inia

260 3598 444 3654 mieus
467 3637 483 3664 ,
515 3609 624 3650 non
652 3609 740 3649 me
763 3601 978 3662 separat
1008 3609 1036 3644 ει
1071 3593 1180 3644 Deo
1208 3609 1220 3644 :
1254 3601 1306 3643 tu
1339 3599 1514 3644 autem
1546 3629 1564 3654 ,
1593 3587 1818 3642 Domine
1841 3625 1858 3650 ,

263 3687 448 3744 adhuc
477 3701 562 3742 me
587 3701 694 3740 non
723 3684 918 3752 recipis
941 3685 960 3714 '
982 3723 998 3747 ,
1027 3682 1200 3736 adhuc
1227 3697 1310 3736 me
1345 3681 1398 3734 in
1438 3677 1864 3749 peregrinatione

263 3777 512 3833 conteris
537 3817 552 3842 ,
577 3775 749 3830 adhuc
789 3774 1039 3844 gaudium
1087 3772 1534 3840 dulcedinemque
1563 3777 1710 3823 tuam
1755 3783 1862 3822 non

263 3871 524 3939 praebes;
554 3867 793 3922 nondum
821 3865 1098 3920 ittcbt‘iusti
1133 3863 1202 3918 ab
1227 3863 1472 3918 ubertate
1501 3861 1691 3916 domus
1712 3869 1816 3915 tua:
1843 3902 1860 3928 ,

263 3971 320 4016 et
351 3967 597 4014 torrente
620 3957 904 4027 voluptatis
939 3965 1044 4011 tua:
1088 3955 1323 4010 nondum
1373 3953 1587 4023 potasti.
1616 3953 1768 4022 Apud
1812 3962 1864 4008 te

266 4054 418 4108 enim
443 4061 526 4107 est
553 4051 672 4106 fons
695 4052 838 4116 vitae,
861 4057 916 4104 et
941 4050 992 4104 in
1017 4049 1220 4103 lumine
1241 4055 1334 4102 tuo
1359 4045 1657 4112 videbimus
1683 4047 1865 4100 lumen

269 4145 290 4213 (
311 4143 465 4198 Psul.
495 4157 662 4208 xxxv,
687 4141 751 4206 9,
781 4138 892 4212 10).
924 4139 1030 4196 Sed
1057 4152 1184 4194 ecce
1213 4137 1336 4192 dedi
1365 4137 1386 4170 ³
1413 4137 1673 4207 primitias
1712 4136 1868 4205 spiri-

269 4245 358 4290 tus
379 4277 394 4298 ,
427 4244 484 4288 et
511 4233 712 4288 credidi
743 4233 794 4286 in
823 4241 874 4287 te
892 4273 907 4298 ,
936 4239 992 4288 et
1019 4229 1194 4286 servio
1217 4237 1396 4284 mente
1431 4227 1532 4298 legi
1563 4227 1656 4282 Dei
1691 4226 1866 4298 (Rom.

268 4341 368 4391 vn,
392 4326 512 4390 25);
543 4333 720 4380 tamen
749 4323 800 4378 in
833 4321 1229 4391 nobismetipsis
1253 4319 1428 4376 adhuc
1449 4319 1864 4391 ingemiscimus,

271 4417 624 4484 adoptionem
654 4421 1050 4484 exspectantes,
1077 4412 1498 4482 redemptionem
1523 4411 1762 4480 corporis
1783 4425 1870 4464 no-

273 4509 372 4562 stri
407 4504 519 4574 (Id.
551 4521 646 4560 vni
672 4545 688 4572 ,
718 4504 832 4576 23).
863 4503 1015 4560 Hane
1039 4505 1199 4558 vitam
1231 4503 1386 4558 nobis
1415 4500 1760 4572 peccantibus
1783 4500 1870 4556 de-

273 4598 360 4654 dit
389 4600 555 4663 Deus,
585 4597 676 4652 ubi
705 4597 866 4652 etiam
895 4611 1114 4652 necesse
1141 4604 1224 4651 est
1267 4603 1325 4650 ut
1362 4603 1668 4652 conteratur
1701 4593 1870 4648 Adam

276 4692 334 4747 in
363 4689 568 4746 sudore
593 4699 648 4746 et
670 4689 854 4746 labore
877 4689 1057 4744 vultus
1080 4689 1189 4754 sui,
1219 4703 1342 4744 cum
1369 4697 1510 4744 terra
1559 4687 1608 4742 ei
1651 4686 1874 4742 tribulos

277 4791 336 4840 et
363 4782 552 4853 spinas
575 4781 715 4854 parit
733 4779 888 4852 (Gen.
913 4796 990 4847 ιιι,
1015 4779 1102 4843 18,
1127 4777 1240 4850 19).
1265 4777 1532 4848 Numquid
1557 4778 1750 4848 aliquis
1776 4776 1876 4830 ini-

277 4873 461 4928 micus
488 4871 609 4942 plus
637 4871 810 4942 potuit
835 4869 1164 4941 procurare?
1193 4868 1362 4936 Super
1393 4867 1522 4920 iram
1557 4867 1876 4921 inimicorum

277 4979 516 5018 meorum
558 4961 818 5016 extendiin
866 4967 1070 5014 manum
1113 4969 1254 5013 tuam
1275 4975 1296 5014 :
1321 4958 1416 5013 sed
1462 4967 1633 5012 tamen
1673 4973 1778 5012 non
1809 4956 1878 5012 ad

283 5053 744 5124 desperationem.
787 5052 1038 5122 Sequitur
1079 5051 1222 5106 enim
1255 5049 1362 5104 εει
1398 5047 1592 5102 saluum
1643 5063 1722 5101 me
1763 5048 1880 5118 fecit

269 5137 504 5198 dextera
527 5151 632 5196 tua.

363 5233 456 5288 14.
499 5232 678 5288 Potest
722 5241 778 5289 et
819 5231 898 5285 sic
929 5229 1180 5300 intelligi,
1209 5245 1359 5298 super
1397 5229 1522 5280 iram
1565 5227 1882 5282 mimicorum

284 5341 522 5380 meorum
543 5324 808 5378 eatendisti
829 5339 1034 5378 nionem
1059 5333 1198 5376 tuam
1229 5337 1248 5374 :
1277 5321 1636 5376 insidiantur
1661 5318 1878 5384 inimici,

359 5503 380 5532 ι
407 5501 481 5550 sic
505 5498 728 5562 plerique
755 5505 868 5562 Mss,
889 5497 1000 5562 Edd.
1029 5509 1166 5558 vero,
1187 5493 1558 5559 circumﬂoreat.

359 5564 384 5594 ³
409 5558 597 5624 Regius
609 5558 686 5624 Ms.
701 5597 714 5618 ,
731 5558 956 5624 respicis.

407 5613 540 5680 [οἴη
565 5613 757 5673 dedisti.
783 5613 834 5671 Ai
877 5631 973 5668 am.
999 5625 1072 5668 Er.
1101 5627 1152 5669 et
1175 5617 1340 5680 plures
1360 5623 1450 5680 Mss
1471 5651 1486 5678 ,
1513 5613 1644 5680 dedi.
1671 5623 1796 5680 Hanc
1815 5614 1886 5664 le-

291 5679 780 5736 dionentconﬁrmat
797 5681 912 5732 illud
933 5694 1098 5743 supra,
1123 5679 1332 5743 inLPsal._
1349 5679 1455 5738 151,
1473 5693 1522 5728 ιι.
1555 5679 1641 5728 l8:
1670 5695 1692 5724 ι
1713 5679 1888 5743 dantes

301 5764 328 5794 ι
347 5749 452 5808 jam
501 5755 598 5795 Deo
623 5747 861 5808 primitias
881 5740 1078 5804 spiritus
1121 5743 1288 5802 nostri,
1322 5741 1420 5790 hoc'
1451 5749 1544 5802 est,
1571 5753 1718 5804 ipsam
1741 5740 1886 5789 iidem

303 5825 332 5858 ι
347 5807 583 5870 tanquam
600 5807 918 5870 tuimogenita
939 5809 1114 5854 nostra.
1139 5819 1161 5848 ι

1327 358 1720 417 ΕΝΑΒΒᾹἸἸΟ
1751 357 1814 412 ΙΝ
1854 357 2174 416 Ρεειιιιυιι
2215 355 2519 412 CXXXVII.

3393 359 3532 414 1782

1955 467 2230 522 vindicasti
2259 485 2342 522 me
2360 469 2426 523 de
2455 467 2696 522 inimicis.
2721 467 2959 522 Peccator
2989 467 3162 522 videbit
3189 478 3236 523 et
3263 468 3521 528 irascetur.

1951 557 2178 613 dentibus
2223 561 2324 614 suis
2370 560 2560 629 {reuch
2611 571 2654 612 ct
2697 560 2904 614 tabescet
2931 558 3097 631 (Psal.
3129 575 3254 628 cat,
3287 559 3395 629 10).
3429 559 3532 614 Ubi

1951 661 2072 707 sunt
2097 654 2184 722 qui
2211 653 2458 708 dicebant
2490 670 2503 706 :
2535 653 2722 708 Pereat
2747 668 2940 708 nomen
2961 653 3382 708 Christianorum
3414 654 3430 684 ¹
3461 652 3530 708 de

1952 746 2126 800 terra?
2150 745 2306 801 Certe
2349 755 2438 800 aut
2467 747 2800 812 moriuntur,
2829 753 2920 800 aut
2959 753 3362 802 convertuntur.
3389 744 3534 814 Ergo

1953 837 2120 908 Super
2143 840 2268 894 iram
2291 839 2606 894 inimicorum
2633 839 2895 892 extendiin
2921 853 3132 893 manum-
3152 847 3308 903 tuam,
3340 851 3534 907 quam-

1951 930 2042 986 diu
2065 929 2330 986 diceretur
2351 933 2492 1001 quod
2513 932 2770 1001 scriptum
2793 941 2874 986 est
2903 949 2915 984 :
2945 929 3152 985 Inimici
3179 931 3278 985 mei
3299 931 3536 986 dixerunt

1953 1020 2090 1074 ntula
2115 1019 2258 1086 mihi,
2279 1021 2480 1091 quando
2505 1023 2742 1076 morietur
2759 1031 2804 1076 et
2824 1021 2996 1090 peribit
3023 1038 3202 1076 nomen
3229 1023 3338 1092 ejus
3360 1019 3530 1092 (Paul.

1954 1127 2020 1166 ιιι.
2047 1153 2062 1178 ,
2090 1111 2192 1180 6)?
2219 1111 2430 1180 quando
2465 1111 2728 1166 delabitur
2767 1126 2960 1168 nomen
3003 1111 3420 1166 Christianorum
3467 1109 3536 1174 de

1956 1201 2134 1256 terra?
2157 1201 2288 1256 Cum
2321 1201 2502 1255 dicunt
2531 1202 2628 1256 ista
2657 1241 2670 1266 ,
2699 1202 2890 1270 partim
2937 1200 3276 1256 crediderunt
3299 1239 3312 1264 ,
3342 1199 3532 1270 partim

1955 1294 2226 1364 perierunt
2245 1333 2260 1358 ,
2291 1293 2444 1362 pauci
2481 1293 2648 1347 timidi
2679 1301 3066 1348 remanserunt.
3091 1293 3298 1358 Quanta
3327 1293 3402 1346 ira
3433 1292 3538 1346 iui-

1955 1385 2212 1440 micorum
2241 1384 2484 1440 saiviebat
2511 1425 2526 1448 ,
2553 1385 2764 1454 quando
2789 1385 3000 1456 sanguis
3027 1393 3318 1457 martyrum
3346 1383 3536 1439 funde-

1954 1475 2145 1532 batur!
2175 1474 2454 1542 Quomodo
2495 1489 2554 1530 se
2599 1475 2852 1544 putabant
2895 1491 3086 1531 nomen
3114 1476 3538 1532 Christianorum

1954 1565 2136 1622 delere
2165 1567 2230 1622 de
2259 1574 2399 1620 terra
2427 1569 2438 1620 !
2473 1565 2642 1636 Super
2667 1567 2798 1620 iram
2837 1567 3154 1622 inimicorum
3179 1583 3400 1621 meorum
3445 1583 3536 1620 ea:-

1955 1657 2157 1712 tendisti
2183 1673 2386 1712 manum
2415 1667 2552 1718 tuam
2573 1697 2588 1720 ,
2621 1667 2668 1710 et
2693 1656 2888 1712 salvum
2927 1673 3006 1711 me
3051 1658 3174 1726 fecit
3195 1658 3400 1712 dextera
3430 1667 3538 1710 tua.

1957 1747 2095 1804 Ecce
2139 1748 2212 1802 ilii
2261 1748 2350 1817 qui
2403 1757 2664 1819 martyres
2719 1747 3174 1819 persequebantur
3202 1789 3216 1813 ,
3255 1749 3540 1802 memorias

1955 1847 2246 1909 martyrum
2301 1839 2600 1908 inquirunt,
2645 1847 2734 1894 aut
2779 1837 2868 1894 ubi
2909 1838 3169 1894 adorent'
3195 1879 3208 1902 ,
3240 1849 3328 1892 aut
3371 1838 3458 1892 ubi
3481 1851 3542 1892 se

1957 1931 2258 1996 inebrient;
2307 1939 2552 2002 quaerunt
2595 1940 2790 1986 tamen.
2841 1932 3008 2002 Super
3051 1933 3180 1984 iram
3223 1929 3544 1984 inimicorum

1956 2041 2180 2080 meorum
2224 2023 2488 2080 eatendisti
2537 2039 2743 2078 ntanum
2791 2033 2930 2076 tuam
2960 2063 2974 2088 ,
3007 2031 3050 2075 et
3079 2021 3274 2076 salvum
3323 2037 3403 2074 me
3431 2019 3546 2088 fecit

1957 2117 2162 2172 dextera
2201 2126 2306 2168 tua.
2355 2113 2658 2170 Secundum
2703 2112 3026 2168 desiderium
3075 2112 3268 2168 solrum
3307 2128 3388 2166 me
3428 2111 3566 2180 fecit.

1958 2207 2162 2262 dextera
2192 2215 2296 2260 tua.
2325 2205 2422 2262 Est
2449 2206 2690 2276 qutcdam
2738 2205 2882 2260 salus
2925 2205 2976 2258 in
3023 2204 3280 2270 dextera;
3313 2218 3436 2258 nam
3463 2213 3546 2256 est
3591 2239 3598 2244 -

1961 2299 2126 2352 altera
2157 2299 2302 2352 salus
2326 2297 2382 2352 in
2411 2298 2624 2353 sinistra
2657 2315 2670 2350 :
2701 2296 2846 2351 salus
2875 2295 3182 2366 temporalis
3210 2303 3268 2350 et
3293 2293 3542 2356 carnalis,

1959 2389 2014 2444 in
2041 2389 2255 2443 sinistra
2290 2397 2402 2454 est;
2431 2389 2574 2442 salus
2603 2395 2800 2442 aeterna
2827 2401 2948 2441 cum
2975 2385 3222 2455 Angelis,
3249 2384 3300 2440 in
3327 2384 3544 2438 dextera

1959 2489 2059 2535 est.
2089 2479 2214 2534 Ideo
2237 2478 2346 2548 jam
2383 2479 2434 2532 in
2465 2479 2576 2548 ipsa
2603 2477 3000 2532 immortalitate
3033 2476 3236 2546 positus
3259 2473 3500 2528 Clu-istos
3523 2513 3538 2536 ,

1959 2569 2154 2626 dicitur
2182 2569 2369 2622 sedere
2399 2567 2464 2622 ad
2489 2567 2762 2622 dexteram
2793 2567 2884 2622 Dei
2913 2564 3100 2637 (Marc.
3135 2581 3220 2620 xvi
3242 2607 3256 2630 ,
3287 2562 3548 2634 i9)._Nou

1959 2661 2100 2717 enim
2149 2661 2284 2716 Deus
2334 2659 2494 2714 habet
2535 2659 2586 2712 in
2617 2659 2792 2727 seipso
2815 2657 3094 2712 dexteram
3117 2665 3208 2710 aut
3236 2655 3544 2718 sinistram;

1961 2751 2056 2806 sed
2104 2751 2322 2806 dextera
2369 2749 2462 2806 Dei
2503 2748 2700 2804 dicitur
2741 2748 2962 2802 felicitas
2995 2747 3078 2800 illa
3103 2787 3119 2812 ,
3141 2761 3264 2818 qua:
3295 2746 3546 2816 quoniam

1959 2843 2164 2898 ostendi
2211 2843 2376 2898 oculis
2420 2857 2523 2896 non
2553 2849 2761 2910 potest,
2791 2839 2896 2894 tale
2939 2853 3132 2893 nomen
3175 2837 3396 2906 accepit.
3441 2836 3552 2890 Hac

1959 2936 2178 2992 dextera
2209 2945 2296 2990 tua
2321 2934 2524 2988 salvum
2547 2949 2632 2988 me
2653 2932 2844 2997 fecisti,
2870 2946 2974 2986 non
2999 2929 3290 2986 secundum
3317 2929 3544 2982 salutem

1959 3025 2329 3095 temporalem.
2370 3023 2504 3078 Nam
2545 3022 2786 3093 Crispina
2827 3021 3002 3076 occisa
3031 3033 3142 3083 eSt;
3175 3019 3268 3074 sed
3295 3017 3550 3088 numquid

1960 3117 2192 3172 deseruit
2218 3116 2359 3170 illam
2381 3115 2552 3170 Deus?
2567 3113 2683 3169 Non
2707 3114 2846 3168 illam
2875 3112 2996 3167 fecit
3019 3112 3216 3167 salvam
3235 3111 3286 3164 in
3311 3110 3552 3176 sinistra,

1962 3209 2055 3264 sed
2103 3207 2227 3262 fecit
2253 3209 2305 3261 in
2333 3206 2578 3261 dextera.
2607 3204 2892 3258 Macltaba-i
2919 3211 3113 3273 quanta
3141 3208 3400 3256 tormenta
3433 3215 3550 3268 per-

1963 3301 2104 3369 pessi
2131 3307 2254 3352 sunt
2279 3297 2346 3368 (ll
2377 3296 2615 3350 Hac/tab.
2644 3295 2736 3362 vn)
2772 3298 2783 3349 !
2815 3293 2948 3347 Tres
2977 3303 3152 3348 autem
3180 3291 3327 3361 pueri
3353 3291 3404 3344 in
3438 3305 3556 3345 inc-.

1964 3391 2066 3446 diis
2115 3389 2320 3460 ignibus
2360 3387 2750 3444 deatnbulando
2793 3386 3142 3440 laudarerunt
3185 3385 3352 3440 Deum
3383 3382 3548 3453 (Dan.

1965 3500 2018 3538 ιιι
2047 3523 2060 3546 ,
2083 3483 2200 3554 24).
2231 3482 2443 3536 Illorum
2489 3481 2630 3535 salus
2661 3480 2714 3534 in
2743 3480 2960 3534 dextera
2981 3521 2994 3542 ,
3029 3479 3249 3533 istorum
3285 3477 3444 3532 etiam
3495 3477 3550 3530 in

1965 3575 2199 3630 sinislra.
2232 3571 2526 3643 Aliquando
2547 3585 2675 3641 ergo
2701 3587 2806 3624 non
2827 3571 2992 3624 salvat
3019 3569 3070 3624 in
3098 3568 3312 3622 sinistra
3337 3575 3566 3622 sanctos.

1966 3681 2128 3730 suos;
2157 3664 2250 3720 sed
2283 3679 2494 3733 semper
2539 3663 2708 3717 salvat
2753 3662 2802 3714 in
2849 3661 3088 3716 dextera.
3139 3659 3332 3729 lmpios
3373 3667 3551 3712 autem

1966 3758 2278 3825 plerumque
2325 3755 2494 3810 salvat
2533 3756 2584 3807 in
2613 3754 2824 3808 sinistra
2846 3791 2862 3817 ,
2892 3769 2994 3806 non
3021 3751 3188 3806 salvat
3217 3753 3266 3805 in
3311 3751 3550 3805 dextera.

1967 3847 2098 3900 Nam
2125 3845 2202 3900 illi
2229 3846 2318 3914 qui
2349 3844 2804 3914 persequebantur
2831 3843 3150 3912 Crispinum,
3175 3843 3286 3896 sani
3315 3851 3470 3894 erant
3498 3843 3551 3896 in

1968 3951 2194 4005 corpore
2223 3952 2235 3992 :
2265 3935 2352 3989 illa
2379 3935 2554 3990 occisa
2583 3943 2666 3989 est
2685 3975 2698 3997 ,
2731 3935 2806 3988 illi
2833 3933 3035 3987 vivunt.
3068 3933 3286 3986 illorum
3313 3933 3454 3986 salus
3499 3934 3552 3986 in

1967 4028 2201 4093 sinistra,
2217 4027 2356 4080 illius
2369 4027 2418 4080 in
2437 4027 2654 4080 dextera
2677 4043 2688 4078 :
2711 4025 2772 4078 Et
2787 4025 2980 4078 solrum
2996 4041 3074 4078 me
3086 4025 3200 4096 fecit
3217 4025 3422 4078 dextero
3443 4033 3547 4079 tua.

2045 4120 2128 4173 15.
2174 4117 2194 4190 [
2221 4133 2346 4172 νοτε.
2383 4115 2476 4188 8.]
2515 4115 2750 4180 Domine,
2779 4115 3018 4169 retribues
3062 4131 3152 4184 pro
3177 4133 3274 4168 me.
3307 4115 3419 4185 Ego
3450 4133 3554 4170 non

1973 4211 2228 4276 retribuo;
2255 4219 2310 4263 tu
2337 4209 2596 4264 retribues
2623 4223 2720 4278 pro
2749 4223 2852 4262 me.
2883 4207 3114 4263 Samiam
3141 4208 3359 4274 inimici,
3389 4223 3556 4278 quan-

1974 4313 2080 4357 tum
2109 4302 2253 4367 libet;
2275 4310 2326 4354 tu
2353 4300 2620 4354 retribues
2644 4299 2782 4369 quod
2803 4315 2902 4370 ego
2929 4313 3032 4352 non
3055 4313 3288 4369 possum.
3321 4299 3550 4365 Domine,

1971 4393 2212 4447 retribues
2237 4407 2330 4461 pro
2359 4407 2456 4444 me.
2489 4391 2542 4443 ln
2575 4390 2690 4459 ipso
2719 4391 2890 4460 capite
2930 4398 3114 4446 nostro
3139 4389 3412 4446 attendite.
3448 4389 3556 4444 Re-

1973 4483 2126 4552 liquit
2163 4484 2302 4536 enim
2355 4482 2504 4535 nobis
2547 4481 2850 4550 exemplum
2881 4523 2895 4548 ,
2929 4489 2986 4535 ut
3029 4496 3316 4550 sequamur
3341 4481 3556 4551 vestigia

1975 4575 2108 4644 ejus.
2143 4573 2240 4640 Qui
2269 4581 2526 4643 peccatum
2549 4589 2648 4625 non
2679 4573 2829 4642 fecit,
2857 4587 2946 4625 nec
2973 4573 3204 4626 inuentus
3232 4581 3303 4626 est
3328 4572 3474 4628 dolus
3503 4573 3558 4625 in

1977 4683 2060 4719 ore
2087 4667 2194 4736 ejus
2224 4665 2346 4734 :qui
2366 4679 2480 4717 cum
2503 4663 2914 4728 molediceretur,
2943 4679 3042 4716 non
3067 4663 3446 4718 remaledicebat
3474 4663 3558 4716 di-
3600 4715 3608 4744 ὅ

1977 4771 2124 4819 cens,
2155 4755 2388 4819 Domine,
2419 4755 2656 4808 retribues
2687 4769 2778 4823 pro
2801 4769 2878 4806 me
2902 4769 2920 4808 :
2941 4769 3054 4806 cum
3073 4755 3391 4824 judicaretur
3414 4795 3427 4816 ,
3461 4769 3558 4805 non
3595 4747 3598 4754 ’

1980 4847 2410 4909 comminabatur;
2431 4846 2518 4898 sed
2546 4845 2926 4899 commendabat
2948 4863 3002 4900 se
3029 4845 3106 4900 illi
3131 4845 3378 4912 iudicanti
3383 4846 3523 4912 juste
3541 4845 3562 4878 ³

1982 4939 2021 5010 (ι
2061 4937 2198 4992 Petr.
2229 4953 2304 5004 ιι,
2355 4935 2574 5009 21-25).
2623 4935 2758 5001 Quid
2789 4945 2889 5002 est,
2918 4936 3149 5002 Domine,
3181 4934 3440 5000 retribues,
3471 4951 3564 5004 pro

1983 5030 2101 5084 me?
2128 5029 2235 5098 Ego
2259 5069 2274 5094 ,
2305 5029 2508 5098 inquit,
2539 5045 2640 5082 non
2681 5043 2854 5097 qua'ro
2891 5028 3102 5096 gloriam
3148 5041 3342 5090 meam;
3375 5035 3448 5079 est
3476 5027 3562 5095 qui

1983 5131 2174 5192 «intrrat
2201 5131 2246 5176 et
2265 5121 2456 5190 judicet
2483 5119 2657 5191 (J-oan.
2686 5135 2798 5186 vin,
2827 5121 2942 5188 50).
2969 5117 3085 5172 Νοη
3114 5119 3432 5186 vosmetipsos
3458 5119 3565 5172 vin-

1987 5214 2209 5268 dicentes
2233 5254 2248 5278 ,
2277 5212 2560 5265 charissimi
2584 5253 2598 5276 ,
2630 5211 2914 5279 Apostolus
2938 5209 3062 5262 dicit
3095 5226 3106 5260 :
3138 5210 3225 5262 sed
3254 5209 3368 5263 date
3398 5210 3564 5262 locum

1986 5307 2096 5360 ινιτ.
2121 5303 2379 5372 Scriptum
2407 5312 2478 5354 est
2510 5303 2641 5355 enim
2662 5343 2674 5364 ,
2707 5299 2836 5353 Mihi
2863 5299 3168 5360 uindictam,
3215 5309 3261 5352 et
3307 5317 3395 5370 ego
3421 5302 3568 5354 retti-
3615 5348 3626 5372 ,

1989 5397 2156 5458 buam,
2187 5394 2310 5447 dicit
2337 5391 2787 5461 DominusUiom.
2821 5407 2914 5455 xu,
2941 5390 3053 5460 l9).
3087 5391 3302 5446 Domine
3327 5392 3566 5446 retribues

1989 5502 2081 5555 pro
2107 5501 2204 5540 me.

2054 5618 2072 5648 ι
2099 5613 2265 5662 Plures
2283 5618 2390 5660 Mss.
2415 5617 2710 5670 constanter,
2733 5611 3066 5662 christianum.

2053 5680 2076 5710 ³
2101 5675 2290 5736 Aliquot
2311 5679 2438 5730 uss,
2457 5679 2610 5721 orent.

2056 5740 2076 5770 ³
2101 5732 2328 5806 Amicum
2345 5736 2492 5806 unico
2513 5741 2614 5795 Ms.,
2639 5732 2827 5806 injuste.
2860 5741 2915 5784 At
2945 5734 3057 5786 Fdd.
3083 5736 3180 5800 alii,
3209 5745 3259 5788 et
3281 5743 3408 5802 Mss,
3431 5737 3572 5803 iuste,

1990 5803 2128 5864 juxta
2149 5805 2295 5846 Graec.
2323 5793 2526 5845 diltaibs.
2603 5793 2632 5816 ’·
2681 5793 2695 5796 ⁷
2727 5805 2732 5810 ’
3125 5815 3128 5818 ι
