4038 6458
516 350 652 404 I783

585 465 669 517 It}.
699 463 794 520 Est
842 463 924 519 hic
965 464 1098 519 alius
1143 464 1437 520 intellectus
1481 479 1584 520 non
1630 467 1966 538 negligendus
1991 513 2003 534 ,
2037 482 2089 526 et

511 553 649 609 forte
691 542 856 625 magis
897 555 1185 625 eligendus.
1221 556 1434 611 Domine
1460 558 1668 613 Christe
1692 601 1707 625 ,
1734 562 1971 616 retribues
1997 580 2087 634 pro

509 659 610 698 me.
639 643 751 714 Ego
776 645 976 699 enimsi
1000 647 1234 708 reddam,
1257 649 1436 716 rapui;
1468 658 1520 703 tu
1545 651 1682 718 quod
1715 666 1816 705 non
1845 656 2082 724 rapuisti,

510 733 710 792 solvisti
742 751 754 786 :
784 734 1034 798 Domine,
1066 735 1303 791 retribues
1334 755 1423 807 pro
1451 756 1546 793 me.
1580 740 1710 795 Vide
1749 742 1894 797 illum
1928 746 2082 800 retri-

505 822 756 884 huenlem
789 839 884 894 pro
912 826 1081 880 nobis.
1111 820 1379 882 Venerunt
1403 831 1490 900 qui
1515 831 1764 888 tributum
1790 835 2080 905 exigerent;

506 915 785 984 exigebant
806 917 1054 971 tributum
1077 918 1456 984 didrachmam,
1482 922 1534 976 id
1554 932 1635 976 est
1654 923 1783 978 duas
1806 925 2084 982 drachmas

503 1004 557 1058 in
589 1021 692 1059 uno
719 1005 931 1062 homine
962 1026 974 1062 :
1003 1018 1215 1063 ventum
1241 1019 1321 1066 est
1346 1010 1410 1065 ad
1438 1012 1739 1080 Dominum,
1769 1023 1827 1068 ut
1855 1017 2084 1073 solveret

505 1095 792 1160 tributum;
824 1097 941 1176 imo
965 1115 1070 1152 non
1100 1099 1170 1152 ad-
1198 1101 1366 1168 ipsum
1391 1143 1405 1168 ,
1438 1103 1530 1157 sed
1569 1103 1634 1157 ad
1673 1105 1998 1174 discipulos;
2030 1117 2084 1164 et

502 1185 701 1240 dictum
741 1196 822 1242 est
863 1188 1000 1243 illis:
1031 1191 1274 1261 Magister
1297 1202 1452 1247 vester
1481 1211 1579 1247 non
1615 1197 1757 1248 solvit
1803 1198 2037 1251 tributum
2059 1201 2084 1253 ?

501 1275 580 1329 Illi
625 1279 921 1332 retulerunt.
955 1279 1021 1333 ad
1051 1296 1196 1335 eum.
1230 1282 1293 1335 Et
1323 1283 1410 1338 ille
1441 1303 1455 1338 :
1485 1285 1644 1354 Reges
1685 1296 1830 1340 teri-te
1851 1306 1880 1339 a
1906 1291 2082 1357 quibus

501 1369 707 1436 exigunt
753 1369 1028 1432 tributum?
1056 1367 1090 1424 α’
1113 1373 1233 1441 ﬁliis
1257 1374 1380 1438 suis,
1411 1391 1478 1426 an
1503 1377 1563 1428 alt
1593 1378 1811 1431 alienis?
1839 1379 2080 1448 Respexi-

499 1454 728 1509 derunt:
758 1458 832 1510 Ab
857 1459 1052 1513 alienis.
1080 1459 1217 1530 Ergo
1239 1503 1252 1526 ,
1283 1462 1450 1530 inquit
1473 1503 1486 1526 ,
1519 1464 1658 1516 liberi
1686 1476 1797 1518 sunt
1827 1467 1939 1527 ﬁlii.
1975 1467 2082 1523 Sed

503 1543 667 1599 tamen
698 1564 765 1600 ne.
783 1549 1179 1604 scandalizemus
1207 1569 1309 1618 cos,
1341 1553 1414 1605 ait
1443 1554 1621 1619 Petro,
1655 1558 1797 1620 vade,
1828 1560 1963 1611 mitte
1988 1561 2081 1613 ha-

499 1652 636 1688 mum
663 1639 713 1690 in
741 1655 894 1707 mare,
924 1651 970 1693 et
1007 1644 1089 1711 qui
1120 1643 1309 1712 primus
1334 1646 1482 1712 piscis
1507 1648 1818 1714 ascenderit,
1850 1653 1989 1721 aperi
2023 1669 2079 1707 os

497 1731 626 1798 ejus,
652 1740 695 1784 et
720 1731 936 1787 invenies
962 1742 1212 1799 staterem;
1244 1735 1292 1788 id
1323 1747 1404 1790 est
1432 1737 1562 1791 duas
1592 1739 1941 1796 didrachmas.
1967 1743 2080 1798 Sta-

500 1831 581 1874 ter
626 1823 873 1890 ponderis
914 1842 1080 1895 genus
1116 1837 1197 1882 est
1223 1868 1236 1893 ,
1267 1829 1466 1884 habens
1505 1841 1731 1900 quatuor
1775 1835 2073 1889 drachmas.

497 1910 730 2000 Invenies
754 1915 858 1979 ibi;
885 1916 949 1969 da
973 1919 1074 1970 illis
1103 1935 1195 1988 pro
1221 1937 1298 1971 nte
1320 1929 1365 1974 et
1387 1931 1433 1974 te
1465 1921 1671 1992 (Matth.
1703 1941 1838 1993 xvtt,
1867 1927 2074 2000 25-26).

495 1999 748 2070 Domine,
777 2007 1016 2062 retribues
1059 2025 1152 2077 pro
1191 2027 1286 2064 me.
1316 2011 1501 2067 Merito
1545 2013 1804 2071 habemus
1851 1999 2078 2086 primum

496 2092 694 2160 piscem
719 2093 875 2150 hamo
891 2106 1120 2166 captum,
1139 2097 1298 2154 hamo
1317 2102 1758 2172 comprehensum
1783 2107 1822 2171 ¹;
1846 2107 2072 2175 primum

494 2193 799 2254 surgentem
826 2187 892 2242 de
920 2189 1086 2254 mari,
1118 2189 1525 2262 primogenitum
1555 2209 1583 2248 a
1613 2197 1851 2252 mortuis.
1881 2198 1941 2252 In
1960 2198 2076 2269 ejus

497 2292 590 2330 ore
631 2277 931 2334 invenimus
953 2280 1084 2336 duas
1113 2282 1448 2338 didrachmas
1473 2327 1486 2352 ,
1521 2285 1574 2338 id
1601 2296 1681 2340 est
1704 2297 1930 2356 quatuor
1952 2289 2077 2343 dra-

493 2368 676 2423 chmas
708 2385 721 2421 :
751 2369 802 2423 in
849 2371 963 2440 ejus
1003 2385 1098 2428 ore
1142 2373 1440 2428 invenimus
1489 2385 1716 2443 quatuor
1765 2377 2070 2448 Evangelia.

493 2456 613 2510 Istis
639 2467 864 2527 quatuor
884 2460 1149 2516 drachmis
1174 2464 1239 2517 ab
1265 2465 1540 2520 exactione
1566 2465 1720 2536 hujus
1745 2469 1922 2526 saeculi
1943 2469 2077 2526 libe-

491 2561 692 2615 ramur;
725 2566 819 2620 per
845 2549 1070 2622 quatuor
1093 2554 1374 2625 Evangelia
1403 2555 1668 2613 debitores
1691 2555 1797 2614 non
1827 2576 2072 2624 remane-9

493 2638 711 2694 bimus:
743 2641 812 2696 ibi
865 2645 1006 2698 enim
1051 2657 1264 2714 peccata
1313 2655 1492 2703 nostra
1537 2650 1713 2704 omnia
1767 2651 2070 2706 solvuntur.

495 2727 759 2785 Retribuit
795 2729 1038 2802 ergopro
1063 2735 1215 2789 nobis
1239 2754 1251 2789 :
1273 2736 1467 2805 gratias
1485 2735 1860 2794 misericordia!
1888 2741 2072 2810 ipsius.

491 2817 632 2873 Nihil
653 2819 897 2886 debebat;
930 2839 1024 2892 pro
1048 2839 1108 2878 se
1136 2841 1240 2878 non
1269 2825 1517 2891 reddidit,
1537 2828 1630 2882 sed
1657 2844 1753 2898 pro
1775 2831 1926 2886 nobis
1947 2832 2072 2886 red-

493 2911 646 2966 didit.
677 2911 840 2978 Ecce,
866 2914 1066 2984 inquit,
1095 2917 1227 2969 venit
1262 2918 1491 2986 princeps
1519 2919 1690 2971 mundi
1726 2920 1878 2990 hujus
1904 2962 1918 2985 ,
1948 2932 1994 2976 et
2019 2924 2072 2977 in

493 3017 574 3054 sne
601 3001 978 3057 nihiLinveniet.
1003 3004 1134 3071 Quid
1153 3014 1252 3073 est,
1272 3007 1323 3059 in
1350 3023 1428 3060 nte
1448 3007 1574 3060 nihil
1593 3009 1800 3062 inveniet
1817 3011 1842 3063 ξ)
1859 3011 2070 3066 Nullum

493 3098 767 3159 peccatum
798 3091 849 3144 in
880 3108 963 3146 me
1000 3094 1263 3160 inveniet;
1295 3110 1459 3164 quare
1487 3098 1690 3152 occidat
1713 3114 1818 3166 me,
1848 3116 1950 3154 non
1973 3100 2070 3155 ha-

487 3181 597 3235 bet.
632 3181 738 3236 Sed
775 3191 828 3236 ut
869 3186 1028 3238 sciant
1065 3201 1234 3240 omnes
1254 3228 1267 3251 ,
1298 3188 1402 3252 ait,
1429 3189 1546 3257 quia
1572 3189 1872 3244 voluntatem
1898 3191 2071 3249 Patris

489 3273 585 3325 mei
627 3273 758 3342 facio
781 3315 796 3339 ,
823 3276 1012 3346 surgite
1037 3317 1052 3340 ,
1082 3293 1251 3330 eamus
1295 3277 1411 3331 hinc
1439 3279 1616 3347 (Joan.
1663 3296 1752 3334 XIV
1770 3323 1784 3347 ,
1813 3283 1884 3337 50
1907 3324 1922 3348 ,
1952 3283 2064 3354 51).

488 3363 630 3428 Quid
663 3371 775 3429 est,
814 3366 1002 3435 surgite
1025 3407 1040 3428 ,
1071 3383 1239 3422 eamus
1288 3368 1402 3421 hinc
1420 3368 1518 3423 ?.ld
1547 3380 1628 3424 est
1649 3410 1664 3434 ,
1695 3386 1799 3426 non
1831 3375 2069 3429 necessi-

489 3461 626 3518 tate,
654 3453 746 3508 sed
779 3455 1047 3512 voluntate
1087 3459 1272 3527 patior,
1307 3458 1533 3516 reddens
1555 3461 1703 3530 quod
1720 3477 1824 3518 non
1851 3464 2019 3521 debeo
2051 3444 2071 3520 :b

487 3541 705 3599 Damine
725 3584 740 3608 ,
771 3546 1008 3599 retrihues
1038 3563 1126 3615 pro
1157 3565 1255 3602 me.
1879 3600 1882 3602 ν

559 3634 652 3686 17.
679 3634 929 3703 Domine,
955 3638 1294 3693 misericordia
1324 3650 1417 3694 tua.
1439 3642 1490 3695 in
1515 3653 1772 3698 (cternum.
1801 3645 1936 3714 Quid
1965 3647 2064 3703 de-

486 3722 751 3808 siderem?
773 3725 884 3784 Non
913 3727 1051 3782 diem
1093 3728 1364 3784 hominum
1391 3733 1431 3786 ³.
1468 3731 1588 3786 Non
1627 3734 1849 3789 laboraui
1889 3737 2064 3792 subse-

488 3829 642 3882 quens
666 3823 731 3882 te,
764 3814 979 3872 Domine
997 3859 1012 3884 ,
1044 3829 1089 3872 et
1111 3819 1242 3873 diem
1271 3821 1532 3893 hominum
1555 3840 1653 3880 non
1681 3827 1938 3894 concupiui
1961 3845 1991 3894 ;,
2011 3838 2065 3882 ιιι

487 3905 586 3965 scis
613 3904 822 3974 (Jerem.
852 3923 987 3973 ἀπ,
1022 3911 1130 3981 I6).
1159 3911 1297 3968 Ecce
1322 3922 1523 3984 martyr
1550 3925 1728 3970 sancta
1753 3917 1994 3988 Crispina
2019 3921 2070 3974 si

487 3993 817 4057 desideraret
851 3997 990 4072 diem
1021 3998 1292 4057 hominum
1315 4044 1328 4068 ,
1359 4015 1576 4073 negaret
1617 4007 1904 4062 Christum.
1937 4009 2070 4069 Plus

486 4082 573 4145 hic
600 4085 835 4151 viveret,
869 4089 960 4148 sed
1007 4091 1056 4149 in
1102 4101 1358 4149 aeternum
1403 4110 1506 4149 non
1536 4098 1754 4153 viveret.
1799 4100 1980 4155 Maluit
2008 4102 2062 4156 in

483 4183 738 4236 aeternum
785 4181 996 4246 vivere,
1027 4197 1185 4252 quam
1233 4186 1390 4253 paulo
1435 4188 1661 4255 amplius
1703 4190 2064 4259 temporaliter

485 4267 682 4332 vivere.
715 4269 948 4340 Denique
977 4272 1212 4341 Domine,
1245 4277 1582 4331 misericordia
1607 4288 1691 4332 tua
1709 4280 1761 4333 in
1789 4289 2027 4335 attentum
2043 4299 2070 4346 ;,

485 4372 593 4413 non
650 4359 713 4413 ad
779 4371 986 4432 tempus
1040 4364 1158 4418 volo
1208 4365 1438 4420 liberari.
1489 4367 1838 4423 Misericordia
1874 4379 1960 4424 tua
2007 4372 2061 4425 in

485 4458 763 4516 qrternmn,
819 4466 920 4520 qua
949 4452 968 4482 ³
996 4465 1255 4524 martyres
1306 4456 1536 4511 liberasti
1567 4499 1580 4522 ,
1625 4469 1677 4513 et
1718 4460 1794 4514 sic
1839 4461 1944 4515 cito
1993 4461 2070 4520 de.

487 4541 588 4594 hac
612 4541 717 4598 vita
745 4542 1026 4604 abstulisti.
1054 4544 1298 4613 Domine,
1327 4548 1667 4621 misericordia
1696 4559 1783 4604 tua
1822 4553 1887 4619 in_
1917 4561 2061 4621 teter-

484 4648 623 4693 uum.
1307 4634 1310 4638 ’
1363 4616 1369 4622 ’

559 4724 641 4778 I8.
673 4722 840 4792 Opera
878 4742 1116 4783 manuum
1145 4737 1343 4782 tuarum
1371 4745 1430 4784 ne
1471 4731 1734 4800 despicias.
1771 4731 1888 4786 Non
1917 4731 2057 4802 dico,

480 4814 705 4874 Domine
727 4855 739 4878 ,
773 4814 847 4869 Ne
871 4815 1134 4884 despicias
1158 4831 1316 4887 opera
1345 4834 1595 4873 manuum
1640 4836 1874 4875 mearum
1903 4839 1916 4884 ;
1949 4815 2063 4876 non

480 4917 567 4966 Ine
604 4902 745 4971 jaeto
789 4903 854 4957 de
897 4906 1145 4972 operibus
1183 4909 1306 4962 mei.
1353 4907 1649 4977 Exquisivi,
1697 4912 1910 4980 quidem
1959 4911 2062 4966 Do~

482 4992 676 5056 utinam
708 4995 932 5052 manibus
964 4997 1084 5056 meis
1125 5006 1264 5057 nocte
1311 5014 1478 5052 coram
1503 5015 1560 5052 eo
1583 5040 1598 5066 ,
1629 5011 1802 5066 etnon
1836 5018 1945 5055 sum
1971 5003 2059 5055 de-

478 5093 650 5152 ceptus
684 5083 860 5154 (Psal.
902 5103 1055 5141 LxxVI
1087 5129 1100 5148 ,
1133 5088 1225 5158 3);
1257 5088 1355 5150 sed
1396 5099 1567 5154 tamen
1598 5107 1700 5154 non
1743 5092 2061 5154 commendo

477 5189 636 5243 opera
680 5191 926 5237 manuum
969 5193 1202 5240 mearum
1236 5197 1249 5233 :
1285 5179 1443 5236 timeo
1469 5196 1536 5237 ne
1565 5196 1685 5242 cum
1725 5182 2054 5250 inspexeris,

477 5263 718 5324 invenias
749 5266 897 5333 plura
920 5276 1131 5336 peccata
1159 5284 1319 5339 quam
1341 5269 1547 5332 merita.
1573 5269 1682 5326 Hoc
1709 5271 1878 5330 solum
1905 5287 2053 5342 rogo,

481 5351 581 5421 hoc
623 5353 786 5426 dico,
814 5353 916 5421 hoc
961 5357 1244 5425 impetrare
1286 5358 1530 5430 desidero
1561 5376 1573 5412 :
1607 5357 1775 5429 Opera
1817 5351 2056 5430 manuari;

480 5455 675 5500 tuarum
693 5463 753 5500 ne
773 5447 1034 5516 despicias.
1053 5447 1196 5520 Opus
1219 5460 1362 5504 tuum
1380 5450 1431 5504 in
1460 5466 1544 5506 me
1559 5451 1698 5520 vide,
1719 5467 1820 5508 non
1848 5468 2053 5520 meum;

545 5594 558 5657 ξ
585 5599 686 5657 l)_uo_
707 5599 837 5651 Mss,
861 5606 1022 5644 amore
1043 5594 1450 5657 comprehensum.

541 5653 952 5760 :’::tiristin:eanus
975 5663 1076 5703 Mss.
1099 5688 1114 5713 ,
1136 5653 1256 5714 Quid
1281 5657 1550 5707 desiderem
1573 5653 1696 5706 nosti
1719 5667 1735 5705 :
1756 5653 1884 5705 diem
1907 5653 2054 5732 homi-

529 5726 576 5759 ιι
614 5726 635 5762 .'
915 5726 934 5732 “

479 5726 526 5781 Ψ
541 5727 560 5805 ζ
578 5726 681 5825 3Aut.
713 5783 762 5824 et
782 5775 945 5838 plures
964 5784 1090 5836 Mss,
1114 5775 1239 5836 quia.

1771 356 1827 414 S.
1870 359 2235 415 AUGUSTINI-
2271 357 2570 415 EPISCOPI

3625 365 3766 424 im

2197 488 2315 526 nam
2348 488 2521 526 meum
2551 473 2593 525 si
2627 471 2839 536 videris,
2863 471 3101 536 damnas;
3128 482 3270 528 tuum
3295 476 3336 530 si
3367 475 3580 543 videris,
3611 492 3764 533 coro-

2194 578 2307 618 nas.
2335 564 2463 629 Quia
2508 573 2560 618 et
2587 578 2932 632 qumcumque
2957 573 3077 617 sunt
3107 565 3240 619 bona
3281 583 3439 636 opera
3480 583 3598 623 mea
3626 610 3642 636 ,
3670 570 3765 624 abs

2195 663 2244 708 te
2276 655 2402 708 mihi
2427 665 2582 719 sunt,
2611 665 2664 710 et
2692 656 2811 708 ideo
2840 663 2924 708 tua
2954 657 3119 725 magis
3148 673 3302 726 quam
3334 674 3449 712 mea
3477 670 3619 714 sunt.
3655 665 3762 715 Λιι-

2189 745 2277 798 dio
2313 746 2507 814 quippe
2548 745 2618 799 ab
2659 746 2908 814 Apostolo
2949 755 3038 800 tuo
3068 764 3079 799 :
3114 746 3289 800 Gratia
3335 733 3460 802 salui
3489 751 3611 820 [acti
3648 753 3762 804 estis

2189 852 2276 903 per
2305 835 2476 902 ﬁdem,
2503 846 2548 888 et
2579 835 2670 888 hoc
2699 851 2799 889 non
2824 852 2887 888 ex
2905 837 3038 889 vobis
3058 878 3070 898 ,
3096 838 3184 890 sed
3212 837 3301 890 Dei
3321 839 3509 892 donum
3530 849 3635 908 est;
3663 859 3763 894 non

2188 943 2250 980 ea:
2275 928 2523 996 aperibus,
2557 930 2764 998 nefarie
2791 928 2900 997 quis
2927 928 3216 981 extollatur.
3245 926 3416 998 Ipsius
3435 933 3568 984 enim
3591 949 3766 986 sumus

2187 1016 2475 1084 ﬁgmentum
2503 1057 2514 1080 ,
2547 1018 2700 1070 creati
2741 1017 2793 1070 in
2841 1016 3036 1070 Christo
3081 1018 3205 1072 Iesu
3247 1020 3299 1073 in
3343 1022 3573 1089 operibus
3621 1023 3760 1076 bonis

2190 1106 2402 1177 (Ephes.
2445 1124 2501 1172 ιι,
2534 1109 2707 1178 8-I0).
2755 1109 2913 1178 Ergo,
2944 1110 3054 1163 sive
3079 1110 3128 1163 in
3154 1125 3220 1165 eo
3245 1113 3381 1180 quod
3409 1112 3652 1167 homines
3673 1129 3763 1167 su-

2186 1214 2303 1253 mus
2331 1239 2344 1260 ,
2377 1201 2487 1252 sive
2531 1201 2580 1252 in
2626 1215 2691 1254 eo
2719 1200 2857 1268 quod
2886 1216 2948 1254 ex
2978 1209 3154 1254 nostra
3189 1202 3456 1270 impietate
3495 1205 3680 1257 mutati
3706 1215 3760 1258 et

2179 1289 2447 1357 justiﬁcati
2494 1305 2694 1356 sumus,
2724 1291 2963 1358 Domine,
2995 1307 3146 1360 opera
3191 1310 3430 1346 intumum
3458 1304 3658 1348 tuarum
3699 1313 3766 1359 ne.

2184 1381 2447 1452 despicias.

2499 1569 2578 1687 IN
2622 1607 2998 1670 PSALMUM
3040 1609 3424 1670 CXXXVIII

2745 1729 3159 1793 ENARBATIQ.

2699 1856 2869 1898 εειιιιο
2900 1859 2965 1896 AD
2995 1858 3217 1897 PIsl-ZBEI.

2254 1955 2305 2008 I.
2366 1953 2633 2016 Psalmtun
2681 1955 2832 2009 nobis
2881 1955 3091 2009 brevem
3138 1968 3547 2024 paraveramns,
3593 1970 3755 2026 quem.

2179 2046 2614 2100 mandaveramus
2651 2046 2850 2100 cantari
2889 2061 2918 2099 a
2960 2046 3220 2110 Lectore;
3265 2045 3358 2100 sed
3404 2047 3470 2100 ad
3517 2046 3704 2102 horam
3734 2089 3748 2113 ,

2178 2147 2428 2207 quantum
2458 2137 2683 2204 videtur,
2715 2129 3066 2207 perturbatus,
3095 2137 3316 2192 alterum
3342 2139 3442 2207 'pro
3468 2139 3638 2192 altero
3667 2140 3744 2195 le-

2177 2230 2270 2298 git.
2305 2229 2583 2283 Maluimus
2625 2243 2721 2284 nos
2760 2230 2810 2283 in
2843 2245 3024 2284 errore
3055 2229 3291 2283 Lcctoris
3331 2231 3477 2298 sequi
3507 2231 3752 2285 volunta-

2179 2317 2284 2374 tem
2318 2321 2406 2374 Dei
2435 2363 2449 2385 ,
2480 2336 2634 2390 quam
2665 2330 2895 2388 nostram
2927 2321 2977 2373 in
3006 2330 3187 2393 nostro
3217 2321 3508 2391 proposito.
3542 2321 3596 2376 Si
3629 2337 3752 2392 ergo

2175 2426 2271 2487 vos
2303 2412 2352 2464 in
2392 2412 2506 2480 ejus
2545 2411 2853 2487 prolixitate
2879 2409 3178 2487 aliquandiu
3210 2395 3530 2465 tenuerimus
3556 2453 3570 2477 ,
3604 2402 3752 2466 nobis

2177 2485 2279 2556 non
2303 2495 2569 2569 imputetis
2591 2487 2611 2565 ;
2629 2501 2727 2555 sed
2746 2485 2972 2555 credatis
2996 2485 3160 2555 Deum
3184 2516 3278 2555 nos
3301 2487 3404 2556 non
3429 2501 3753 2556 infructuose

2176 2593 2418 2647 laborare
2458 2592 2712 2663 voluisse.
2741 2592 2924 2666 Neque
2958 2593 3097 2647 enim
3129 2592 3316 2646 frustra
3427 2595 3601 2662 primo
3627 2607 3750 2660 pec--

2173 2692 2291 2740 cato
2332 2692 2521 2750 nostro
2550 2697 2759 2752 ptenam
2799 2683 3116 2751 accepimus,
3163 2692 3220 2736 ut
3258 2683 3308 2736 in
3345 2682 3539 2737 sudore
3576 2683 3750 2737 vultus

2175 2774 2340 2828 nostri
2369 2789 2558 2842 panem
2591 2773 2965 2826 manducemus
2993 2771 3155 2843 (Gen.
3188 2788 3264 2835 III,
3299 2772 3426 2842 I9).
3455 2771 3679 2826 Tantum
3705 2772 3755 2826 si

2174 2864 2323 2934 panis
2349 2873 2450 2928 est,
2478 2863 2752 2940 attendite.
2782 2864 2938 2917 Panis
2965 2873 3139 2917 autem
3165 2871 3268 2930 est,
3295 2863 3340 2917 si
3363 2863 3607 2917 Christus
3628 2872 3746 2918 est:

2173 2955 2283 3026 Ego
2321 2972 2450 3020 sum,
2499 2955 2706 3024 inquit,
2750 2955 2893 3024 panis
2931 2955 3068 3008 vivus
3117 2955 3202 3024 qui
3244 2955 3305 3007 de
3346 2955 3468 3008 ctelo
3516 2956 3754 3010 descendi

2174 3046 2350 3117 (Joan.
2400 3064 2470 3109 vr,
2495 3047 2603 3115 4t).
2629 3047 2795 3114 Quem
2818 3044 3206 3099 manifestatum
3228 3045 3480 3101 habemus
3503 3047 3554 3100 in
3574 3048 3746 3102 Evan-

2170 3137 2328 3206 gelio,
2363 3137 2533 3206 ipsum
2564 3151 2862 3206 quarramus
2886 3135 3012 3189 etin
3039 3135 3336 3204 Prophetis.
3365 3135 3516 3189 Hunc
3543 3137 3613 3190 ibi
3643 3151 3750 3191 nou

2173 3229 2348 3283 vident
2384 3245 2542 3299 super
2569 3244 2792 3299 quorum
2824 3244 2915 3282 cor
2945 3229 3115 3281 adhuc
3143 3229 3380 3282 velamen
3408 3229 3640 3297 pesitum
3665 3238 3746 3283 est

2171 3317 2238 3388 (ll
2269 3317 2384 3372 Cor.
2417 3335 2489 3381 ιιι,
2523 3317 2634 3389 Η),
2667 3317 2808 3372 unde
2835 3316 3038 3371 audivit
3066 3317 3310 3371 Charitas
3334 3326 3509 3371 vestra
3539 3318 3746 3372 hester-

2172 3423 2240 3462 no
2285 3409 2390 3462 die.
2437 3391 2816 3482 Nobis'autem
2861 3407 2978 3476 quia
3028 3407 3340 3461 sacrificium
3383 3409 3742 3475 veSpertinum

2170 3500 2343 3555 crucis
2377 3485 2580 3553 Domini
2611 3498 2869 3553 conseidit
2897 3497 3069 3554 velum
3097 3495 3308 3568 (Matth.
3337 3513 3477 3550 xxvn
3496 3540 3508 3560 ,
3539 3497 3655 3568 5|),
3687 3509 3749 3553 ut

2169 3600 2384 3661 pateant
2419 3590 2526 3659 jam
2556 3591 2736 3660 templi
2767 3597 3007 3654 secreta;
3047 3588 3294 3658 quamdiu
3321 3588 3472 3641 nobis
3499 3587 3747 3644 Christus

2170 3680 2514 3754 pra-dicatur,
2542 3683 2644 3737 etsi
2673 3698 2792 3738 cum
2820 3679 3001 3736 labore
3023 3691 3075 3736 et
3097 3675 3313 3747 Sudore,
3346 3681 3744 3745 manducandus

2168 3784 2244 3828 est
2277 3774 2449 3842 panis.

2236 3863 2290 3916 2.
2333 3863 2589 3932 Loquitur
2629 3871 2802 3917 autem
2833 3863 3086 3917 Dominus
3111 3870 3292 3916 noster
3317 3861 3471 3916 Jesus
3497 3862 3743 3922 Christus

2167 3953 2218 4006 iu
2248 3954 2522 4022 l‘roplietis
2549 3953 2829 4022 aliquando
2855 3969 2917 4007 ex
2953 3968 3173 4022 persona
3204 3953 3390 4022 capitis
3416 3959 3620 4018 nostri,
3649 3955 3744 4024 qui

2165 4055 2244 4099 est
2269 4047 2378 4114 ipse
2401 4036 2642 4100 Christus
2667 4045 2914 4110 salvator,
2939 4045 3129 4100 sedens
3151 4045 3214 4099 ad
3237 4045 3505 4100 dexteram
3531 4046 3734 4110 Patris;

2165 4136 2252 4201 qui
2283 4136 2440 4188 etiam
2469 4124 2685 4204 prepter
2708 4150 2805 4190 nos
2830 4144 2981 4188 natus
3003 4134 3066 4188 de
3087 4134 3290 4203 virgine
3309 4175 3323 4198 ,
3350 4146 3403 4188 et
3425 4135 3524 4187 sub
3547 4135 3747 4196 Pontio.

2165 4224 2355 4291 Pilato,
2384 4225 2554 4294 qualia
2583 4227 2767 4291 nostis,
2798 4214 2983 4294 pasSus
3011 4235 3095 4280 est
3119 4243 3133 4290 ;
3163 4225 3283 4280 fuso
3308 4227 3590 4280 innocente
3614 4241 3736 4282 san-

2163 4318 2320 4386 guine
2345 4358 2358 4379 ,
2391 4317 2640 4386 quodest
2665 4308 2888 4388 pretium
2919 4326 3154 4371 nostrum
3179 4354 3196 4380 ,
3233 4315 3457 4370 redemit
3484 4325 3742 4372 nocentes.

2164 4423 2193 4461 a
2223 4408 2522 4476 captivitate
2547 4447 2561 4472 ,
2594 4409 2645 4461 in
2676 4423 2776 4476 qua
2810 4407 3222 4461 detinebamura
3249 4407 3458 4459 diabolo
3481 4447 3495 4469 ,
3531 4407 3734 4460 donans

2166 4497 2318 4550 nobis
2347 4496 2535 4549 delicta
2556 4537 2570 4559 ,
2599 4507 2652 4549 ct
2681 4497 2794 4564 ipso
2823 4497 2993 4563 pretio
3022 4504 3202 4548 nostro
3231 4494 3486 4563 sanguine
3514 4509 3610 4547 suo
3637 4495 3731 4548 de-

2165 4586 2278 4640 lctts
2306 4585 2712 4654 chirographum
2751 4599 2858 4654 quo
2885 4585 3152 4639 debitores
3179 4585 3484 4638 tenebamur
3511 4583 3729 4653 (Coloss.

2163 4691 2199 4729 II
2221 4717 2234 4742 ,
2265 4677 2367 4736 15,
2392 4675 2520 4744 Ii).
2555 4675 2673 4744 Ipse
2700 4683 2781 4729 est
2808 4683 2982 4730 rector
3008 4683 3066 4728 et
3095 4689 3322 4743 sponsus
3350 4683 3404 4727 et
3428 4674 3736 4743 redemptor

2165 4765 2417 4819 Ecclesia:
2443 4806 2455 4830 ,
2483 4774 2639 4832 caput
2661 4773 2918 4818 nostrum.
2948 4765 3019 4818 Et.
3038 4765 3216 4834 utique
3241 4765 3286 4819 si
3309 4771 3468 4833 caput
3489 4773 3570 4819 est
3589 4805 3604 4829 ,
3636 4764 3734 4817 ha-

2164 4856 2254 4910 bet
2279 4869 2489 4924 eorpus.
2521 4855 2722 4924 Corpus
2751 4865 2926 4909 autem
2955 4858 3070 4923 ejus
3102 4865 3279 4909 sancta
3313 4856 3544 4909 Ecclesia
3570 4897 3584 4921 ,
3617 4870 3740 4922 ante

2163 4946 2323 5000 etiam
2364 4945 2557 5014 conjux
2595 4945 2749 5014 ejus;
2782 4947 2867 4999 cui
2895 4945 3025 5000 dicit
3065 4945 3381 5014 Apostolus,
3429 4944 3530 4998 Vos
3567 4954 3735 4999 auum

2163 5039 2283 5098 estis
2305 5052 2484 5106 corpus
2509 5036 2692 5090 Christi
2721 5045 2766 5088 et
2795 5036 3014 5089 membra
3043 5038 3061 5106 (
3085 5037 3101 5088 ι
3129 5036 3245 5088 Cor.
3284 5052 3378 5099 xu,
3409 5035 3476 5088 ‘27
3502 5036 3542 5104 ).
3570 5035 3735 5091 Totus

2163 5129 2338 5194 itaque
2361 5126 2603 5203 Christus
2623 5134 2783 5195 caput
2805 5135 2859 5181 et
2881 5141 3091 5196 corpus,
3122 5135 3365 5195 tanquam
3389 5127 3730 5196 integervir:

2161 5220 2280 5289 quia
2308 5227 2362 5273 et
2384 5219 2571 5272 femina
2595 5219 2661 5273 de
2685 5219 2797 5271 viro
2825 5217 2959 5284 facta
2981 5229 3082 5285 est,
3111 5227 3164 5272 et
3187 5218 3252 5272 ad
3277 5219 3447 5273 virmn
3475 5218 3727 5286 pertinet;

2160 5319 2214 5366 ct
2244 5309 2442 5365 dictum
2471 5317 2558 5364 est
2597 5308 2666 5362 de
2695 5307 3350 5378 primo‘conjugioﬁrunt
3376 5308 3554 5361 duain
3583 5323 3732 5362 earn.

2158 5418 2260 5455 una
2291 5401 2438 5471 (Gen.
2467 5416 2523 5467 ιι,
2552 5398 2666 5467 24).
2697 5399 2807 5453 Hoc
2835 5410 3009 5454 autem
3037 5399 3102 5453 ad
3131 5402 3436 5470 mysterium
3463 5401 3727 5468 interpre-

2161 5503 2298 5547 tatur
2316 5486 2610 5561 lApostolus
2636 5506 2740 5544 non
2770 5489 2964 5545 frustra
2991 5474 3108 5546 esse
3135 5489 3331 5562 dictum
3356 5489 3424 5544 de
3453 5489 3558 5542 illis
3584 5488 3720 5542 duo-

2159 5586 2256 5640 bus
2285 5583 2608 5650 hominibus,
2637 5584 2739 5638 nisi
2766 5584 2964 5653 quiain
2989 5583 3067 5638 eis
3084 5582 3192 5653 jam
3219 5581 3538 5651 ﬁgurabatur
3565 5577 3716 5635 Chri«

2155 5685 2269 5729 stus
2285 5684 2336 5728 et
2359 5672 2608 5728 Ecclesia.
2625 5673 2754 5728 Nam
2778 5673 2880 5728 hoc
2899 5673 2975 5728 sic
2989 5673 3202 5742 exponit
3223 5675 3260 5725 Α
3272 5671 3509 5741 postolus
3527 5689 3540 5724 :
3563 5670 3737 5724 Erunt

2160 5767 2257 5840 duo
2281 5766 2328 5818 in
2359 5780 2534 5833 carne,
2566 5763 2763 5832 inquit,
2798 5781 2901 5830 una
2931 5779 2953 5834 τι
2983 5774 3342 5832 sacramentum
3369 5763 3460 5817 hoc
3487 5777 3730 5836 magan
