  <div class='ocr_page' id='page_1' title='image "/cluster/home/n/w/nwhite01/storage/ocr_20150623/37/hvd.32044015471477/386.png"; bbox 0 0 4080 6492; ppageno 0'>
   <div class='ocr_carea' id='block_1_1' title="bbox 352 369 490 426">
    <p class='ocr_par' dir='ltr' id='par_1_1' title="bbox 352 369 490 426">
     <span class='ocr_line' id='line_1_1' title="bbox 352 369 490 426; baseline -0.007 0"><span class='ocrx_word' id='word_1_1' title='bbox 352 369 490 426; x_wconf 71' lang='lat'><strong>&quot;85</strong></span> 
     </span>
    </p>
   </div>
   <div class='ocr_carea' id='block_1_2' title="bbox 348 461 1926 553">
    <p class='ocr_par' dir='ltr' id='par_1_2' title="bbox 348 461 1926 553">
     <span class='ocr_line' id='line_1_2' title="bbox 348 461 1926 553; baseline -0.011 -15"><span class='ocrx_word' id='word_1_2' title='bbox 348 495 420 549; x_wconf 81' lang='lat' dir='ltr'><strong>est</strong></span> <span class='ocrx_word' id='word_1_3' title='bbox 447 500 464 547; x_wconf 80' lang='lat'><strong>,&#39;</strong></span> <span class='ocrx_word' id='word_1_4' title='bbox 489 461 578 553; x_wconf 82' lang='lat' dir='ltr'><strong>ego</strong></span> <span class='ocrx_word' id='word_1_5' title='bbox 603 485 765 534; x_wconf 90' lang='lat' dir='ltr'><strong>autem</strong></span> <span class='ocrx_word' id='word_1_6' title='bbox 794 475 906 530; x_wconf 88' lang='lat' dir='ltr'><strong>dico</strong></span> <span class='ocrx_word' id='word_1_7' title='bbox 931 516 944 540; x_wconf 93' lang='lat'><strong>,</strong></span> <span class='ocrx_word' id='word_1_8' title='bbox 974 475 1026 528; x_wconf 87' lang='lat' dir='ltr'><strong>in</strong></span> <span class='ocrx_word' id='word_1_9' title='bbox 1055 473 1252 530; x_wconf 76' lang='lat' dir='ltr'><strong>Christo</strong></span> <span class='ocrx_word' id='word_1_10' title='bbox 1279 479 1325 526; x_wconf 91' lang='lat' dir='ltr'><strong>et</strong></span> <span class='ocrx_word' id='word_1_11' title='bbox 1357 471 1583 528; x_wconf 79' lang='lat' dir='ltr'><strong>Ecclesia</strong></span> <span class='ocrx_word' id='word_1_12' title='bbox 1605 471 1622 540; x_wconf 84' lang='lat'>(</span> <span class='ocrx_word' id='word_1_13' title='bbox 1641 469 1826 540; x_wconf 84' lang='lat' dir='ltr'><strong>Ephes.</strong></span> <span class='ocrx_word' id='word_1_14' title='bbox 1853 484 1887 522; x_wconf 91' lang='lat' dir='ltr'><strong>v</strong></span> <span class='ocrx_word' id='word_1_15' title='bbox 1910 508 1926 534; x_wconf 94' lang='lat'><strong>,</strong></span> 
     </span>
    </p>
   </div>
   <div class='ocr_carea' id='block_1_3' title="bbox 263 557 1930 640">
    <p class='ocr_par' dir='ltr' id='par_1_3' title="bbox 263 557 1930 640">
     <span class='ocr_line' id='line_1_3' title="bbox 263 557 1930 640; baseline -0.011 -9"><span class='ocrx_word' id='word_1_16' title='bbox 263 569 268 578; x_wconf 75' lang='grc'><em>’</em></span> <span class='ocrx_word' id='word_1_17' title='bbox 349 575 414 630; x_wconf 79' lang='grc'><strong>51</strong></span> <span class='ocrx_word' id='word_1_18' title='bbox 439 583 482 627; x_wconf 87' lang='lat' dir='ltr'><strong>et</strong></span> <span class='ocrx_word' id='word_1_19' title='bbox 499 572 610 640; x_wconf 75' lang='lat'><strong>52).</strong></span> <span class='ocrx_word' id='word_1_20' title='bbox 645 568 780 624; x_wconf 92' lang='lat' dir='ltr'><strong>Dicit</strong></span> <span class='ocrx_word' id='word_1_21' title='bbox 803 567 1147 635; x_wconf 85' lang='lat' dir='ltr'><strong>etiamipsum</strong></span> <span class='ocrx_word' id='word_1_22' title='bbox 1167 565 1333 620; x_wconf 83' lang='lat' dir='ltr'><strong>Adam</strong></span> <span class='ocrx_word' id='word_1_23' title='bbox 1359 563 1581 618; x_wconf 88' lang='lat' dir='ltr'><strong>formam</strong></span> <span class='ocrx_word' id='word_1_24' title='bbox 1608 559 1766 615; x_wconf 83' lang='lat' dir='ltr'><strong>futuri</strong></span> <span class='ocrx_word' id='word_1_25' title='bbox 1793 578 1804 612; x_wconf 91' lang='lat'>:</span> <span class='ocrx_word' id='word_1_26' title='bbox 1831 557 1930 624; x_wconf 82' lang='lat' dir='ltr'><strong>Qui</strong></span> 
     </span>
    </p>
   </div>
   <div class='ocr_carea' id='block_1_4' title="bbox 351 653 1930 733">
    <p class='ocr_par' dir='ltr' id='par_1_4' title="bbox 351 653 1930 733">
     <span class='ocr_line' id='line_1_4' title="bbox 351 653 1930 733; baseline -0.008 -12"><span class='ocrx_word' id='word_1_27' title='bbox 351 676 444 731; x_wconf 81' lang='lat' dir='ltr'><strong>est,</strong></span> <span class='ocrx_word' id='word_1_28' title='bbox 477 661 668 733; x_wconf 91' lang='lat' dir='ltr'><strong>inquit,</strong></span> <span class='ocrx_word' id='word_1_29' title='bbox 702 665 863 731; x_wconf 79' lang='lat' dir='ltr'><strong>forma</strong></span> <span class='ocrx_word' id='word_1_30' title='bbox 889 659 1046 728; x_wconf 80' lang='lat' dir='ltr'><strong>futuri</strong></span> <span class='ocrx_word' id='word_1_31' title='bbox 1071 657 1261 728; x_wconf 84' lang='lat' dir='ltr'><strong>(Rom.</strong></span> <span class='ocrx_word' id='word_1_32' title='bbox 1285 673 1346 722; x_wconf 83' lang='grc' dir='ltr'><strong>ν,</strong></span> <span class='ocrx_word' id='word_1_33' title='bbox 1375 655 1501 725; x_wconf 78' lang='lat' dir='ltr'><strong>M).</strong></span> <span class='ocrx_word' id='word_1_34' title='bbox 1530 655 1586 710; x_wconf 88' lang='lat' dir='ltr'><strong>Si</strong></span> <span class='ocrx_word' id='word_1_35' title='bbox 1613 669 1738 726; x_wconf 86' lang='lat' dir='ltr'><strong>ergo</strong></span> <span class='ocrx_word' id='word_1_36' title='bbox 1759 653 1930 720; x_wconf 66' lang='lat' dir='ltr'><strong>Adam</strong></span> 
     </span>
    </p>
   </div>
   <div class='ocr_carea' id='block_1_5' title="bbox 303 744 1929 821">
    <p class='ocr_par' dir='ltr' id='par_1_5' title="bbox 303 744 1929 821">
     <span class='ocr_line' id='line_1_5' title="bbox 303 744 1929 821; baseline -0.007 -11"><span class='ocrx_word' id='word_1_37' title='bbox 303 758 520 812; x_wconf 67' lang='lat' dir='ltr'><strong>&#39;forma</strong></span> <span class='ocrx_word' id='word_1_38' title='bbox 547 752 704 808; x_wconf 87' lang='lat' dir='ltr'><strong>futuri</strong></span> <span class='ocrx_word' id='word_1_39' title='bbox 728 768 744 818; x_wconf 90' lang='lat'><strong>;</strong></span> <span class='ocrx_word' id='word_1_40' title='bbox 773 750 1038 821; x_wconf 89' lang='lat' dir='ltr'><strong>quomodo</strong></span> <span class='ocrx_word' id='word_1_41' title='bbox 1059 749 1124 804; x_wconf 90' lang='lat' dir='ltr'><strong>de</strong></span> <span class='ocrx_word' id='word_1_42' title='bbox 1145 750 1310 804; x_wconf 88' lang='lat' dir='ltr'><strong>latere</strong></span> <span class='ocrx_word' id='word_1_43' title='bbox 1331 747 1644 804; x_wconf 76' lang='lat' dir='ltr'><strong>dormientis</strong></span> <span class='ocrx_word' id='word_1_44' title='bbox 1663 747 1774 800; x_wconf 85' lang='lat' dir='ltr'><strong>Eva</strong></span> <span class='ocrx_word' id='word_1_45' title='bbox 1796 744 1929 800; x_wconf 90' lang='lat' dir='ltr'><strong>facta</strong></span> 
     </span>
    </p>
   </div>
   <div class='ocr_carea' id='block_1_6' title="bbox 348 838 1927 919">
    <p class='ocr_par' dir='ltr' id='par_1_6' title="bbox 348 838 1927 919">
     <span class='ocr_line' id='line_1_6' title="bbox 348 838 1927 919; baseline -0.006 -19"><span class='ocrx_word' id='word_1_46' title='bbox 348 857 436 906; x_wconf 82' lang='lat' dir='ltr'><strong>est</strong></span> <span class='ocrx_word' id='word_1_47' title='bbox 464 845 614 919; x_wconf 80' lang='lat' dir='ltr'><strong>(Gen.</strong></span> <span class='ocrx_word' id='word_1_48' title='bbox 643 859 700 900; x_wconf 89' lang='grc' dir='ltr'><strong>ιι.</strong></span> <span class='ocrx_word' id='word_1_49' title='bbox 731 843 821 907; x_wconf 74' lang='lat'><strong>2|,</strong></span> <span class='ocrx_word' id='word_1_50' title='bbox 851 840 964 914; x_wconf 68' lang='lat'><strong>22),</strong></span> <span class='ocrx_word' id='word_1_51' title='bbox 997 842 1074 896; x_wconf 89' lang='lat' dir='ltr'><strong>sic</strong></span> <span class='ocrx_word' id='word_1_52' title='bbox 1093 857 1158 896; x_wconf 77' lang='lat' dir='ltr'><strong>ex</strong></span> <span class='ocrx_word' id='word_1_53' title='bbox 1177 841 1341 896; x_wconf 88' lang='lat' dir='ltr'><strong>latere</strong></span> <span class='ocrx_word' id='word_1_54' title='bbox 1363 839 1572 894; x_wconf 86' lang='lat' dir='ltr'><strong>Domini</strong></span> <span class='ocrx_word' id='word_1_55' title='bbox 1591 838 1927 902; x_wconf 79' lang='lat' dir='ltr'><strong>dormientis,</strong></span> 
     </span>
    </p>
   </div>
   <div class='ocr_carea' id='block_1_7' title="bbox 349 928 1931 1005">
    <p class='ocr_par' dir='ltr' id='par_1_7' title="bbox 349 928 1931 1005">
     <span class='ocr_line' id='line_1_7' title="bbox 349 928 1931 1005; baseline -0.006 -13"><span class='ocrx_word' id='word_1_56' title='bbox 349 937 404 994; x_wconf 97' lang='lat' dir='ltr'><strong>id</strong></span> <span class='ocrx_word' id='word_1_57' title='bbox 435 947 536 1004; x_wconf 90' lang='lat' dir='ltr'><strong>est,</strong></span> <span class='ocrx_word' id='word_1_58' title='bbox 567 936 620 989; x_wconf 89' lang='lat' dir='ltr'><strong>in</strong></span> <span class='ocrx_word' id='word_1_59' title='bbox 651 933 897 1005; x_wconf 84' lang='lat' dir='ltr'><strong>passione</strong></span> <span class='ocrx_word' id='word_1_60' title='bbox 917 931 1216 998; x_wconf 88' lang='lat' dir='ltr'><strong>morientis,</strong></span> <span class='ocrx_word' id='word_1_61' title='bbox 1245 939 1300 986; x_wconf 92' lang='lat' dir='ltr'><strong>et</strong></span> <span class='ocrx_word' id='word_1_62' title='bbox 1327 931 1378 986; x_wconf 92' lang='lat' dir='ltr'><strong>in</strong></span> <span class='ocrx_word' id='word_1_63' title='bbox 1405 945 1562 986; x_wconf 90' lang='lat' dir='ltr'><strong>cruce</strong></span> <span class='ocrx_word' id='word_1_64' title='bbox 1588 943 1840 999; x_wconf 88' lang='lat' dir='ltr'><strong>percusso</strong></span> <span class='ocrx_word' id='word_1_65' title='bbox 1864 928 1931 984; x_wconf 89' lang='lat' dir='ltr'><strong>de</strong></span> 
     </span>
    </p>
   </div>
   <div class='ocr_carea' id='block_1_8' title="bbox 348 1021 1930 1102">
    <p class='ocr_par' dir='ltr' id='par_1_8' title="bbox 348 1021 1930 1102">
     <span class='ocr_line' id='line_1_8' title="bbox 348 1021 1930 1102; baseline -0.008 -16"><span class='ocrx_word' id='word_1_66' title='bbox 348 1032 534 1087; x_wconf 89' lang='lat' dir='ltr'><strong>lancea</strong></span> <span class='ocrx_word' id='word_1_67' title='bbox 561 1030 739 1102; x_wconf 83' lang='lat' dir='ltr'><strong>(Joan.</strong></span> <span class='ocrx_word' id='word_1_68' title='bbox 768 1044 880 1094; x_wconf 73' lang='lat' dir='ltr'><strong>XIX,</strong></span> <span class='ocrx_word' id='word_1_69' title='bbox 905 1027 1018 1096; x_wconf 69' lang='lat'><strong>&#39;54),</strong></span> <span class='ocrx_word' id='word_1_70' title='bbox 1047 1033 1394 1080; x_wconf 89' lang='lat' dir='ltr'><strong>manaverunt</strong></span> <span class='ocrx_word' id='word_1_71' title='bbox 1421 1023 1788 1088; x_wconf 78' lang='lat' dir='ltr'><strong>Sacramenta,</strong></span> <span class='ocrx_word' id='word_1_72' title='bbox 1811 1021 1930 1091; x_wconf 86' lang='lat' dir='ltr'><strong>qui-</strong></span> 
     </span>
    </p>
   </div>
   <div class='ocr_carea' id='block_1_9' title="bbox 347 1112 1928 1181">
    <p class='ocr_par' dir='ltr' id='par_1_9' title="bbox 347 1112 1928 1181">
     <span class='ocr_line' id='line_1_9' title="bbox 347 1112 1928 1181; baseline -0.007 -4"><span class='ocrx_word' id='word_1_73' title='bbox 347 1122 448 1176; x_wconf 87' lang='lat' dir='ltr'><strong>bus</strong></span> <span class='ocrx_word' id='word_1_74' title='bbox 483 1121 801 1175; x_wconf 87' lang='lat' dir='ltr'><strong>formaretur</strong></span> <span class='ocrx_word' id='word_1_75' title='bbox 843 1116 1096 1172; x_wconf 85' lang='lat' dir='ltr'><strong>Ecclesia.</strong></span> <span class='ocrx_word' id='word_1_76' title='bbox 1129 1115 1260 1170; x_wconf 87' lang='lat' dir='ltr'><strong>Nam</strong></span> <span class='ocrx_word' id='word_1_77' title='bbox 1289 1114 1356 1169; x_wconf 89' lang='lat' dir='ltr'><strong>de</strong></span> <span class='ocrx_word' id='word_1_78' title='bbox 1395 1112 1568 1168; x_wconf 87' lang='lat' dir='ltr'><strong>futura</strong></span> <span class='ocrx_word' id='word_1_79' title='bbox 1591 1112 1778 1168; x_wconf 87' lang='lat' dir='ltr'><strong>eadem</strong></span> <span class='ocrx_word' id='word_1_80' title='bbox 1805 1125 1928 1181; x_wconf 88' lang='lat' dir='ltr'><strong>pas-</strong></span> 
     </span>
    </p>
   </div>
   <div class='ocr_carea' id='block_1_10' title="bbox 349 1203 1931 1274">
    <p class='ocr_par' dir='ltr' id='par_1_10' title="bbox 349 1203 1931 1274">
     <span class='ocr_line' id='line_1_10' title="bbox 349 1203 1931 1274; baseline -0.008 -6"><span class='ocrx_word' id='word_1_81' title='bbox 349 1214 502 1268; x_wconf 87' lang='lat' dir='ltr'><strong>sione</strong></span> <span class='ocrx_word' id='word_1_82' title='bbox 543 1225 638 1266; x_wconf 89' lang='lat' dir='ltr'><strong>sua</strong></span> <span class='ocrx_word' id='word_1_83' title='bbox 685 1209 762 1264; x_wconf 90' lang='lat' dir='ltr'><strong>sic</strong></span> <span class='ocrx_word' id='word_1_84' title='bbox 799 1208 928 1264; x_wconf 87' lang='lat' dir='ltr'><strong>dicit</strong></span> <span class='ocrx_word' id='word_1_85' title='bbox 968 1208 1020 1262; x_wconf 91' lang='lat' dir='ltr'><strong>in</strong></span> <span class='ocrx_word' id='word_1_86' title='bbox 1054 1206 1158 1261; x_wconf 91' lang='lat' dir='ltr'><strong>alio</strong></span> <span class='ocrx_word' id='word_1_87' title='bbox 1200 1205 1402 1274; x_wconf 85' lang='lat' dir='ltr'><strong>psalmo</strong></span> <span class='ocrx_word' id='word_1_88' title='bbox 1433 1223 1445 1260; x_wconf 94' lang='lat'><strong>:</strong></span> <span class='ocrx_word' id='word_1_89' title='bbox 1478 1203 1586 1274; x_wconf 82' lang='lat' dir='ltr'><strong>Ego</strong></span> <span class='ocrx_word' id='word_1_90' title='bbox 1615 1203 1853 1265; x_wconf 75' lang='lat' dir='ltr'><strong>dormivi,</strong></span> <span class='ocrx_word' id='word_1_91' title='bbox 1885 1211 1931 1256; x_wconf 92' lang='lat' dir='ltr'><strong>et</strong></span> 
     </span>
    </p>
   </div>
   <div class='ocr_carea' id='block_1_11' title="bbox 349 1294 1930 1372">
    <p class='ocr_par' dir='ltr' id='par_1_11' title="bbox 349 1294 1930 1372">
     <span class='ocr_line' id='line_1_11' title="bbox 349 1294 1930 1372; baseline -0.008 -14"><span class='ocrx_word' id='word_1_92' title='bbox 349 1317 582 1360; x_wconf 92' lang='lat' dir='ltr'><strong>somnum</strong></span> <span class='ocrx_word' id='word_1_93' title='bbox 609 1301 752 1372; x_wconf 86' lang='lat' dir='ltr'><strong>cepi;</strong></span> <span class='ocrx_word' id='word_1_94' title='bbox 777 1309 824 1354; x_wconf 90' lang='lat' dir='ltr'><strong>et</strong></span> <span class='ocrx_word' id='word_1_95' title='bbox 853 1299 1132 1363; x_wconf 69' lang='lat' dir='ltr'><strong>exsurrexi,</strong></span> <span class='ocrx_word' id='word_1_96' title='bbox 1161 1297 1399 1364; x_wconf 87' lang='lat' dir='ltr'><strong>quoniam</strong></span> <span class='ocrx_word' id='word_1_97' title='bbox 1425 1294 1670 1348; x_wconf 76' lang='lat' dir='ltr'><strong>Dominus</strong></span> <span class='ocrx_word' id='word_1_98' title='bbox 1697 1294 1930 1372; x_wconf 80' lang='lat' dir='ltr'><strong>suscipiet</strong></span> 
     </span>
    </p>
   </div>
   <div class='ocr_carea' id='block_1_12' title="bbox 350 1369 1926 1462">
    <p class='ocr_par' dir='ltr' id='par_1_12' title="bbox 350 1369 1926 1462">
     <span class='ocr_line' id='line_1_12' title="bbox 350 1369 1926 1462; baseline -0.005 -16"><span class='ocrx_word' id='word_1_99' title='bbox 350 1411 432 1448; x_wconf 88' lang='lat' dir='ltr'><strong>me</strong></span> <span class='ocrx_word' id='word_1_100' title='bbox 466 1369 778 1462; x_wconf 63' lang='grc' dir='ltr'><strong>(Ρεαιξιιι,</strong></span> <span class='ocrx_word' id='word_1_101' title='bbox 809 1389 904 1462; x_wconf 85' lang='grc'><strong>6).</strong></span> <span class='ocrx_word' id='word_1_102' title='bbox 937 1389 1077 1459; x_wconf 89' lang='lat' dir='ltr'><strong>Ergo</strong></span> <span class='ocrx_word' id='word_1_103' title='bbox 1115 1387 1365 1444; x_wconf 90' lang='lat' dir='ltr'><strong>dormitio</strong></span> <span class='ocrx_word' id='word_1_104' title='bbox 1400 1385 1708 1456; x_wconf 64' lang='lat' dir='ltr'><strong>intelligitur</strong></span> <span class='ocrx_word' id='word_1_105' title='bbox 1730 1369 1926 1454; x_wconf 84' lang='lat' dir='ltr'><strong>passio.</strong></span> 
     </span>
    </p>
   </div>
   <div class='ocr_carea' id='block_1_13' title="bbox 350 1475 1926 1548">
    <p class='ocr_par' dir='ltr' id='par_1_13' title="bbox 350 1475 1926 1548">
     <span class='ocr_line' id='line_1_13' title="bbox 350 1475 1926 1548; baseline -0.006 -9"><span class='ocrx_word' id='word_1_106' title='bbox 350 1485 460 1540; x_wconf 82' lang='lat' dir='ltr'><strong>Eva</strong></span> <span class='ocrx_word' id='word_1_107' title='bbox 485 1483 553 1538; x_wconf 89' lang='lat' dir='ltr'><strong>de</strong></span> <span class='ocrx_word' id='word_1_108' title='bbox 581 1483 744 1538; x_wconf 84' lang='lat' dir='ltr'><strong>latere</strong></span> <span class='ocrx_word' id='word_1_109' title='bbox 769 1482 1102 1545; x_wconf 87' lang='lat' dir='ltr'><strong>dormientis,</strong></span> <span class='ocrx_word' id='word_1_110' title='bbox 1133 1479 1366 1534; x_wconf 82' lang='lat' dir='ltr'><strong>Ecclesia</strong></span> <span class='ocrx_word' id='word_1_111' title='bbox 1385 1479 1454 1534; x_wconf 92' lang='lat' dir='ltr'><strong>de</strong></span> <span class='ocrx_word' id='word_1_112' title='bbox 1473 1478 1640 1533; x_wconf 81' lang='lat' dir='ltr'><strong>latere</strong></span> <span class='ocrx_word' id='word_1_113' title='bbox 1661 1475 1926 1548; x_wconf 82' lang='lat' dir='ltr'><strong>patientis.</strong></span> 
     </span>
    </p>
   </div>
   <div class='ocr_carea' id='block_1_14' title="bbox 350 1569 1930 1647">
    <p class='ocr_par' dir='ltr' id='par_1_14' title="bbox 350 1569 1930 1647">
     <span class='ocr_line' id='line_1_14' title="bbox 350 1569 1930 1647; baseline -0.007 -15"><span class='ocrx_word' id='word_1_114' title='bbox 350 1577 609 1647; x_wconf 85' lang='lat' dir='ltr'><strong>Loquitur</strong></span> <span class='ocrx_word' id='word_1_115' title='bbox 633 1590 761 1646; x_wconf 86' lang='lat' dir='ltr'><strong>ergo</strong></span> <span class='ocrx_word' id='word_1_116' title='bbox 789 1573 1041 1630; x_wconf 90' lang='lat' dir='ltr'><strong>Dominus</strong></span> <span class='ocrx_word' id='word_1_117' title='bbox 1069 1581 1249 1627; x_wconf 88' lang='lat' dir='ltr'><strong>noster</strong></span> <span class='ocrx_word' id='word_1_118' title='bbox 1269 1570 1424 1627; x_wconf 77' lang='lat' dir='ltr'><strong>Iesus</strong></span> <span class='ocrx_word' id='word_1_119' title='bbox 1450 1569 1696 1626; x_wconf 87' lang='lat' dir='ltr'><strong>Christus</strong></span> <span class='ocrx_word' id='word_1_120' title='bbox 1721 1569 1771 1622; x_wconf 93' lang='lat' dir='ltr'><strong>in</strong></span> <span class='ocrx_word' id='word_1_121' title='bbox 1800 1569 1930 1623; x_wconf 90' lang='lat' dir='ltr'><strong>Pro-</strong></span> 
     </span>
    </p>
   </div>
   <div class='ocr_carea' id='block_1_15' title="bbox 351 1661 1928 1738">
    <p class='ocr_par' dir='ltr' id='par_1_15' title="bbox 351 1661 1928 1738">
     <span class='ocr_line' id='line_1_15' title="bbox 351 1661 1928 1738; baseline -0.004 -18"><span class='ocrx_word' id='word_1_122' title='bbox 351 1668 528 1738; x_wconf 89' lang='lat' dir='ltr'><strong>phetis</strong></span> <span class='ocrx_word' id='word_1_123' title='bbox 553 1665 834 1737; x_wconf 85' lang='lat' dir='ltr'><strong>aliquando</strong></span> <span class='ocrx_word' id='word_1_124' title='bbox 862 1681 928 1720; x_wconf 84' lang='lat' dir='ltr'><strong>ex</strong></span> <span class='ocrx_word' id='word_1_125' title='bbox 953 1679 1082 1719; x_wconf 89' lang='lat' dir='ltr'><strong>voce</strong></span> <span class='ocrx_word' id='word_1_126' title='bbox 1109 1679 1202 1718; x_wconf 89' lang='lat' dir='ltr'><strong>sua</strong></span> <span class='ocrx_word' id='word_1_127' title='bbox 1227 1705 1242 1728; x_wconf 91' lang='lat'><strong>,</strong></span> <span class='ocrx_word' id='word_1_128' title='bbox 1269 1661 1551 1734; x_wconf 87' lang='lat' dir='ltr'><strong>aliquando</strong></span> <span class='ocrx_word' id='word_1_129' title='bbox 1579 1675 1643 1716; x_wconf 85' lang='lat' dir='ltr'><strong>ex</strong></span> <span class='ocrx_word' id='word_1_130' title='bbox 1672 1675 1804 1714; x_wconf 89' lang='lat' dir='ltr'><strong>voce</strong></span> <span class='ocrx_word' id='word_1_131' title='bbox 1829 1674 1928 1714; x_wconf 91' lang='lat' dir='ltr'><strong>no-</strong></span> 
     </span>
    </p>
   </div>
   <div class='ocr_carea' id='block_1_16' title="bbox 355 1752 1926 1828">
    <p class='ocr_par' dir='ltr' id='par_1_16' title="bbox 355 1752 1926 1828">
     <span class='ocr_line' id='line_1_16' title="bbox 355 1752 1926 1828; baseline -0.006 -14"><span class='ocrx_word' id='word_1_132' title='bbox 355 1769 486 1824; x_wconf 86' lang='lat' dir='ltr'><strong>stra,</strong></span> <span class='ocrx_word' id='word_1_133' title='bbox 519 1759 638 1828; x_wconf 91' lang='lat' dir='ltr'><strong>quia</strong></span> <span class='ocrx_word' id='word_1_134' title='bbox 671 1773 828 1812; x_wconf 90' lang='lat' dir='ltr'><strong>unum</strong></span> <span class='ocrx_word' id='word_1_135' title='bbox 857 1771 914 1812; x_wconf 88' lang='lat' dir='ltr'><strong>se</strong></span> <span class='ocrx_word' id='word_1_136' title='bbox 934 1756 1056 1811; x_wconf 81' lang='lat' dir='ltr'><strong>facit</strong></span> <span class='ocrx_word' id='word_1_137' title='bbox 1084 1755 1393 1820; x_wconf 90' lang='lat' dir='ltr'><strong>nobiscum;</strong></span> <span class='ocrx_word' id='word_1_138' title='bbox 1423 1754 1559 1809; x_wconf 86' lang='lat' dir='ltr'><strong>sicut</strong></span> <span class='ocrx_word' id='word_1_139' title='bbox 1585 1752 1784 1808; x_wconf 90' lang='lat' dir='ltr'><strong>dictum</strong></span> <span class='ocrx_word' id='word_1_140' title='bbox 1809 1761 1892 1806; x_wconf 88' lang='lat' dir='ltr'><strong>est</strong></span> <span class='ocrx_word' id='word_1_141' title='bbox 1910 1793 1926 1818; x_wconf 91' lang='lat'><strong>,</strong></span> 
     </span>
    </p>
   </div>
   <div class='ocr_carea' id='block_1_17' title="bbox 353 1842 1930 1914">
    <p class='ocr_par' dir='ltr' id='par_1_17' title="bbox 353 1842 1930 1914">
     <span class='ocr_line' id='line_1_17' title="bbox 353 1842 1930 1914; baseline -0.005 -10"><span class='ocrx_word' id='word_1_142' title='bbox 353 1851 520 1904; x_wconf 89' lang='lat' dir='ltr'><strong>Erunt</strong></span> <span class='ocrx_word' id='word_1_143' title='bbox 565 1850 663 1903; x_wconf 83' lang='lat' dir='ltr'><strong>duo</strong></span> <span class='ocrx_word' id='word_1_144' title='bbox 700 1851 752 1902; x_wconf 83' lang='lat' dir='ltr'><strong>in</strong></span> <span class='ocrx_word' id='word_1_145' title='bbox 794 1864 944 1902; x_wconf 86' lang='lat' dir='ltr'><strong>carne</strong></span> <span class='ocrx_word' id='word_1_146' title='bbox 969 1864 1088 1901; x_wconf 84' lang='lat' dir='ltr'><strong>una.</strong></span> <span class='ocrx_word' id='word_1_147' title='bbox 1119 1845 1272 1901; x_wconf 90' lang='lat' dir='ltr'><strong>Unde</strong></span> <span class='ocrx_word' id='word_1_148' title='bbox 1301 1844 1428 1900; x_wconf 88' lang='lat' dir='ltr'><strong>dicit</strong></span> <span class='ocrx_word' id='word_1_149' title='bbox 1456 1853 1509 1898; x_wconf 91' lang='lat' dir='ltr'><strong>et</strong></span> <span class='ocrx_word' id='word_1_150' title='bbox 1535 1843 1650 1914; x_wconf 90' lang='lat' dir='ltr'><strong>ipse</strong></span> <span class='ocrx_word' id='word_1_151' title='bbox 1677 1842 1930 1897; x_wconf 90' lang='lat' dir='ltr'><strong>Dominus</strong></span> 
     </span>
    </p>
   </div>
   <div class='ocr_carea' id='block_1_18' title="bbox 351 1934 1930 2011">
    <p class='ocr_par' dir='ltr' id='par_1_18' title="bbox 351 1934 1930 2011">
     <span class='ocr_line' id='line_1_18' title="bbox 351 1934 1930 2011; baseline -0.006 -14"><span class='ocrx_word' id='word_1_152' title='bbox 351 1944 406 1997; x_wconf 88' lang='lat' dir='ltr'><strong>in</strong></span> <span class='ocrx_word' id='word_1_153' title='bbox 434 1941 741 2011; x_wconf 85' lang='lat' dir='ltr'><strong>Evangelio,</strong></span> <span class='ocrx_word' id='word_1_154' title='bbox 770 1955 889 1995; x_wconf 89' lang='lat' dir='ltr'><strong>eum</strong></span> <span class='ocrx_word' id='word_1_155' title='bbox 915 1939 980 1994; x_wconf 90' lang='lat' dir='ltr'><strong>de</strong></span> <span class='ocrx_word' id='word_1_156' title='bbox 1005 1937 1249 2008; x_wconf 83' lang='lat' dir='ltr'><strong>conjugio</strong></span> <span class='ocrx_word' id='word_1_157' title='bbox 1273 1937 1578 2006; x_wconf 86' lang='lat' dir='ltr'><strong>loqueretur</strong></span> <span class='ocrx_word' id='word_1_158' title='bbox 1606 1953 1618 1988; x_wconf 91' lang='lat'><strong>:</strong></span> <span class='ocrx_word' id='word_1_159' title='bbox 1643 1934 1812 2005; x_wconf 80' lang='lat' dir='ltr'><strong>Igitur</strong></span> <span class='ocrx_word' id='word_1_160' title='bbox 1817 1934 1930 2003; x_wconf 85' lang='lat' dir='ltr'><strong>jam</strong></span> 
     </span>
    </p>
   </div>
   <div class='ocr_carea' id='block_1_19' title="bbox 351 2026 1926 2102">
    <p class='ocr_par' dir='ltr' id='par_1_19' title="bbox 351 2026 1926 2102">
     <span class='ocr_line' id='line_1_19' title="bbox 351 2026 1926 2102; baseline -0.003 -16"><span class='ocrx_word' id='word_1_161' title='bbox 351 2051 454 2088; x_wconf 86' lang='lat' dir='ltr'><strong>non</strong></span> <span class='ocrx_word' id='word_1_162' title='bbox 481 2041 596 2088; x_wconf 84' lang='lat' dir='ltr'><strong>sunt</strong></span> <span class='ocrx_word' id='word_1_163' title='bbox 621 2033 740 2098; x_wconf 88' lang='lat' dir='ltr'><strong>duo,</strong></span> <span class='ocrx_word' id='word_1_164' title='bbox 771 2031 860 2086; x_wconf 87' lang='lat' dir='ltr'><strong>sed</strong></span> <span class='ocrx_word' id='word_1_165' title='bbox 887 2049 987 2086; x_wconf 90' lang='lat' dir='ltr'><strong>una</strong></span> <span class='ocrx_word' id='word_1_166' title='bbox 1012 2048 1129 2085; x_wconf 88' lang='lat' dir='ltr'><strong>caro</strong></span> <span class='ocrx_word' id='word_1_167' title='bbox 1158 2029 1366 2102; x_wconf 81' lang='lat' dir='ltr'><strong>(Matth.</strong></span> <span class='ocrx_word' id='word_1_168' title='bbox 1397 2045 1505 2095; x_wconf 75' lang='lat' dir='ltr'><strong>tux,</strong></span> <span class='ocrx_word' id='word_1_169' title='bbox 1534 2027 1612 2098; x_wconf 86' lang='lat'><strong>6).</strong></span> <span class='ocrx_word' id='word_1_170' title='bbox 1641 2026 1756 2083; x_wconf 88' lang='lat' dir='ltr'><strong>Una</strong></span> <span class='ocrx_word' id='word_1_171' title='bbox 1781 2041 1926 2092; x_wconf 90' lang='lat' dir='ltr'><strong>caro,</strong></span> 
     </span>
    </p>
   </div>
   <div class='ocr_carea' id='block_1_20' title="bbox 354 2121 1931 2198">
    <p class='ocr_par' dir='ltr' id='par_1_20' title="bbox 354 2121 1931 2198">
     <span class='ocr_line' id='line_1_20' title="bbox 354 2121 1931 2198; baseline -0.003 -20"><span class='ocrx_word' id='word_1_172' title='bbox 354 2127 474 2198; x_wconf 85' lang='lat' dir='ltr'><strong>quia</strong></span> <span class='ocrx_word' id='word_1_173' title='bbox 509 2125 575 2181; x_wconf 89' lang='lat' dir='ltr'><strong>de</strong></span> <span class='ocrx_word' id='word_1_174' title='bbox 605 2133 787 2180; x_wconf 90' lang='lat' dir='ltr'><strong>nostra</strong></span> <span class='ocrx_word' id='word_1_175' title='bbox 815 2124 1134 2179; x_wconf 89' lang='lat' dir='ltr'><strong>mortalitate</strong></span> <span class='ocrx_word' id='word_1_176' title='bbox 1159 2137 1371 2178; x_wconf 88' lang='lat' dir='ltr'><strong>carnem</strong></span> <span class='ocrx_word' id='word_1_177' title='bbox 1403 2121 1633 2191; x_wconf 87' lang='lat' dir='ltr'><strong>suscepit</strong></span> <span class='ocrx_word' id='word_1_178' title='bbox 1661 2137 1678 2174; x_wconf 94' lang='lat'><em>:</em></span> <span class='ocrx_word' id='word_1_179' title='bbox 1703 2133 1808 2174; x_wconf 89' lang='lat' dir='ltr'><strong>non</strong></span> <span class='ocrx_word' id='word_1_180' title='bbox 1837 2132 1931 2173; x_wconf 85' lang='lat' dir='ltr'><strong>att-</strong></span> 
     </span>
    </p>
   </div>
   <div class='ocr_carea' id='block_1_21' title="bbox 354 2209 1925 2288">
    <p class='ocr_par' dir='ltr' id='par_1_21' title="bbox 354 2209 1925 2288">
     <span class='ocr_line' id='line_1_21' title="bbox 354 2209 1925 2288; baseline -0.004 -16"><span class='ocrx_word' id='word_1_181' title='bbox 354 2209 460 2274; x_wconf 85' lang='lat' dir='ltr'><strong>tem</strong></span> <span class='ocrx_word' id='word_1_182' title='bbox 497 2233 600 2273; x_wconf 91' lang='lat' dir='ltr'><strong>una</strong></span> <span class='ocrx_word' id='word_1_183' title='bbox 639 2213 918 2282; x_wconf 87' lang='lat' dir='ltr'><strong>divinitas;</strong></span> <span class='ocrx_word' id='word_1_184' title='bbox 957 2217 1078 2288; x_wconf 88' lang='lat' dir='ltr'><strong>quia</strong></span> <span class='ocrx_word' id='word_1_185' title='bbox 1119 2217 1205 2271; x_wconf 91' lang='lat' dir='ltr'><strong>ille</strong></span> <span class='ocrx_word' id='word_1_186' title='bbox 1239 2217 1492 2280; x_wconf 87' lang='lat' dir='ltr'><strong>Creator,</strong></span> <span class='ocrx_word' id='word_1_187' title='bbox 1533 2229 1632 2269; x_wconf 91' lang='lat' dir='ltr'><strong>nos</strong></span> <span class='ocrx_word' id='word_1_188' title='bbox 1666 2221 1925 2268; x_wconf 85' lang='lat' dir='ltr'><strong>creatura.</strong></span> 
     </span>
    </p>
   </div>
   <div class='ocr_carea' id='block_1_22' title="bbox 353 2309 1929 2381">
    <p class='ocr_par' dir='ltr' id='par_1_22' title="bbox 353 2309 1929 2381">
     <span class='ocr_line' id='line_1_22' title="bbox 353 2309 1929 2381; baseline -0.003 -17"><span class='ocrx_word' id='word_1_189' title='bbox 353 2309 614 2381; x_wconf 82' lang='lat' dir='ltr'><strong>Quidquid</strong></span> <span class='ocrx_word' id='word_1_190' title='bbox 635 2311 792 2380; x_wconf 79' lang='lat' dir='ltr'><strong>igitur</strong></span> <span class='ocrx_word' id='word_1_191' title='bbox 812 2309 1064 2364; x_wconf 90' lang='lat' dir='ltr'><strong>Dominus</strong></span> <span class='ocrx_word' id='word_1_192' title='bbox 1085 2309 1318 2378; x_wconf 81' lang='lat' dir='ltr'><strong>loquitur</strong></span> <span class='ocrx_word' id='word_1_193' title='bbox 1337 2324 1398 2362; x_wconf 86' lang='lat' dir='ltr'><strong>ex</strong></span> <span class='ocrx_word' id='word_1_194' title='bbox 1423 2323 1646 2379; x_wconf 84' lang='lat' dir='ltr'><strong>persona</strong></span> <span class='ocrx_word' id='word_1_195' title='bbox 1669 2315 1929 2378; x_wconf 66' lang='lat' dir='ltr'><strong>susceptae</strong></span> 
     </span>
    </p>
   </div>
   <div class='ocr_carea' id='block_1_23' title="bbox 351 2400 1928 2472">
    <p class='ocr_par' dir='ltr' id='par_1_23' title="bbox 351 2400 1928 2472">
     <span class='ocr_line' id='line_1_23' title="bbox 351 2400 1928 2472; baseline -0.002 -15"><span class='ocrx_word' id='word_1_196' title='bbox 351 2405 546 2468; x_wconf 89' lang='lat' dir='ltr'><strong>carnis,</strong></span> <span class='ocrx_word' id='word_1_197' title='bbox 573 2411 630 2458; x_wconf 85' lang='lat' dir='ltr'><strong>et</strong></span> <span class='ocrx_word' id='word_1_198' title='bbox 653 2403 716 2457; x_wconf 93' lang='lat' dir='ltr'><strong>ad</strong></span> <span class='ocrx_word' id='word_1_199' title='bbox 747 2401 874 2457; x_wconf 89' lang='lat' dir='ltr'><strong>illud</strong></span> <span class='ocrx_word' id='word_1_200' title='bbox 900 2410 1056 2472; x_wconf 87' lang='lat' dir='ltr'><strong>caput</strong></span> <span class='ocrx_word' id='word_1_201' title='bbox 1079 2402 1304 2471; x_wconf 90' lang='lat' dir='ltr'><strong>pertinet</strong></span> <span class='ocrx_word' id='word_1_202' title='bbox 1327 2401 1465 2471; x_wconf 90' lang='lat' dir='ltr'><strong>quod</strong></span> <span class='ocrx_word' id='word_1_203' title='bbox 1483 2401 1590 2471; x_wconf 90' lang='lat' dir='ltr'><strong>jam</strong></span> <span class='ocrx_word' id='word_1_204' title='bbox 1612 2400 1850 2456; x_wconf 87' lang='lat' dir='ltr'><strong>ascendit</strong></span> <span class='ocrx_word' id='word_1_205' title='bbox 1877 2400 1928 2454; x_wconf 91' lang='lat' dir='ltr'><strong>in</strong></span> 
     </span>
    </p>
   </div>
   <div class='ocr_carea' id='block_1_24' title="bbox 352 2492 1928 2564">
    <p class='ocr_par' dir='ltr' id='par_1_24' title="bbox 352 2492 1928 2564">
     <span class='ocr_line' id='line_1_24' title="bbox 352 2492 1928 2564; baseline -0.004 -12"><span class='ocrx_word' id='word_1_206' title='bbox 352 2495 567 2558; x_wconf 72' lang='lat' dir='ltr'><strong>(mlum,</strong></span> <span class='ocrx_word' id='word_1_207' title='bbox 596 2505 648 2550; x_wconf 93' lang='lat' dir='ltr'><strong>et</strong></span> <span class='ocrx_word' id='word_1_208' title='bbox 676 2494 738 2550; x_wconf 90' lang='lat' dir='ltr'><strong>ad</strong></span> <span class='ocrx_word' id='word_1_209' title='bbox 771 2495 871 2548; x_wconf 89' lang='lat' dir='ltr'><strong>ista</strong></span> <span class='ocrx_word' id='word_1_210' title='bbox 899 2494 1135 2548; x_wconf 89' lang='lat' dir='ltr'><strong>membra</strong></span> <span class='ocrx_word' id='word_1_211' title='bbox 1160 2509 1275 2564; x_wconf 81' lang='lat' dir='ltr'><strong>quae</strong></span> <span class='ocrx_word' id='word_1_212' title='bbox 1298 2492 1470 2547; x_wconf 91' lang='lat' dir='ltr'><strong>adhuc</strong></span> <span class='ocrx_word' id='word_1_213' title='bbox 1495 2493 1545 2546; x_wconf 92' lang='lat' dir='ltr'><strong>in</strong></span> <span class='ocrx_word' id='word_1_214' title='bbox 1575 2501 1780 2546; x_wconf 89' lang='lat' dir='ltr'><strong>terrena</strong></span> <span class='ocrx_word' id='word_1_215' title='bbox 1803 2507 1928 2560; x_wconf 89' lang='lat' dir='ltr'><strong>per-</strong></span> 
     </span>
    </p>
   </div>
   <div class='ocr_carea' id='block_1_25' title="bbox 351 2584 1926 2656">
    <p class='ocr_par' dir='ltr' id='par_1_25' title="bbox 351 2584 1926 2656">
     <span class='ocr_line' id='line_1_25' title="bbox 351 2584 1926 2656; baseline -0.001 -17"><span class='ocrx_word' id='word_1_216' title='bbox 351 2587 676 2654; x_wconf 78' lang='lat' dir='ltr'><strong>egrinalione</strong></span> <span class='ocrx_word' id='word_1_217' title='bbox 705 2587 946 2642; x_wconf 84' lang='lat' dir='ltr'><strong>laborant</strong></span> <span class='ocrx_word' id='word_1_218' title='bbox 987 2605 999 2639; x_wconf 89' lang='lat'><strong>:</strong></span> <span class='ocrx_word' id='word_1_219' title='bbox 1037 2600 1131 2655; x_wconf 89' lang='lat' dir='ltr'><strong>pro</strong></span> <span class='ocrx_word' id='word_1_220' title='bbox 1158 2586 1346 2656; x_wconf 86' lang='lat' dir='ltr'><strong>quibus</strong></span> <span class='ocrx_word' id='word_1_221' title='bbox 1373 2584 1733 2640; x_wconf 88' lang='lat' dir='ltr'><strong>laborantibus</strong></span> <span class='ocrx_word' id='word_1_222' title='bbox 1756 2599 1926 2640; x_wconf 90' lang='lat' dir='ltr'><strong>mem-</strong></span> 
     </span>
    </p>
   </div>
   <div class='ocr_carea' id='block_1_26' title="bbox 353 2675 1925 2747">
    <p class='ocr_par' dir='ltr' id='par_1_26' title="bbox 353 2675 1925 2747">
     <span class='ocr_line' id='line_1_26' title="bbox 353 2675 1925 2747; baseline -0.001 -15"><span class='ocrx_word' id='word_1_223' title='bbox 353 2679 496 2744; x_wconf 85' lang='lat' dir='ltr'><strong>bris,</strong></span> <span class='ocrx_word' id='word_1_224' title='bbox 524 2695 642 2733; x_wconf 90' lang='lat' dir='ltr'><strong>cum</strong></span> <span class='ocrx_word' id='word_1_225' title='bbox 672 2694 732 2732; x_wconf 88' lang='lat' dir='ltr'><strong>ea</strong></span> <span class='ocrx_word' id='word_1_226' title='bbox 758 2679 946 2734; x_wconf 89' lang='lat' dir='ltr'><strong>Saulus</strong></span> <span class='ocrx_word' id='word_1_227' title='bbox 973 2677 1366 2747; x_wconf 87' lang='lat' dir='ltr'><strong>insequeretur,</strong></span> <span class='ocrx_word' id='word_1_228' title='bbox 1399 2677 1648 2732; x_wconf 78' lang='lat' dir='ltr'><strong>clamavit</strong></span> <span class='ocrx_word' id='word_1_229' title='bbox 1675 2677 1742 2731; x_wconf 90' lang='lat' dir='ltr'><strong>de</strong></span> <span class='ocrx_word' id='word_1_230' title='bbox 1769 2675 1925 2740; x_wconf 90' lang='lat' dir='ltr'><strong>coelo,</strong></span> 
     </span>
    </p>
   </div>
   <div class='ocr_carea' id='block_1_27' title="bbox 353 2765 1928 2840">
    <p class='ocr_par' dir='ltr' id='par_1_27' title="bbox 353 2765 1928 2840">
     <span class='ocr_line' id='line_1_27' title="bbox 353 2765 1928 2840; baseline -0.005 -14"><span class='ocrx_word' id='word_1_231' title='bbox 353 2770 534 2835; x_wconf 84' lang='lat' dir='ltr'><strong>Saute,</strong></span> <span class='ocrx_word' id='word_1_232' title='bbox 567 2771 743 2836; x_wconf 89' lang='lat' dir='ltr'><strong>Saule,</strong></span> <span class='ocrx_word' id='word_1_233' title='bbox 769 2770 890 2840; x_wconf 87' lang='lat' dir='ltr'><strong>quid</strong></span> <span class='ocrx_word' id='word_1_234' title='bbox 913 2786 990 2823; x_wconf 89' lang='lat' dir='ltr'><strong>me</strong></span> <span class='ocrx_word' id='word_1_235' title='bbox 1016 2769 1320 2840; x_wconf 82' lang='lat' dir='ltr'><strong>persequeris</strong></span> <span class='ocrx_word' id='word_1_236' title='bbox 1342 2768 1477 2837; x_wconf 79' lang='lat' dir='ltr'><strong>(Act.</strong></span> <span class='ocrx_word' id='word_1_237' title='bbox 1507 2783 1586 2832; x_wconf 82' lang='lat' dir='ltr'><strong>ix,</strong></span> <span class='ocrx_word' id='word_1_238' title='bbox 1613 2767 1708 2836; x_wconf 67' lang='lat'><strong>4)?</strong></span> <span class='ocrx_word' id='word_1_239' title='bbox 1733 2765 1928 2820; x_wconf 84' lang='lat' dir='ltr'><strong>Audia-</strong></span> 
     </span>
    </p>
   </div>
   <div class='ocr_carea' id='block_1_28' title="bbox 351 2857 1926 2930">
    <p class='ocr_par' dir='ltr' id='par_1_28' title="bbox 351 2857 1926 2930">
     <span class='ocr_line' id='line_1_28' title="bbox 351 2857 1926 2930; baseline -0.001 -16"><span class='ocrx_word' id='word_1_240' title='bbox 351 2877 471 2916; x_wconf 87' lang='lat' dir='ltr'><strong>mus</strong></span> <span class='ocrx_word' id='word_1_241' title='bbox 509 2875 634 2930; x_wconf 87' lang='lat' dir='ltr'><strong>ergo</strong></span> <span class='ocrx_word' id='word_1_242' title='bbox 678 2861 977 2930; x_wconf 86' lang='lat' dir='ltr'><strong>loquentem</strong></span> <span class='ocrx_word' id='word_1_243' title='bbox 1021 2860 1298 2914; x_wconf 89' lang='lat' dir='ltr'><strong>Dominum</strong></span> <span class='ocrx_word' id='word_1_244' title='bbox 1339 2857 1518 2914; x_wconf 85' lang='lat' dir='ltr'><strong>.lesum</strong></span> <span class='ocrx_word' id='word_1_245' title='bbox 1564 2858 1832 2914; x_wconf 88' lang='lat' dir='ltr'><strong>Christum</strong></span> <span class='ocrx_word' id='word_1_246' title='bbox 1874 2857 1926 2913; x_wconf 92' lang='lat' dir='ltr'><strong>in</strong></span> 
     </span>
    </p>
   </div>
   <div class='ocr_carea' id='block_1_29' title="bbox 351 2949 1926 3021">
    <p class='ocr_par' dir='ltr' id='par_1_29' title="bbox 351 2949 1926 3021">
     <span class='ocr_line' id='line_1_29' title="bbox 351 2949 1926 3021; baseline -0.001 -15"><span class='ocrx_word' id='word_1_247' title='bbox 351 2951 644 3021; x_wconf 86' lang='lat' dir='ltr'><strong>prepbetia.</strong></span> <span class='ocrx_word' id='word_1_248' title='bbox 676 2949 880 3006; x_wconf 88' lang='lat' dir='ltr'><strong>Cantati</strong></span> <span class='ocrx_word' id='word_1_249' title='bbox 909 2951 1048 3006; x_wconf 89' lang='lat' dir='ltr'><strong>enim</strong></span> <span class='ocrx_word' id='word_1_250' title='bbox 1085 2957 1208 3004; x_wconf 92' lang='lat' dir='ltr'><strong>sunt</strong></span> <span class='ocrx_word' id='word_1_251' title='bbox 1238 2950 1333 3019; x_wconf 89' lang='lat' dir='ltr'><strong>ipsi</strong></span> <span class='ocrx_word' id='word_1_252' title='bbox 1362 2949 1560 3004; x_wconf 86' lang='lat' dir='ltr'><strong>Psalmi</strong></span> <span class='ocrx_word' id='word_1_253' title='bbox 1591 2949 1748 3019; x_wconf 89' lang='lat' dir='ltr'><strong>longe</strong></span> <span class='ocrx_word' id='word_1_254' title='bbox 1775 2957 1926 3004; x_wconf 91' lang='lat' dir='ltr'><strong>ante-</strong></span> 
     </span>
    </p>
   </div>
   <div class='ocr_carea' id='block_1_30' title="bbox 349 3041 1924 3113">
    <p class='ocr_par' dir='ltr' id='par_1_30' title="bbox 349 3041 1924 3113">
     <span class='ocr_line' id='line_1_30' title="bbox 349 3041 1924 3113; baseline -0.002 -15"><span class='ocrx_word' id='word_1_255' title='bbox 349 3059 507 3113; x_wconf 83' lang='lat' dir='ltr'><strong>quam</strong></span> <span class='ocrx_word' id='word_1_256' title='bbox 546 3043 799 3098; x_wconf 89' lang='lat' dir='ltr'><strong>Dominus</strong></span> <span class='ocrx_word' id='word_1_257' title='bbox 829 3041 894 3098; x_wconf 91' lang='lat' dir='ltr'><strong>de</strong></span> <span class='ocrx_word' id='word_1_258' title='bbox 931 3041 1090 3096; x_wconf 84' lang='lat' dir='ltr'><strong>Maria</strong></span> <span class='ocrx_word' id='word_1_259' title='bbox 1129 3050 1434 3097; x_wconf 90' lang='lat' dir='ltr'><strong>nasceretur</strong></span> <span class='ocrx_word' id='word_1_260' title='bbox 1456 3083 1471 3109; x_wconf 90' lang='lat'><strong>,</strong></span> <span class='ocrx_word' id='word_1_261' title='bbox 1500 3057 1605 3097; x_wconf 92' lang='lat' dir='ltr'><strong>non</strong></span> <span class='ocrx_word' id='word_1_262' title='bbox 1642 3050 1924 3112; x_wconf 87' lang='lat' dir='ltr'><strong>antequam</strong></span> 
     </span>
    </p>
   </div>
   <div class='ocr_carea' id='block_1_31' title="bbox 351 3131 1926 3203">
    <p class='ocr_par' dir='ltr' id='par_1_31' title="bbox 351 3131 1926 3203">
     <span class='ocr_line' id='line_1_31' title="bbox 351 3131 1926 3203; baseline -0.003 -14"><span class='ocrx_word' id='word_1_263' title='bbox 351 3135 608 3190; x_wconf 81' lang='lat' dir='ltr'><strong>Dominus</strong></span> <span class='ocrx_word' id='word_1_264' title='bbox 634 3141 776 3190; x_wconf 81' lang='lat' dir='ltr'><strong>esset</strong></span> <span class='ocrx_word' id='word_1_265' title='bbox 803 3151 816 3187; x_wconf 89' lang='lat'><strong>:</strong></span> <span class='ocrx_word' id='word_1_266' title='bbox 849 3148 1060 3203; x_wconf 85' lang='lat' dir='ltr'><strong>semper</strong></span> <span class='ocrx_word' id='word_1_267' title='bbox 1099 3133 1239 3188; x_wconf 91' lang='lat' dir='ltr'><strong>enim</strong></span> <span class='ocrx_word' id='word_1_268' title='bbox 1277 3131 1496 3188; x_wconf 83' lang='lat' dir='ltr'><strong>Greater</strong></span> <span class='ocrx_word' id='word_1_269' title='bbox 1521 3132 1793 3197; x_wconf 89' lang='lat' dir='ltr'><strong>omnium;</strong></span> <span class='ocrx_word' id='word_1_270' title='bbox 1825 3132 1926 3186; x_wconf 89' lang='lat' dir='ltr'><strong>ali-</strong></span> 
     </span>
    </p>
   </div>
   <div class='ocr_carea' id='block_1_32' title="bbox 349 3221 1926 3296">
    <p class='ocr_par' dir='ltr' id='par_1_32' title="bbox 349 3221 1926 3296">
     <span class='ocr_line' id='line_1_32' title="bbox 349 3221 1926 3296; baseline -0.001 -17"><span class='ocrx_word' id='word_1_271' title='bbox 349 3225 561 3296; x_wconf 89' lang='lat' dir='ltr'><strong>quando</strong></span> <span class='ocrx_word' id='word_1_272' title='bbox 586 3233 760 3280; x_wconf 90' lang='lat' dir='ltr'><strong>autem</strong></span> <span class='ocrx_word' id='word_1_273' title='bbox 787 3233 841 3280; x_wconf 90' lang='lat' dir='ltr'><strong>et</strong></span> <span class='ocrx_word' id='word_1_274' title='bbox 871 3233 1022 3278; x_wconf 88' lang='lat' dir='ltr'><strong>natus</strong></span> <span class='ocrx_word' id='word_1_275' title='bbox 1047 3238 1108 3278; x_wconf 83' lang='lat' dir='ltr'><strong>ex</strong></span> <span class='ocrx_word' id='word_1_276' title='bbox 1135 3231 1399 3294; x_wconf 83' lang='lat' dir='ltr'><strong>creatura.</strong></span> <span class='ocrx_word' id='word_1_277' title='bbox 1427 3223 1762 3277; x_wconf 87' lang='lat' dir='ltr'><strong>Divinitatem</strong></span> <span class='ocrx_word' id='word_1_278' title='bbox 1787 3221 1926 3277; x_wconf 88' lang='lat' dir='ltr'><strong>illam</strong></span> 
     </span>
    </p>
   </div>
   <div class='ocr_carea' id='block_1_33' title="bbox 347 3311 1930 3386">
    <p class='ocr_par' dir='ltr' id='par_1_33' title="bbox 347 3311 1930 3386">
     <span class='ocr_line' id='line_1_33' title="bbox 347 3311 1930 3386; baseline -0.003 -15"><span class='ocrx_word' id='word_1_279' title='bbox 347 3311 646 3383; x_wconf 74' lang='lat' dir='ltr'><strong>credamus,</strong></span> <span class='ocrx_word' id='word_1_280' title='bbox 674 3325 728 3370; x_wconf 90' lang='lat' dir='ltr'><strong>et</strong></span> <span class='ocrx_word' id='word_1_281' title='bbox 755 3324 1007 3386; x_wconf 89' lang='lat' dir='ltr'><strong>quantum</strong></span> <span class='ocrx_word' id='word_1_282' title='bbox 1035 3329 1347 3383; x_wconf 90' lang='lat' dir='ltr'><strong>possumus,</strong></span> <span class='ocrx_word' id='word_1_283' title='bbox 1377 3314 1731 3384; x_wconf 85' lang='lat' dir='ltr'><strong>intelligamus</strong></span> <span class='ocrx_word' id='word_1_284' title='bbox 1754 3328 1930 3382; x_wconf 74' lang='lat' dir='ltr'><strong>mqua-</strong></span> 
     </span>
    </p>
   </div>
   <div class='ocr_carea' id='block_1_34' title="bbox 331 3403 1930 3476">
    <p class='ocr_par' dir='ltr' id='par_1_34' title="bbox 331 3403 1930 3476">
     <span class='ocr_line' id='line_1_34' title="bbox 331 3403 1930 3476; baseline -0.003 -14"><span class='ocrx_word' id='word_1_285' title='bbox 331 3407 454 3462; x_wconf 87' lang='lat' dir='ltr'><strong>-lem</strong></span> <span class='ocrx_word' id='word_1_286' title='bbox 497 3409 659 3464; x_wconf 86' lang='lat' dir='ltr'><strong>Patri.</strong></span> <span class='ocrx_word' id='word_1_287' title='bbox 692 3407 796 3463; x_wconf 88' lang='lat' dir='ltr'><strong>Sed</strong></span> <span class='ocrx_word' id='word_1_288' title='bbox 826 3408 914 3463; x_wconf 90' lang='lat' dir='ltr'><strong>illa</strong></span> <span class='ocrx_word' id='word_1_289' title='bbox 943 3407 1191 3462; x_wconf 84' lang='lat' dir='ltr'><strong>divinitas</strong></span> <span class='ocrx_word' id='word_1_290' title='bbox 1217 3406 1357 3460; x_wconf 85' lang='lat' dir='ltr'><strong>Patri</strong></span> <span class='ocrx_word' id='word_1_291' title='bbox 1388 3405 1607 3476; x_wconf 78' lang='lat' dir='ltr'><strong>mqualis</strong></span> <span class='ocrx_word' id='word_1_292' title='bbox 1633 3447 1646 3470; x_wconf 93' lang='lat'><strong>,</strong></span> <span class='ocrx_word' id='word_1_293' title='bbox 1685 3403 1818 3458; x_wconf 83' lang='lat' dir='ltr'><strong>laeta</strong></span> <span class='ocrx_word' id='word_1_294' title='bbox 1847 3413 1930 3460; x_wconf 89' lang='lat' dir='ltr'><strong>est</strong></span> 
     </span>
    </p>
   </div>
   <div class='ocr_carea' id='block_1_35' title="bbox 347 3496 1930 3570">
    <p class='ocr_par' dir='ltr' id='par_1_35' title="bbox 347 3496 1930 3570">
     <span class='ocr_line' id='line_1_35' title="bbox 347 3496 1930 3570; baseline -0.002 -16"><span class='ocrx_word' id='word_1_295' title='bbox 347 3501 613 3570; x_wconf 88' lang='lat' dir='ltr'><strong>particeps</strong></span> <span class='ocrx_word' id='word_1_296' title='bbox 641 3509 838 3554; x_wconf 84' lang='lat' dir='ltr'><strong>nostrae</strong></span> <span class='ocrx_word' id='word_1_297' title='bbox 863 3499 1220 3562; x_wconf 85' lang='lat' dir='ltr'><strong>mortalitatis,</strong></span> <span class='ocrx_word' id='word_1_298' title='bbox 1251 3515 1358 3553; x_wconf 88' lang='lat' dir='ltr'><strong>non</strong></span> <span class='ocrx_word' id='word_1_299' title='bbox 1387 3497 1452 3552; x_wconf 93' lang='lat' dir='ltr'><strong>de</strong></span> <span class='ocrx_word' id='word_1_300' title='bbox 1477 3511 1592 3562; x_wconf 89' lang='lat' dir='ltr'><strong>suo,</strong></span> <span class='ocrx_word' id='word_1_301' title='bbox 1624 3497 1716 3552; x_wconf 87' lang='lat' dir='ltr'><strong>sed</strong></span> <span class='ocrx_word' id='word_1_302' title='bbox 1744 3496 1810 3552; x_wconf 88' lang='lat' dir='ltr'><strong>de</strong></span> <span class='ocrx_word' id='word_1_303' title='bbox 1834 3511 1930 3551; x_wconf 88' lang='lat' dir='ltr'><strong>no-</strong></span> 
     </span>
    </p>
   </div>
   <div class='ocr_carea' id='block_1_36' title="bbox 349 3579 1924 3660">
    <p class='ocr_par' dir='ltr' id='par_1_36' title="bbox 349 3579 1924 3660">
     <span class='ocr_line' id='line_1_36' title="bbox 349 3579 1924 3660; baseline -0.002 -14"><span class='ocrx_word' id='word_1_304' title='bbox 349 3579 496 3658; x_wconf 81' lang='lat' dir='ltr'><strong>stro;</strong></span> <span class='ocrx_word' id='word_1_305' title='bbox 525 3599 582 3646; x_wconf 91' lang='lat' dir='ltr'><strong>ut</strong></span> <span class='ocrx_word' id='word_1_306' title='bbox 611 3600 662 3646; x_wconf 91' lang='lat' dir='ltr'><strong>et</strong></span> <span class='ocrx_word' id='word_1_307' title='bbox 689 3605 788 3646; x_wconf 90' lang='lat' dir='ltr'><strong>nos</strong></span> <span class='ocrx_word' id='word_1_308' title='bbox 811 3590 1144 3646; x_wconf 84' lang='lat' dir='ltr'><strong>cflieeremur</strong></span> <span class='ocrx_word' id='word_1_309' title='bbox 1172 3589 1454 3660; x_wconf 88' lang='lat' dir='ltr'><strong>participes</strong></span> <span class='ocrx_word' id='word_1_310' title='bbox 1477 3587 1766 3644; x_wconf 89' lang='lat' dir='ltr'><strong>divinitatis</strong></span> <span class='ocrx_word' id='word_1_311' title='bbox 1788 3588 1924 3658; x_wconf 87' lang='lat' dir='ltr'><strong>ejus,</strong></span> 
     </span>
    </p>
   </div>
   <div class='ocr_carea' id='block_1_37' title="bbox 347 3682 1214 3751">
    <p class='ocr_par' dir='ltr' id='par_1_37' title="bbox 347 3682 1214 3751">
     <span class='ocr_line' id='line_1_37' title="bbox 347 3682 1214 3751; baseline -0.008 -9"><span class='ocrx_word' id='word_1_312' title='bbox 347 3697 454 3742; x_wconf 82' lang='lat' dir='ltr'><strong>non</strong></span> <span class='ocrx_word' id='word_1_313' title='bbox 482 3683 549 3738; x_wconf 90' lang='lat' dir='ltr'><strong>de</strong></span> <span class='ocrx_word' id='word_1_314' title='bbox 578 3691 781 3746; x_wconf 88' lang='lat' dir='ltr'><strong>nostro,</strong></span> <span class='ocrx_word' id='word_1_315' title='bbox 811 3683 903 3737; x_wconf 91' lang='lat' dir='ltr'><strong>sed</strong></span> <span class='ocrx_word' id='word_1_316' title='bbox 935 3682 1001 3737; x_wconf 90' lang='lat' dir='ltr'><strong>de</strong></span> <span class='ocrx_word' id='word_1_317' title='bbox 1031 3683 1214 3751; x_wconf 88' lang='lat' dir='ltr'><strong>ipsius.</strong></span> 
     </span>
    </p>
   </div>
   <div class='ocr_carea' id='block_1_38' title="bbox 419 3767 1924 3844">
    <p class='ocr_par' dir='ltr' id='par_1_38' title="bbox 419 3767 1924 3844">
     <span class='ocr_line' id='line_1_38' title="bbox 419 3767 1924 3844; baseline -0.003 -16"><span class='ocrx_word' id='word_1_318' title='bbox 419 3773 482 3828; x_wconf 62' lang='lat'><strong>5..</strong></span> <span class='ocrx_word' id='word_1_319' title='bbox 515 3767 662 3844; x_wconf 86' lang='lat' dir='ltr'><strong>[vers.</strong></span> <span class='ocrx_word' id='word_1_320' title='bbox 695 3774 770 3843; x_wconf 76' lang='grc'><strong>1.]</strong></span> <span class='ocrx_word' id='word_1_321' title='bbox 809 3771 1045 3838; x_wconf 83' lang='lat' dir='ltr'><strong>Domine,</strong></span> <span class='ocrx_word' id='word_1_322' title='bbox 1081 3770 1299 3840; x_wconf 77' lang='lat' dir='ltr'><strong>probasti</strong></span> <span class='ocrx_word' id='word_1_323' title='bbox 1328 3787 1423 3834; x_wconf 88' lang='lat' dir='ltr'><strong>me,</strong></span> <span class='ocrx_word' id='word_1_324' title='bbox 1459 3780 1504 3826; x_wconf 93' lang='lat' dir='ltr'><strong>et</strong></span> <span class='ocrx_word' id='word_1_325' title='bbox 1535 3771 1806 3841; x_wconf 82' lang='lat' dir='ltr'><strong>cognovisti</strong></span> <span class='ocrx_word' id='word_1_326' title='bbox 1829 3787 1924 3824; x_wconf 88' lang='lat' dir='ltr'><strong>me.</strong></span> 
     </span>
    </p>
   </div>
   <div class='ocr_carea' id='block_1_39' title="bbox 347 3859 1920 3934">
    <p class='ocr_par' dir='ltr' id='par_1_39' title="bbox 347 3859 1920 3934">
     <span class='ocr_line' id='line_1_39' title="bbox 347 3859 1920 3934; baseline -0.003 -14"><span class='ocrx_word' id='word_1_327' title='bbox 347 3863 500 3920; x_wconf 82' lang='lat' dir='ltr'><strong>Dicat</strong></span> <span class='ocrx_word' id='word_1_328' title='bbox 525 3865 626 3920; x_wconf 90' lang='lat' dir='ltr'><strong>hoc</strong></span> <span class='ocrx_word' id='word_1_329' title='bbox 650 3865 763 3934; x_wconf 90' lang='lat' dir='ltr'><strong>ipse</strong></span> <span class='ocrx_word' id='word_1_330' title='bbox 791 3863 1042 3918; x_wconf 89' lang='lat' dir='ltr'><strong>Dominus</strong></span> <span class='ocrx_word' id='word_1_331' title='bbox 1063 3859 1217 3918; x_wconf 82' lang='lat' dir='ltr'><strong>Jesus</strong></span> <span class='ocrx_word' id='word_1_332' title='bbox 1247 3861 1510 3928; x_wconf 86' lang='lat' dir='ltr'><strong>Christus,</strong></span> <span class='ocrx_word' id='word_1_333' title='bbox 1539 3863 1679 3918; x_wconf 86' lang='lat' dir='ltr'><strong>dicat</strong></span> <span class='ocrx_word' id='word_1_334' title='bbox 1705 3871 1758 3918; x_wconf 91' lang='lat' dir='ltr'><strong>et</strong></span> <span class='ocrx_word' id='word_1_335' title='bbox 1787 3863 1920 3933; x_wconf 89' lang='lat' dir='ltr'><strong>ipse,</strong></span> 
     </span>
    </p>
   </div>
   <div class='ocr_carea' id='block_1_40' title="bbox 347 3955 1924 4036">
    <p class='ocr_par' dir='ltr' id='par_1_40' title="bbox 347 3955 1924 4036">
     <span class='ocr_line' id='line_1_40' title="bbox 347 3955 1924 4036; baseline -0.001 -24"><span class='ocrx_word' id='word_1_336' title='bbox 347 3955 565 4036; x_wconf 74' lang='lat' dir='ltr'><strong>Domine</strong></span> <span class='ocrx_word' id='word_1_337' title='bbox 587 3999 600 4022; x_wconf 92' lang='lat'><strong>,</strong></span> <span class='ocrx_word' id='word_1_338' title='bbox 633 3957 796 4012; x_wconf 89' lang='lat' dir='ltr'><strong>Patri.</strong></span> <span class='ocrx_word' id='word_1_339' title='bbox 838 3957 950 4012; x_wconf 87' lang='lat' dir='ltr'><strong>Non</strong></span> <span class='ocrx_word' id='word_1_340' title='bbox 982 3957 1122 4011; x_wconf 91' lang='lat' dir='ltr'><strong>enim</strong></span> <span class='ocrx_word' id='word_1_341' title='bbox 1154 3955 1413 4012; x_wconf 90' lang='lat' dir='ltr'><strong>Dominus</strong></span> <span class='ocrx_word' id='word_1_342' title='bbox 1441 3957 1556 4026; x_wconf 87' lang='lat' dir='ltr'><strong>ejus</strong></span> <span class='ocrx_word' id='word_1_343' title='bbox 1586 3957 1742 4011; x_wconf 88' lang='lat' dir='ltr'><strong>Pater</strong></span> <span class='ocrx_word' id='word_1_344' title='bbox 1771 3957 1885 4025; x_wconf 91' lang='lat' dir='ltr'><strong>ejus</strong></span> <span class='ocrx_word' id='word_1_345' title='bbox 1909 3997 1924 4022; x_wconf 94' lang='lat'><strong>,</strong></span> 
     </span>
    </p>
   </div>
   <div class='ocr_carea' id='block_1_41' title="bbox 347 4047 1929 4118">
    <p class='ocr_par' dir='ltr' id='par_1_41' title="bbox 347 4047 1929 4118">
     <span class='ocr_line' id='line_1_41' title="bbox 347 4047 1929 4118; baseline -0.002 -14"><span class='ocrx_word' id='word_1_346' title='bbox 347 4051 451 4104; x_wconf 90' lang='lat' dir='ltr'><strong>nisi</strong></span> <span class='ocrx_word' id='word_1_347' title='bbox 481 4051 602 4118; x_wconf 90' lang='lat' dir='ltr'><strong>quia</strong></span> <span class='ocrx_word' id='word_1_348' title='bbox 631 4047 876 4118; x_wconf 86' lang='lat' dir='ltr'><strong>dignatus</strong></span> <span class='ocrx_word' id='word_1_349' title='bbox 905 4057 984 4103; x_wconf 90' lang='lat' dir='ltr'><strong>est</strong></span> <span class='ocrx_word' id='word_1_350' title='bbox 1015 4047 1157 4102; x_wconf 85' lang='lat' dir='ltr'><strong>nasci</strong></span> <span class='ocrx_word' id='word_1_351' title='bbox 1188 4047 1476 4102; x_wconf 90' lang='lat' dir='ltr'><strong>secundum</strong></span> <span class='ocrx_word' id='word_1_352' title='bbox 1507 4063 1743 4102; x_wconf 88' lang='lat' dir='ltr'><strong>carnem.</strong></span> <span class='ocrx_word' id='word_1_353' title='bbox 1773 4047 1929 4101; x_wconf 89' lang='lat' dir='ltr'><strong>Pater</strong></span> 
     </span>
    </p>
   </div>
   <div class='ocr_carea' id='block_1_42' title="bbox 347 4137 1930 4212">
    <p class='ocr_par' dir='ltr' id='par_1_42' title="bbox 347 4137 1930 4212">
     <span class='ocr_line' id='line_1_42' title="bbox 347 4137 1930 4212; baseline -0.002 -17"><span class='ocrx_word' id='word_1_354' title='bbox 347 4151 430 4196; x_wconf 92' lang='lat' dir='ltr'><strong>est</strong></span> <span class='ocrx_word' id='word_1_355' title='bbox 467 4140 558 4194; x_wconf 90' lang='lat' dir='ltr'><strong>Dei</strong></span> <span class='ocrx_word' id='word_1_356' title='bbox 583 4180 598 4206; x_wconf 91' lang='lat'><strong>,</strong></span> <span class='ocrx_word' id='word_1_357' title='bbox 629 4139 883 4206; x_wconf 85' lang='lat' dir='ltr'><strong>Dominus</strong></span> <span class='ocrx_word' id='word_1_358' title='bbox 912 4138 1162 4208; x_wconf 81' lang='lat' dir='ltr'><strong>hominis;</strong></span> <span class='ocrx_word' id='word_1_359' title='bbox 1199 4139 1292 4194; x_wconf 80' lang='lat' dir='ltr'><strong>Vis</strong></span> <span class='ocrx_word' id='word_1_360' title='bbox 1319 4153 1478 4194; x_wconf 89' lang='lat' dir='ltr'><strong>nosse</strong></span> <span class='ocrx_word' id='word_1_361' title='bbox 1507 4139 1590 4192; x_wconf 85' lang='lat' dir='ltr'><strong>cui</strong></span> <span class='ocrx_word' id='word_1_362' title='bbox 1619 4139 1778 4212; x_wconf 82' lang='lat' dir='ltr'><strong>Pater</strong></span> <span class='ocrx_word' id='word_1_363' title='bbox 1803 4145 1884 4192; x_wconf 89' lang='lat' dir='ltr'><strong>est</strong></span> <span class='ocrx_word' id='word_1_364' title='bbox 1903 4137 1930 4192; x_wconf 88' lang='lat'><strong>?</strong></span> 
     </span>
    </p>
   </div>
   <div class='ocr_carea' id='block_1_43' title="bbox 347 4229 1928 4308">
    <p class='ocr_par' dir='ltr' id='par_1_43' title="bbox 347 4229 1928 4308">
     <span class='ocr_line' id='line_1_43' title="bbox 347 4229 1928 4308; baseline 0 -24"><span class='ocrx_word' id='word_1_365' title='bbox 347 4231 564 4308; x_wconf 61' lang='lat' dir='ltr'><strong>Equali</strong></span> <span class='ocrx_word' id='word_1_366' title='bbox 605 4229 704 4286; x_wconf 89' lang='lat' dir='ltr'><strong>sibi</strong></span> <span class='ocrx_word' id='word_1_367' title='bbox 739 4231 894 4285; x_wconf 88' lang='lat' dir='ltr'><strong>Filio.</strong></span> <span class='ocrx_word' id='word_1_368' title='bbox 922 4231 1205 4300; x_wconf 83' lang='lat' dir='ltr'><strong>Apostolus</strong></span> <span class='ocrx_word' id='word_1_369' title='bbox 1241 4229 1368 4298; x_wconf 86' lang='lat' dir='ltr'><strong>dicit</strong></span> <span class='ocrx_word' id='word_1_370' title='bbox 1392 4247 1406 4284; x_wconf 91' lang='lat'><strong>:</strong></span> <span class='ocrx_word' id='word_1_371' title='bbox 1434 4231 1533 4296; x_wconf 85' lang='lat' dir='ltr'><strong>Qui</strong></span> <span class='ocrx_word' id='word_1_372' title='bbox 1558 4247 1670 4300; x_wconf 84' lang='lat' dir='ltr'><strong>cum</strong></span> <span class='ocrx_word' id='word_1_373' title='bbox 1691 4231 1743 4284; x_wconf 89' lang='lat' dir='ltr'><strong>in</strong></span> <span class='ocrx_word' id='word_1_374' title='bbox 1763 4233 1928 4302; x_wconf 83' lang='lat' dir='ltr'><strong>forma</strong></span> 
     </span>
    </p>
   </div>
   <div class='ocr_carea' id='block_1_44' title="bbox 349 4319 1925 4392">
    <p class='ocr_par' dir='ltr' id='par_1_44' title="bbox 349 4319 1925 4392">
     <span class='ocr_line' id='line_1_44' title="bbox 349 4319 1925 4392; baseline 0.001 -19"><span class='ocrx_word' id='word_1_375' title='bbox 349 4319 448 4392; x_wconf 83' lang='lat' dir='ltr'><strong>Dei</strong></span> <span class='ocrx_word' id='word_1_376' title='bbox 475 4330 616 4386; x_wconf 81' lang='lat' dir='ltr'><strong>esset,</strong></span> <span class='ocrx_word' id='word_1_377' title='bbox 650 4337 750 4375; x_wconf 84' lang='lat' dir='ltr'><strong>non</strong></span> <span class='ocrx_word' id='word_1_378' title='bbox 779 4321 1010 4392; x_wconf 83' lang='lat' dir='ltr'><strong>rapinam</strong></span> <span class='ocrx_word' id='word_1_379' title='bbox 1037 4320 1307 4376; x_wconf 86' lang='lat' dir='ltr'><strong>arbitratus</strong></span> <span class='ocrx_word' id='word_1_380' title='bbox 1333 4331 1404 4376; x_wconf 87' lang='lat' dir='ltr'><strong>est</strong></span> <span class='ocrx_word' id='word_1_381' title='bbox 1429 4338 1533 4375; x_wconf 86' lang='lat' dir='ltr'><strong>esse</strong></span> <span class='ocrx_word' id='word_1_382' title='bbox 1559 4321 1766 4392; x_wconf 66' lang='lat' dir='ltr'><strong>(aqualis</strong></span> <span class='ocrx_word' id='word_1_383' title='bbox 1795 4319 1925 4375; x_wconf 86' lang='lat' dir='ltr'><strong>Deo.</strong></span> 
     </span>
    </p>
   </div>
   <div class='ocr_carea' id='block_1_45' title="bbox 349 4411 1922 4482">
    <p class='ocr_par' dir='ltr' id='par_1_45' title="bbox 349 4411 1922 4482">
     <span class='ocr_line' id='line_1_45' title="bbox 349 4411 1922 4482; baseline 0.001 -15"><span class='ocrx_word' id='word_1_384' title='bbox 349 4411 484 4467; x_wconf 91' lang='lat' dir='ltr'><strong>lluic</strong></span> <span class='ocrx_word' id='word_1_385' title='bbox 511 4413 692 4466; x_wconf 73' lang='lat' dir='ltr'><strong>forma:</strong></span> <span class='ocrx_word' id='word_1_386' title='bbox 721 4411 878 4466; x_wconf 88' lang='lat' dir='ltr'><strong>Pater</strong></span> <span class='ocrx_word' id='word_1_387' title='bbox 905 4421 985 4468; x_wconf 90' lang='lat' dir='ltr'><strong>est</strong></span> <span class='ocrx_word' id='word_1_388' title='bbox 1012 4411 1150 4467; x_wconf 89' lang='lat' dir='ltr'><strong>Deus</strong></span> <span class='ocrx_word' id='word_1_389' title='bbox 1173 4455 1190 4479; x_wconf 89' lang='lat'><strong>,</strong></span> <span class='ocrx_word' id='word_1_390' title='bbox 1218 4413 1404 4482; x_wconf 68' lang='lat' dir='ltr'><strong>aequali</strong></span> <span class='ocrx_word' id='word_1_391' title='bbox 1435 4413 1534 4467; x_wconf 89' lang='lat' dir='ltr'><strong>sibi</strong></span> <span class='ocrx_word' id='word_1_392' title='bbox 1565 4413 1776 4481; x_wconf 89' lang='lat' dir='ltr'><strong>form:e,</strong></span> <span class='ocrx_word' id='word_1_393' title='bbox 1805 4415 1922 4468; x_wconf 84' lang='lat' dir='ltr'><strong>uni-</strong></span> 
     </span>
    </p>
   </div>
   <div class='ocr_carea' id='block_1_46' title="bbox 348 4503 1923 4580">
    <p class='ocr_par' dir='ltr' id='par_1_46' title="bbox 348 4503 1923 4580">
     <span class='ocr_line' id='line_1_46' title="bbox 348 4503 1923 4580; baseline 0.001 -21"><span class='ocrx_word' id='word_1_394' title='bbox 348 4506 527 4580; x_wconf 76' lang='lat' dir='ltr'><strong>genito</strong></span> <span class='ocrx_word' id='word_1_395' title='bbox 540 4504 676 4560; x_wconf 87' lang='lat' dir='ltr'><strong>Filio</strong></span> <span class='ocrx_word' id='word_1_396' title='bbox 691 4513 818 4560; x_wconf 91' lang='lat' dir='ltr'><strong>nato</strong></span> <span class='ocrx_word' id='word_1_397' title='bbox 837 4505 904 4560; x_wconf 92' lang='lat' dir='ltr'><strong>de</strong></span> <span class='ocrx_word' id='word_1_398' title='bbox 924 4504 1214 4560; x_wconf 88' lang='lat' dir='ltr'><strong>substantia</strong></span> <span class='ocrx_word' id='word_1_399' title='bbox 1235 4519 1350 4559; x_wconf 88' lang='lat' dir='ltr'><strong>sua.</strong></span> <span class='ocrx_word' id='word_1_400' title='bbox 1369 4503 1594 4574; x_wconf 82' lang='lat' dir='ltr'><strong>PrOpter</strong></span> <span class='ocrx_word' id='word_1_401' title='bbox 1610 4520 1707 4560; x_wconf 92' lang='lat' dir='ltr'><strong>nos</strong></span> <span class='ocrx_word' id='word_1_402' title='bbox 1725 4515 1923 4576; x_wconf 85' lang='lat' dir='ltr'><strong>autem,</strong></span> 
     </span>
    </p>
   </div>
   <div class='ocr_carea' id='block_1_47' title="bbox 351 4593 1927 4672">
    <p class='ocr_par' dir='ltr' id='par_1_47' title="bbox 351 4593 1927 4672">
     <span class='ocr_line' id='line_1_47' title="bbox 351 4593 1927 4672; baseline 0.002 -24"><span class='ocrx_word' id='word_1_403' title='bbox 351 4604 406 4672; x_wconf 83' lang='lat' dir='ltr'><strong>ut</strong></span> <span class='ocrx_word' id='word_1_404' title='bbox 435 4593 778 4650; x_wconf 83' lang='lat' dir='ltr'><strong>reﬁceremur</strong></span> <span class='ocrx_word' id='word_1_405' title='bbox 801 4634 814 4660; x_wconf 94' lang='lat'><strong>,</strong></span> <span class='ocrx_word' id='word_1_406' title='bbox 857 4603 912 4650; x_wconf 91' lang='lat' dir='ltr'><strong>et</strong></span> <span class='ocrx_word' id='word_1_407' title='bbox 949 4593 1282 4650; x_wconf 85' lang='lat' dir='ltr'><strong>efficeremur</strong></span> <span class='ocrx_word' id='word_1_408' title='bbox 1322 4595 1606 4666; x_wconf 88' lang='lat' dir='ltr'><strong>participes</strong></span> <span class='ocrx_word' id='word_1_409' title='bbox 1639 4596 1927 4651; x_wconf 86' lang='lat' dir='ltr'><strong>divinitatis</strong></span> 
     </span>
    </p>
   </div>
   <div class='ocr_carea' id='block_1_48' title="bbox 348 4685 1922 4762">
    <p class='ocr_par' dir='ltr' id='par_1_48' title="bbox 348 4685 1922 4762">
     <span class='ocr_line' id='line_1_48' title="bbox 348 4685 1922 4762; baseline 0.001 -20"><span class='ocrx_word' id='word_1_410' title='bbox 348 4688 464 4762; x_wconf 82' lang='lat' dir='ltr'><strong>ejus</strong></span> <span class='ocrx_word' id='word_1_411' title='bbox 485 4728 500 4752; x_wconf 90' lang='lat'><strong>,</strong></span> <span class='ocrx_word' id='word_1_412' title='bbox 530 4687 754 4758; x_wconf 89' lang='lat' dir='ltr'><strong>reparati</strong></span> <span class='ocrx_word' id='word_1_413' title='bbox 781 4685 846 4743; x_wconf 91' lang='lat' dir='ltr'><strong>ad</strong></span> <span class='ocrx_word' id='word_1_414' title='bbox 866 4687 1028 4742; x_wconf 87' lang='lat' dir='ltr'><strong>vitam</strong></span> <span class='ocrx_word' id='word_1_415' title='bbox 1054 4697 1306 4743; x_wconf 90' lang='lat' dir='ltr'><strong>aeternam</strong></span> <span class='ocrx_word' id='word_1_416' title='bbox 1327 4729 1343 4756; x_wconf 93' lang='lat'><strong>,</strong></span> <span class='ocrx_word' id='word_1_417' title='bbox 1371 4688 1493 4759; x_wconf 87' lang='lat' dir='ltr'><strong>quia</strong></span> <span class='ocrx_word' id='word_1_418' title='bbox 1521 4688 1634 4760; x_wconf 90' lang='lat' dir='ltr'><strong>ipse</strong></span> <span class='ocrx_word' id='word_1_419' title='bbox 1654 4730 1668 4752; x_wconf 91' lang='lat'><strong>,</strong></span> <span class='ocrx_word' id='word_1_420' title='bbox 1701 4697 1758 4744; x_wconf 93' lang='lat' dir='ltr'><strong>ut</strong></span> <span class='ocrx_word' id='word_1_421' title='bbox 1781 4689 1922 4756; x_wconf 81' lang='lat' dir='ltr'><strong>dixi,</strong></span> 
     </span>
    </p>
   </div>
   <div class='ocr_carea' id='block_1_49' title="bbox 349 4780 1926 4852">
    <p class='ocr_par' dir='ltr' id='par_1_49' title="bbox 349 4780 1926 4852">
     <span class='ocr_line' id='line_1_49' title="bbox 349 4780 1926 4852; baseline 0.003 -19"><span class='ocrx_word' id='word_1_422' title='bbox 349 4782 518 4848; x_wconf 79' lang='lat' dir='ltr'><strong>factus</strong></span> <span class='ocrx_word' id='word_1_423' title='bbox 558 4789 640 4838; x_wconf 89' lang='lat' dir='ltr'><strong>est</strong></span> <span class='ocrx_word' id='word_1_424' title='bbox 675 4780 941 4851; x_wconf 87' lang='lat' dir='ltr'><strong>particeps</strong></span> <span class='ocrx_word' id='word_1_425' title='bbox 970 4781 1306 4836; x_wconf 87' lang='lat' dir='ltr'><strong>mortalitatis</strong></span> <span class='ocrx_word' id='word_1_426' title='bbox 1335 4791 1530 4836; x_wconf 61' lang='lat' dir='ltr'><strong>nostra:</strong></span> <span class='ocrx_word' id='word_1_427' title='bbox 1553 4799 1566 4848; x_wconf 90' lang='lat'><strong>;</strong></span> <span class='ocrx_word' id='word_1_428' title='bbox 1593 4782 1718 4852; x_wconf 92' lang='lat' dir='ltr'><strong>quid</strong></span> <span class='ocrx_word' id='word_1_429' title='bbox 1744 4783 1812 4838; x_wconf 92' lang='lat' dir='ltr'><strong>de</strong></span> <span class='ocrx_word' id='word_1_430' title='bbox 1836 4783 1926 4838; x_wconf 92' lang='lat' dir='ltr'><strong>illo</strong></span> 
     </span>
    </p>
   </div>
   <div class='ocr_carea' id='block_1_50' title="bbox 337 4861 1926 4948">
    <p class='ocr_par' dir='ltr' id='par_1_50' title="bbox 337 4861 1926 4948">
     <span class='ocr_line' id='line_1_50' title="bbox 337 4861 1926 4948; baseline 0 -22"><span class='ocrx_word' id='word_1_431' title='bbox 337 4873 424 4948; x_wconf 68' lang='lat' dir='ltr'><strong>ait</strong></span> <span class='ocrx_word' id='word_1_432' title='bbox 449 4861 732 4940; x_wconf 83' lang='lat' dir='ltr'><strong>Apostolus</strong></span> <span class='ocrx_word' id='word_1_433' title='bbox 763 4872 872 4948; x_wconf 85' lang='lat' dir='ltr'><strong>ibi,</strong></span> <span class='ocrx_word' id='word_1_434' title='bbox 895 4871 982 4925; x_wconf 85' lang='lat' dir='ltr'><strong>ubi</strong></span> <span class='ocrx_word' id='word_1_435' title='bbox 1009 4871 1250 4939; x_wconf 88' lang='lat' dir='ltr'><strong>dixerat,</strong></span> <span class='ocrx_word' id='word_1_436' title='bbox 1295 4873 1392 4937; x_wconf 83' lang='lat' dir='ltr'><strong>Qui</strong></span> <span class='ocrx_word' id='word_1_437' title='bbox 1417 4889 1530 4926; x_wconf 82' lang='lat' dir='ltr'><strong>eum</strong></span> <span class='ocrx_word' id='word_1_438' title='bbox 1559 4873 1610 4925; x_wconf 89' lang='lat' dir='ltr'><strong>in</strong></span> <span class='ocrx_word' id='word_1_439' title='bbox 1639 4877 1803 4943; x_wconf 80' lang='lat' dir='ltr'><strong>forma</strong></span> <span class='ocrx_word' id='word_1_440' title='bbox 1830 4871 1926 4927; x_wconf 85' lang='lat' dir='ltr'><strong>Dei</strong></span> 
     </span>
    </p>
   </div>
   <div class='ocr_carea' id='block_1_51' title="bbox 346 4945 1928 5033">
    <p class='ocr_par' dir='ltr' id='par_1_51' title="bbox 346 4945 1928 5033">
     <span class='ocr_line' id='line_1_51' title="bbox 346 4945 1928 5033; baseline 0 -17"><span class='ocrx_word' id='word_1_441' title='bbox 346 4973 490 5028; x_wconf 85' lang='lat' dir='ltr'><strong>esset,</strong></span> <span class='ocrx_word' id='word_1_442' title='bbox 515 4980 612 5017; x_wconf 88' lang='lat' dir='ltr'><strong>non</strong></span> <span class='ocrx_word' id='word_1_443' title='bbox 633 4945 872 5033; x_wconf 78' lang='lat' dir='ltr'><strong>rapinam</strong></span> <span class='ocrx_word' id='word_1_444' title='bbox 888 4962 1156 5017; x_wconf 85' lang='lat' dir='ltr'><strong>arbitratus</strong></span> <span class='ocrx_word' id='word_1_445' title='bbox 1179 4972 1372 5017; x_wconf 88' lang='lat' dir='ltr'><strong>estesse</strong></span> <span class='ocrx_word' id='word_1_446' title='bbox 1394 4961 1602 5032; x_wconf 66' lang='lat' dir='ltr'><strong>aequalis</strong></span> <span class='ocrx_word' id='word_1_447' title='bbox 1630 4962 1780 5018; x_wconf 82' lang='lat' dir='ltr'><strong>Deo?</strong></span> <span class='ocrx_word' id='word_1_448' title='bbox 1821 4963 1928 5018; x_wconf 83' lang='lat' dir='ltr'><strong>Sed</strong></span> 
     </span>
    </p>
   </div>
   <div class='ocr_carea' id='block_1_52' title="bbox 344 5055 1926 5126">
    <p class='ocr_par' dir='ltr' id='par_1_52' title="bbox 344 5055 1926 5126">
     <span class='ocr_line' id='line_1_52' title="bbox 344 5055 1926 5126; baseline 0 -18"><span class='ocrx_word' id='word_1_449' title='bbox 344 5057 680 5124; x_wconf 78' lang='lat' dir='ltr'><strong>semetipsum,</strong></span> <span class='ocrx_word' id='word_1_450' title='bbox 710 5055 898 5125; x_wconf 85' lang='lat' dir='ltr'><strong>inquit,</strong></span> <span class='ocrx_word' id='word_1_451' title='bbox 926 5055 1218 5122; x_wconf 69' lang='lat' dir='ltr'><strong>exinanivit,</strong></span> <span class='ocrx_word' id='word_1_452' title='bbox 1248 5058 1459 5126; x_wconf 77' lang='lat' dir='ltr'><strong>formant</strong></span> <span class='ocrx_word' id='word_1_453' title='bbox 1485 5056 1612 5110; x_wconf 83' lang='lat' dir='ltr'><strong>servi</strong></span> <span class='ocrx_word' id='word_1_454' title='bbox 1635 5056 1926 5126; x_wconf 84' lang='lat' dir='ltr'><strong>accipiens;</strong></span> 
     </span>
    </p>
   </div>
   <div class='ocr_carea' id='block_1_53' title="bbox 344 5129 1926 5216">
    <p class='ocr_par' dir='ltr' id='par_1_53' title="bbox 344 5129 1926 5216">
     <span class='ocr_line' id='line_1_53' title="bbox 344 5129 1926 5216; baseline 0.002 -19"><span class='ocrx_word' id='word_1_455' title='bbox 344 5147 396 5198; x_wconf 86' lang='lat' dir='ltr'><strong>in</strong></span> <span class='ocrx_word' id='word_1_456' title='bbox 423 5144 748 5198; x_wconf 82' lang='lat' dir='ltr'><strong>similitudine</strong></span> <span class='ocrx_word' id='word_1_457' title='bbox 783 5145 1040 5198; x_wconf 85' lang='lat' dir='ltr'><strong>hominum</strong></span> <span class='ocrx_word' id='word_1_458' title='bbox 1081 5149 1276 5216; x_wconf 79' lang='lat' dir='ltr'><strong>factus,</strong></span> <span class='ocrx_word' id='word_1_459' title='bbox 1321 5155 1363 5199; x_wconf 90' lang='lat' dir='ltr'><strong>et</strong></span> <span class='ocrx_word' id='word_1_460' title='bbox 1397 5145 1570 5214; x_wconf 87' lang='lat' dir='ltr'><strong>habitu</strong></span> <span class='ocrx_word' id='word_1_461' title='bbox 1604 5146 1830 5200; x_wconf 84' lang='lat' dir='ltr'><strong>inventus</strong></span> <span class='ocrx_word' id='word_1_462' title='bbox 1869 5129 1926 5200; x_wconf 85' lang='lat' dir='ltr'><strong>ut</strong></span> 
     </span>
    </p>
   </div>
   <div class='ocr_carea' id='block_1_54' title="bbox 347 5235 1926 5306">
    <p class='ocr_par' dir='ltr' id='par_1_54' title="bbox 347 5235 1926 5306">
     <span class='ocr_line' id='line_1_54' title="bbox 347 5235 1926 5306; baseline 0 -16"><span class='ocrx_word' id='word_1_463' title='bbox 347 5237 494 5290; x_wconf 85' lang='lat' dir='ltr'><strong>homo</strong></span> <span class='ocrx_word' id='word_1_464' title='bbox 513 5235 766 5306; x_wconf 85' lang='lat' dir='ltr'><strong>(Philipp.</strong></span> <span class='ocrx_word' id='word_1_465' title='bbox 787 5252 844 5302; x_wconf 90' lang='grc' dir='ltr'><strong>ιι,</strong></span> <span class='ocrx_word' id='word_1_466' title='bbox 864 5235 917 5298; x_wconf 82' lang='grc'><strong>6,</strong></span> <span class='ocrx_word' id='word_1_467' title='bbox 937 5237 1014 5304; x_wconf 87' lang='lat'><strong>7).</strong></span> <span class='ocrx_word' id='word_1_468' title='bbox 1038 5235 1162 5290; x_wconf 84' lang='lat' dir='ltr'><strong>Erat</strong></span> <span class='ocrx_word' id='word_1_469' title='bbox 1181 5247 1354 5301; x_wconf 80' lang='lat' dir='ltr'><strong>autem</strong></span> <span class='ocrx_word' id='word_1_470' title='bbox 1380 5237 1430 5291; x_wconf 88' lang='lat' dir='ltr'><strong>in</strong></span> <span class='ocrx_word' id='word_1_471' title='bbox 1451 5236 1614 5290; x_wconf 90' lang='lat' dir='ltr'><strong>forma</strong></span> <span class='ocrx_word' id='word_1_472' title='bbox 1640 5236 1726 5291; x_wconf 86' lang='lat' dir='ltr'><strong>Dei</strong></span> <span class='ocrx_word' id='word_1_473' title='bbox 1749 5252 1926 5306; x_wconf 74' lang='lat' dir='ltr'><strong>mqua-</strong></span> 
     </span>
    </p>
   </div>
   <div class='ocr_carea' id='block_1_55' title="bbox 343 5325 1926 5402">
    <p class='ocr_par' dir='ltr' id='par_1_55' title="bbox 343 5325 1926 5402">
     <span class='ocr_line' id='line_1_55' title="bbox 343 5325 1926 5402; baseline 0 -21"><span class='ocrx_word' id='word_1_474' title='bbox 343 5326 410 5392; x_wconf 83' lang='lat' dir='ltr'><strong>ljs</strong></span> <span class='ocrx_word' id='word_1_475' title='bbox 446 5325 622 5392; x_wconf 86' lang='lat' dir='ltr'><strong>Patri;</strong></span> <span class='ocrx_word' id='word_1_476' title='bbox 662 5335 715 5382; x_wconf 89' lang='lat' dir='ltr'><strong>et</strong></span> <span class='ocrx_word' id='word_1_477' title='bbox 752 5327 957 5396; x_wconf 89' lang='lat' dir='ltr'><strong>accepit</strong></span> <span class='ocrx_word' id='word_1_478' title='bbox 996 5325 1218 5396; x_wconf 76' lang='lat' dir='ltr'><strong>formam</strong></span> <span class='ocrx_word' id='word_1_479' title='bbox 1248 5329 1384 5382; x_wconf 90' lang='lat' dir='ltr'><strong>servi</strong></span> <span class='ocrx_word' id='word_1_480' title='bbox 1411 5369 1425 5395; x_wconf 91' lang='lat'><strong>,</strong></span> <span class='ocrx_word' id='word_1_481' title='bbox 1455 5344 1556 5398; x_wconf 90' lang='lat' dir='ltr'><strong>qua</strong></span> <span class='ocrx_word' id='word_1_482' title='bbox 1583 5328 1756 5383; x_wconf 85' lang='lat' dir='ltr'><strong>minor</strong></span> <span class='ocrx_word' id='word_1_483' title='bbox 1783 5337 1926 5402; x_wconf 76' lang='lat' dir='ltr'><strong>esset</strong></span> 
     </span>
    </p>
   </div>
   <div class='ocr_carea' id='block_1_56' title="bbox 345 5415 1927 5492">
    <p class='ocr_par' dir='ltr' id='par_1_56' title="bbox 345 5415 1927 5492">
     <span class='ocr_line' id='line_1_56' title="bbox 345 5415 1927 5492; baseline 0.001 -22"><span class='ocrx_word' id='word_1_484' title='bbox 345 5415 521 5492; x_wconf 81' lang='lat' dir='ltr'><strong>Patre.</strong></span> <span class='ocrx_word' id='word_1_485' title='bbox 553 5415 706 5484; x_wconf 80' lang='lat' dir='ltr'><strong>Unde</strong></span> <span class='ocrx_word' id='word_1_486' title='bbox 732 5425 1015 5487; x_wconf 89' lang='lat' dir='ltr'><strong>utrumque</strong></span> <span class='ocrx_word' id='word_1_487' title='bbox 1039 5417 1166 5492; x_wconf 85' lang='lat' dir='ltr'><strong>dicit</strong></span> <span class='ocrx_word' id='word_1_488' title='bbox 1193 5418 1244 5472; x_wconf 93' lang='lat' dir='ltr'><strong>in</strong></span> <span class='ocrx_word' id='word_1_489' title='bbox 1275 5418 1592 5490; x_wconf 83' lang='lat' dir='ltr'><strong>Evangelia,</strong></span> <span class='ocrx_word' id='word_1_490' title='bbox 1623 5427 1706 5484; x_wconf 91' lang='lat' dir='ltr'><strong>et,</strong></span> <span class='ocrx_word' id='word_1_491' title='bbox 1739 5417 1852 5488; x_wconf 87' lang='lat' dir='ltr'><strong>Ego</strong></span> <span class='ocrx_word' id='word_1_492' title='bbox 1881 5427 1927 5473; x_wconf 90' lang='lat' dir='ltr'><strong>et</strong></span> 
     </span>
    </p>
   </div>
   <div class='ocr_carea' id='block_1_57' title="bbox 344 5499 1927 5584">
    <p class='ocr_par' dir='ltr' id='par_1_57' title="bbox 344 5499 1927 5573">
     <span class='ocr_line' id='line_1_57' title="bbox 344 5499 1927 5573; baseline 0.002 -20"><span class='ocrx_word' id='word_1_493' title='bbox 344 5499 505 5556; x_wconf 85' lang='lat' dir='ltr'><strong>Pater</strong></span> <span class='ocrx_word' id='word_1_494' title='bbox 528 5517 684 5555; x_wconf 87' lang='lat' dir='ltr'><strong>unum</strong></span> <span class='ocrx_word' id='word_1_495' title='bbox 709 5517 880 5556; x_wconf 88' lang='lat' dir='ltr'><strong>sumus</strong></span> <span class='ocrx_word' id='word_1_496' title='bbox 909 5500 1094 5572; x_wconf 82' lang='lat' dir='ltr'><strong>(Joan.</strong></span> <span class='ocrx_word' id='word_1_497' title='bbox 1125 5518 1180 5566; x_wconf 75' lang='grc' dir='ltr'><strong>χ,</strong></span> <span class='ocrx_word' id='word_1_498' title='bbox 1212 5501 1354 5573; x_wconf 74' lang='lat'><strong>50);</strong></span> <span class='ocrx_word' id='word_1_499' title='bbox 1382 5511 1454 5567; x_wconf 91' lang='lat' dir='ltr'><strong>et,</strong></span> <span class='ocrx_word' id='word_1_500' title='bbox 1487 5501 1738 5568; x_wconf 84' lang='lat' dir='ltr'><strong>Quoniam</strong></span> <span class='ocrx_word' id='word_1_501' title='bbox 1769 5499 1927 5556; x_wconf 81' lang='lat' dir='ltr'><strong>Pater</strong></span> 
     </span>
    </p>
   </div>
   <div class='ocr_carea' id='block_1_58' title="bbox 343 5592 1923 5666">
    <p class='ocr_par' dir='ltr' id='par_1_58' title="bbox 343 5592 1923 5666">
     <span class='ocr_line' id='line_1_58' title="bbox 343 5592 1923 5666; baseline 0.002 -21"><span class='ocrx_word' id='word_1_502' title='bbox 343 5594 508 5666; x_wconf 81' lang='lat' dir='ltr'><strong>major</strong></span> <span class='ocrx_word' id='word_1_503' title='bbox 532 5609 614 5647; x_wconf 82' lang='lat' dir='ltr'><strong>me</strong></span> <span class='ocrx_word' id='word_1_504' title='bbox 636 5603 706 5647; x_wconf 83' lang='lat' dir='ltr'><strong>est</strong></span> <span class='ocrx_word' id='word_1_505' title='bbox 733 5593 842 5663; x_wconf 66' lang='lat' dir='ltr'><strong>(Id.</strong></span> <span class='ocrx_word' id='word_1_506' title='bbox 872 5609 984 5658; x_wconf 82' lang='lat' dir='ltr'><strong>xw,</strong></span> <span class='ocrx_word' id='word_1_507' title='bbox 1012 5592 1125 5661; x_wconf 69' lang='grc'><strong>28).</strong></span> <span class='ocrx_word' id='word_1_508' title='bbox 1159 5592 1270 5663; x_wconf 82' lang='lat' dir='ltr'><strong>Ego</strong></span> <span class='ocrx_word' id='word_1_509' title='bbox 1295 5603 1342 5647; x_wconf 89' lang='lat' dir='ltr'><strong>et</strong></span> <span class='ocrx_word' id='word_1_510' title='bbox 1365 5592 1521 5648; x_wconf 82' lang='lat' dir='ltr'><strong>Pater</strong></span> <span class='ocrx_word' id='word_1_511' title='bbox 1549 5609 1706 5648; x_wconf 83' lang='lat' dir='ltr'><strong>unum</strong></span> <span class='ocrx_word' id='word_1_512' title='bbox 1729 5609 1923 5660; x_wconf 80' lang='lat' dir='ltr'><strong>sumus,</strong></span> 
     </span>
    </p>
   </div>
   <div class='ocr_carea' id='block_1_59' title="bbox 340 5669 1926 5754">
    <p class='ocr_par' dir='ltr' id='par_1_59' title="bbox 340 5669 1926 5754">
     <span class='ocr_line' id='line_1_59' title="bbox 340 5669 1926 5754; baseline 0 -14"><span class='ocrx_word' id='word_1_513' title='bbox 340 5685 630 5741; x_wconf 87' lang='lat' dir='ltr'><strong>secundum</strong></span> <span class='ocrx_word' id='word_1_514' title='bbox 655 5685 876 5740; x_wconf 89' lang='lat' dir='ltr'><strong>formam</strong></span> <span class='ocrx_word' id='word_1_515' title='bbox 906 5685 994 5738; x_wconf 91' lang='lat' dir='ltr'><strong>Dei</strong></span> <span class='ocrx_word' id='word_1_516' title='bbox 1021 5701 1034 5751; x_wconf 91' lang='lat'><strong>;</strong></span> <span class='ocrx_word' id='word_1_517' title='bbox 1059 5683 1215 5738; x_wconf 82' lang='lat' dir='ltr'><strong>Pater</strong></span> <span class='ocrx_word' id='word_1_518' title='bbox 1235 5685 1398 5754; x_wconf 87' lang='lat' dir='ltr'><strong>major</strong></span> <span class='ocrx_word' id='word_1_519' title='bbox 1419 5702 1496 5740; x_wconf 89' lang='lat' dir='ltr'><strong>me</strong></span> <span class='ocrx_word' id='word_1_520' title='bbox 1515 5693 1608 5754; x_wconf 86' lang='lat' dir='ltr'><strong>est,</strong></span> <span class='ocrx_word' id='word_1_521' title='bbox 1629 5669 1926 5742; x_wconf 84' lang='lat' dir='ltr'><strong>secundum</strong></span> 
     </span>
    </p>
   </div>
   <div class='ocr_carea' id='block_1_60' title="bbox 341 5772 1916 5848">
    <p class='ocr_par' dir='ltr' id='par_1_60' title="bbox 341 5772 1916 5848">
     <span class='ocr_line' id='line_1_60' title="bbox 341 5772 1916 5848; baseline -0.003 -16"><span class='ocrx_word' id='word_1_522' title='bbox 341 5773 565 5848; x_wconf 63' lang='lat' dir='ltr'><strong>{oratam</strong></span> <span class='ocrx_word' id='word_1_523' title='bbox 592 5775 750 5830; x_wconf 88' lang='lat' dir='ltr'><strong>servi.</strong></span> <span class='ocrx_word' id='word_1_524' title='bbox 782 5772 922 5843; x_wconf 80' lang='lat' dir='ltr'><strong>Ergo</strong></span> <span class='ocrx_word' id='word_1_525' title='bbox 947 5773 1064 5843; x_wconf 88' lang='lat' dir='ltr'><strong>quia</strong></span> <span class='ocrx_word' id='word_1_526' title='bbox 1089 5782 1142 5828; x_wconf 90' lang='lat' dir='ltr'><strong>et</strong></span> <span class='ocrx_word' id='word_1_527' title='bbox 1169 5773 1324 5844; x_wconf 79' lang='lat' dir='ltr'><strong>Pater</strong></span> <span class='ocrx_word' id='word_1_528' title='bbox 1349 5783 1399 5830; x_wconf 92' lang='lat' dir='ltr'><strong>ct</strong></span> <span class='ocrx_word' id='word_1_529' title='bbox 1423 5775 1672 5832; x_wconf 87' lang='lat' dir='ltr'><strong>Dominus</strong></span> <span class='ocrx_word' id='word_1_530' title='bbox 1693 5783 1794 5844; x_wconf 89' lang='lat' dir='ltr'><strong>cst,</strong></span> <span class='ocrx_word' id='word_1_531' title='bbox 1819 5774 1916 5829; x_wconf 86' lang='lat' dir='ltr'><strong>Pa-</strong></span> 
     </span>
    </p>
   </div>
   <div class='ocr_carea' id='block_1_61' title="bbox 1387 355 2610 415">
    <p class='ocr_par' dir='ltr' id='par_1_61' title="bbox 1387 355 2610 415">
     <span class='ocr_line' id='line_1_61' title="bbox 1387 355 2610 415; baseline -0.001 0"><span class='ocrx_word' id='word_1_532' title='bbox 1387 357 1778 415; x_wconf 67' lang='lat' dir='ltr'><strong>ENARRATIO</strong></span> <span class='ocrx_word' id='word_1_533' title='bbox 1817 357 1878 412; x_wconf 75' lang='lat' dir='ltr'><strong>IN</strong></span> <span class='ocrx_word' id='word_1_534' title='bbox 1919 355 2240 414; x_wconf 70' lang='lat' dir='ltr'><strong>PSALMU.“</strong></span> <span class='ocrx_word' id='word_1_535' title='bbox 2282 358 2610 415; x_wconf 74' lang='lat' dir='ltr'><strong>CXXXVIII.</strong></span> 
     </span>
    </p>
   </div>
   <div class='ocr_carea' id='block_1_62' title="bbox 3483 365 3622 426">
    <p class='ocr_par' dir='ltr' id='par_1_62' title="bbox 3483 365 3622 426">
     <span class='ocr_line' id='line_1_62' title="bbox 3483 365 3622 426; baseline 0.05 -7"><span class='ocrx_word' id='word_1_536' title='bbox 3483 365 3622 426; x_wconf 64' lang='lat'><strong>5786</strong></span> 
     </span>
    </p>
   </div>
   <div class='ocr_carea' id='block_1_63' title="bbox 2039 470 3616 549">
    <p class='ocr_par' dir='ltr' id='par_1_63' title="bbox 2039 470 3616 549">
     <span class='ocr_line' id='line_1_63' title="bbox 2039 470 3616 549; baseline 0.007 -26"><span class='ocrx_word' id='word_1_537' title='bbox 2039 476 2119 524; x_wconf 87' lang='lat' dir='ltr'><strong>ter</strong></span> <span class='ocrx_word' id='word_1_538' title='bbox 2143 470 2325 526; x_wconf 63' lang='lat' dir='ltr'><strong>formae</strong></span> <span class='ocrx_word' id='word_1_539' title='bbox 2353 473 2467 542; x_wconf 88' lang='lat' dir='ltr'><strong>Dei,</strong></span> <span class='ocrx_word' id='word_1_540' title='bbox 2497 473 2754 530; x_wconf 87' lang='lat' dir='ltr'><strong>Dominus</strong></span> <span class='ocrx_word' id='word_1_541' title='bbox 2775 473 2960 530; x_wconf 67' lang='lat' dir='ltr'><strong>format</strong></span> <span class='ocrx_word' id='word_1_542' title='bbox 2981 475 3118 530; x_wconf 75' lang='lat' dir='ltr'><strong>servi</strong></span> <span class='ocrx_word' id='word_1_543' title='bbox 3139 491 3153 540; x_wconf 86' lang='lat'><strong>;</strong></span> <span class='ocrx_word' id='word_1_544' title='bbox 3177 474 3316 530; x_wconf 82' lang='lat' dir='ltr'><strong>dicat</strong></span> <span class='ocrx_word' id='word_1_545' title='bbox 3335 489 3462 548; x_wconf 85' lang='lat' dir='ltr'><strong>ergo</strong></span> <span class='ocrx_word' id='word_1_546' title='bbox 3483 477 3616 549; x_wconf 82' lang='lat' dir='ltr'><strong>ipse,</strong></span> 
     </span>
    </p>
   </div>
   <div class='ocr_carea' id='block_1_64' title="bbox 2039 565 3620 639">
    <p class='ocr_par' dir='ltr' id='par_1_64' title="bbox 2039 565 3620 639">
     <span class='ocr_line' id='line_1_64' title="bbox 2039 565 3620 639; baseline 0.005 -23"><span class='ocrx_word' id='word_1_547' title='bbox 2039 577 2138 618; x_wconf 90' lang='lat' dir='ltr'><strong>nec</strong></span> <span class='ocrx_word' id='word_1_548' title='bbox 2167 565 2438 631; x_wconf 91' lang='lat' dir='ltr'><strong>miremur,</strong></span> <span class='ocrx_word' id='word_1_549' title='bbox 2469 583 2566 622; x_wconf 89' lang='lat' dir='ltr'><strong>nec</strong></span> <span class='ocrx_word' id='word_1_550' title='bbox 2589 569 3028 636; x_wconf 89' lang='lat' dir='ltr'><strong>scandalizemur,</strong></span> <span class='ocrx_word' id='word_1_551' title='bbox 3053 570 3174 639; x_wconf 86' lang='lat' dir='ltr'><strong>quia</strong></span> <span class='ocrx_word' id='word_1_552' title='bbox 3199 570 3364 625; x_wconf 89' lang='lat' dir='ltr'><strong>Filius</strong></span> <span class='ocrx_word' id='word_1_553' title='bbox 3387 571 3478 626; x_wconf 89' lang='lat' dir='ltr'><strong>Dei</strong></span> <span class='ocrx_word' id='word_1_554' title='bbox 3501 573 3620 626; x_wconf 83' lang='lat' dir='ltr'><strong>titti-</strong></span> 
     </span>
    </p>
   </div>
   <div class='ocr_carea' id='block_1_65' title="bbox 2038 656 3618 732">
    <p class='ocr_par' dir='ltr' id='par_1_65' title="bbox 2038 656 3618 732">
     <span class='ocr_line' id='line_1_65' title="bbox 2038 656 3618 732; baseline 0.004 -22"><span class='ocrx_word' id='word_1_555' title='bbox 2038 669 2133 724; x_wconf 86' lang='lat' dir='ltr'><strong>cus</strong></span> <span class='ocrx_word' id='word_1_556' title='bbox 2161 656 2288 712; x_wconf 88' lang='lat' dir='ltr'><strong>dicit</strong></span> <span class='ocrx_word' id='word_1_557' title='bbox 2313 676 2326 712; x_wconf 88' lang='lat'>:</span> <span class='ocrx_word' id='word_1_558' title='bbox 2353 657 2586 726; x_wconf 89' lang='lat' dir='ltr'><strong>Domine,</strong></span> <span class='ocrx_word' id='word_1_559' title='bbox 2617 661 2841 728; x_wconf 78' lang='lat' dir='ltr'><strong>probasti</strong></span> <span class='ocrx_word' id='word_1_560' title='bbox 2863 678 2960 728; x_wconf 87' lang='lat' dir='ltr'><strong>me,</strong></span> <span class='ocrx_word' id='word_1_561' title='bbox 2991 671 3038 716; x_wconf 88' lang='lat' dir='ltr'><strong>et</strong></span> <span class='ocrx_word' id='word_1_562' title='bbox 3063 662 3334 732; x_wconf 84' lang='lat' dir='ltr'><strong>cognovisti</strong></span> <span class='ocrx_word' id='word_1_563' title='bbox 3355 679 3452 716; x_wconf 87' lang='lat' dir='ltr'><strong>me.</strong></span> <span class='ocrx_word' id='word_1_564' title='bbox 3479 663 3618 716; x_wconf 84' lang='lat' dir='ltr'><strong>Pro-</strong></span> 
     </span>
    </p>
   </div>
   <div class='ocr_carea' id='block_1_66' title="bbox 2038 747 3620 826">
    <p class='ocr_par' dir='ltr' id='par_1_66' title="bbox 2038 747 3620 826">
     <span class='ocr_line' id='line_1_66' title="bbox 2038 747 3620 826; baseline 0.008 -26"><span class='ocrx_word' id='word_1_565' title='bbox 2038 747 2167 802; x_wconf 82' lang='lat' dir='ltr'><strong>basti</strong></span> <span class='ocrx_word' id='word_1_566' title='bbox 2189 790 2204 812; x_wconf 93' lang='lat'><strong>,</strong></span> <span class='ocrx_word' id='word_1_567' title='bbox 2236 759 2284 804; x_wconf 87' lang='lat' dir='ltr'><strong>et</strong></span> <span class='ocrx_word' id='word_1_568' title='bbox 2323 753 2597 822; x_wconf 77' lang='lat' dir='ltr'><strong>cognouisti</strong></span> <span class='ocrx_word' id='word_1_569' title='bbox 2624 769 2642 806; x_wconf 93' lang='lat'><em>:</em></span> <span class='ocrx_word' id='word_1_570' title='bbox 2667 768 2770 808; x_wconf 87' lang='lat' dir='ltr'><strong>non</strong></span> <span class='ocrx_word' id='word_1_571' title='bbox 2802 753 2922 823; x_wconf 89' lang='lat' dir='ltr'><strong>quia</strong></span> <span class='ocrx_word' id='word_1_572' title='bbox 2953 769 3056 808; x_wconf 89' lang='lat' dir='ltr'><strong>non</strong></span> <span class='ocrx_word' id='word_1_573' title='bbox 3089 763 3306 809; x_wconf 88' lang='lat' dir='ltr'><strong>noverat</strong></span> <span class='ocrx_word' id='word_1_574' title='bbox 3329 795 3344 820; x_wconf 91' lang='lat'><strong>,</strong></span> <span class='ocrx_word' id='word_1_575' title='bbox 3377 756 3470 810; x_wconf 90' lang='lat' dir='ltr'><strong>sed</strong></span> <span class='ocrx_word' id='word_1_576' title='bbox 3495 756 3620 826; x_wconf 85' lang='lat' dir='ltr'><strong>quia</strong></span> 
     </span>
    </p>
   </div>
   <div class='ocr_carea' id='block_1_67' title="bbox 2039 841 3614 917">
    <p class='ocr_par' dir='ltr' id='par_1_67' title="bbox 2039 841 3614 917">
     <span class='ocr_line' id='line_1_67' title="bbox 2039 841 3614 917; baseline 0.004 -24"><span class='ocrx_word' id='word_1_577' title='bbox 2039 848 2218 902; x_wconf 87' lang='lat' dir='ltr'><strong>notum</strong></span> <span class='ocrx_word' id='word_1_578' title='bbox 2233 841 2349 896; x_wconf 90' lang='lat' dir='ltr'><strong>aliis</strong></span> <span class='ocrx_word' id='word_1_579' title='bbox 2366 841 2584 898; x_wconf 79' lang='lat' dir='ltr'><strong>fecerat.</strong></span> <span class='ocrx_word' id='word_1_580' title='bbox 2599 843 2836 898; x_wconf 85' lang='lat' dir='ltr'><strong>Probasti</strong></span> <span class='ocrx_word' id='word_1_581' title='bbox 2853 862 2949 912; x_wconf 88' lang='lat' dir='ltr'><strong>me,</strong></span> <span class='ocrx_word' id='word_1_582' title='bbox 2969 845 3155 915; x_wconf 86' lang='lat' dir='ltr'><strong>inquit,</strong></span> <span class='ocrx_word' id='word_1_583' title='bbox 3173 855 3218 900; x_wconf 91' lang='lat' dir='ltr'><strong>et</strong></span> <span class='ocrx_word' id='word_1_584' title='bbox 3233 848 3504 917; x_wconf 81' lang='lat' dir='ltr'><strong>cegnovisti</strong></span> <span class='ocrx_word' id='word_1_585' title='bbox 3517 865 3614 902; x_wconf 88' lang='lat' dir='ltr'><strong>me.</strong></span> 
     </span>
    </p>
   </div>
   <div class='ocr_carea' id='block_1_68' title="bbox 2104 929 3620 1005">
    <p class='ocr_par' dir='ltr' id='par_1_68' title="bbox 2104 929 3620 1005">
     <span class='ocr_line' id='line_1_68' title="bbox 2104 929 3620 1005; baseline 0.005 -21"><span class='ocrx_word' id='word_1_586' title='bbox 2104 929 2162 1004; x_wconf 49' lang='lat' dir='ltr'><strong>gi.</strong></span> <span class='ocrx_word' id='word_1_587' title='bbox 2205 929 2352 1002; x_wconf 85' lang='lat' dir='ltr'><strong>[vers.</strong></span> <span class='ocrx_word' id='word_1_588' title='bbox 2381 931 2460 1004; x_wconf 75' lang='lat'><strong>2.]</strong></span> <span class='ocrx_word' id='word_1_589' title='bbox 2503 933 2576 986; x_wconf 87' lang='lat' dir='ltr'><strong>Tu</strong></span> <span class='ocrx_word' id='word_1_590' title='bbox 2607 937 2877 1005; x_wconf 80' lang='lat' dir='ltr'><strong>cognovisti</strong></span> <span class='ocrx_word' id='word_1_591' title='bbox 2904 937 3172 992; x_wconf 81' lang='lat' dir='ltr'><strong>sessionem</strong></span> <span class='ocrx_word' id='word_1_592' title='bbox 3193 953 3354 992; x_wconf 84' lang='lat' dir='ltr'><strong>meam</strong></span> <span class='ocrx_word' id='word_1_593' title='bbox 3379 947 3425 992; x_wconf 90' lang='lat' dir='ltr'><strong>et</strong></span> <span class='ocrx_word' id='word_1_594' title='bbox 3450 955 3620 993; x_wconf 84' lang='lat' dir='ltr'><strong>resur-</strong></span> 
     </span>
    </p>
   </div>
   <div class='ocr_carea' id='block_1_69' title="bbox 2038 1022 3618 1098">
    <p class='ocr_par' dir='ltr' id='par_1_69' title="bbox 2038 1022 3618 1098">
     <span class='ocr_line' id='line_1_69' title="bbox 2038 1022 3618 1098; baseline 0.006 -24"><span class='ocrx_word' id='word_1_595' title='bbox 2038 1022 2304 1076; x_wconf 73' lang='lat' dir='ltr'><strong>rectionem</strong></span> <span class='ocrx_word' id='word_1_596' title='bbox 2328 1025 2646 1093; x_wconf 86' lang='lat' dir='ltr'><strong>meant.Quid</strong></span> <span class='ocrx_word' id='word_1_597' title='bbox 2677 1027 2760 1081; x_wconf 92' lang='lat' dir='ltr'><strong>hic</strong></span> <span class='ocrx_word' id='word_1_598' title='bbox 2781 1027 2983 1082; x_wconf 87' lang='lat' dir='ltr'><strong>sessio?</strong></span> <span class='ocrx_word' id='word_1_599' title='bbox 3003 1029 3126 1098; x_wconf 90' lang='lat' dir='ltr'><strong>quid</strong></span> <span class='ocrx_word' id='word_1_600' title='bbox 3148 1030 3234 1084; x_wconf 90' lang='lat' dir='ltr'><strong>hic</strong></span> <span class='ocrx_word' id='word_1_601' title='bbox 3255 1031 3618 1086; x_wconf 83' lang='lat' dir='ltr'><strong>resurrectio?</strong></span> 
     </span>
    </p>
   </div>
   <div class='ocr_carea' id='block_1_70' title="bbox 2039 1113 3620 1192">
    <p class='ocr_par' dir='ltr' id='par_1_70' title="bbox 2039 1113 3620 1192">
     <span class='ocr_line' id='line_1_70' title="bbox 2039 1113 3620 1192; baseline 0.006 -24"><span class='ocrx_word' id='word_1_602' title='bbox 2039 1113 2137 1180; x_wconf 88' lang='lat' dir='ltr'><strong>Qui</strong></span> <span class='ocrx_word' id='word_1_603' title='bbox 2169 1115 2337 1182; x_wconf 88' lang='lat' dir='ltr'><strong>sedet,</strong></span> <span class='ocrx_word' id='word_1_604' title='bbox 2367 1117 2608 1174; x_wconf 90' lang='lat' dir='ltr'><strong>humiliat</strong></span> <span class='ocrx_word' id='word_1_605' title='bbox 2631 1135 2706 1174; x_wconf 88' lang='lat' dir='ltr'><strong>se.</strong></span> <span class='ocrx_word' id='word_1_606' title='bbox 2735 1119 2886 1176; x_wconf 90' lang='lat' dir='ltr'><strong>Sedit</strong></span> <span class='ocrx_word' id='word_1_607' title='bbox 2912 1136 3038 1191; x_wconf 85' lang='lat' dir='ltr'><strong>ergo</strong></span> <span class='ocrx_word' id='word_1_608' title='bbox 3065 1122 3318 1177; x_wconf 91' lang='lat' dir='ltr'><strong>Dominus</strong></span> <span class='ocrx_word' id='word_1_609' title='bbox 3341 1122 3394 1176; x_wconf 89' lang='lat' dir='ltr'><strong>in</strong></span> <span class='ocrx_word' id='word_1_610' title='bbox 3417 1123 3620 1192; x_wconf 83' lang='lat' dir='ltr'><strong>passio-</strong></span> 
     </span>
    </p>
   </div>
   <div class='ocr_carea' id='block_1_71' title="bbox 2041 1209 3618 1286">
    <p class='ocr_par' dir='ltr' id='par_1_71' title="bbox 2041 1209 3618 1286">
     <span class='ocr_line' id='line_1_71' title="bbox 2041 1209 3618 1286; baseline 0.005 -24"><span class='ocrx_word' id='word_1_611' title='bbox 2041 1223 2128 1272; x_wconf 88' lang='lat' dir='ltr'><strong>ne,</strong></span> <span class='ocrx_word' id='word_1_612' title='bbox 2160 1209 2392 1264; x_wconf 80' lang='lat' dir='ltr'><strong>surrexit</strong></span> <span class='ocrx_word' id='word_1_613' title='bbox 2421 1211 2472 1265; x_wconf 89' lang='lat' dir='ltr'><strong>in</strong></span> <span class='ocrx_word' id='word_1_614' title='bbox 2503 1213 2918 1268; x_wconf 88' lang='lat' dir='ltr'><strong>resurrectione.</strong></span> <span class='ocrx_word' id='word_1_615' title='bbox 2949 1212 3048 1278; x_wconf 84' lang='lat' dir='ltr'><strong>Tu,</strong></span> <span class='ocrx_word' id='word_1_616' title='bbox 3078 1213 3266 1284; x_wconf 88' lang='lat' dir='ltr'><strong>inquit,</strong></span> <span class='ocrx_word' id='word_1_617' title='bbox 3298 1214 3400 1270; x_wconf 91' lang='lat' dir='ltr'><strong>hoc</strong></span> <span class='ocrx_word' id='word_1_618' title='bbox 3428 1231 3618 1286; x_wconf 87' lang='lat' dir='ltr'><strong>cogno-.</strong></span> 
     </span>
    </p>
   </div>
   <div class='ocr_carea' id='block_1_72' title="bbox 2039 1289 3620 1373">
    <p class='ocr_par' dir='ltr' id='par_1_72' title="bbox 2039 1289 3620 1373">
     <span class='ocr_line' id='line_1_72' title="bbox 2039 1289 3620 1373; baseline 0.005 -21"><span class='ocrx_word' id='word_1_619' title='bbox 2039 1298 2150 1352; x_wconf 77' lang='lat' dir='ltr'><strong>nisti</strong></span> <span class='ocrx_word' id='word_1_620' title='bbox 2174 1315 2192 1352; x_wconf 93' lang='lat'><em>:</em></span> <span class='ocrx_word' id='word_1_621' title='bbox 2219 1298 2269 1353; x_wconf 96' lang='lat' dir='ltr'><strong>id</strong></span> <span class='ocrx_word' id='word_1_622' title='bbox 2307 1308 2426 1364; x_wconf 87' lang='lat' dir='ltr'><strong>est,</strong></span> <span class='ocrx_word' id='word_1_623' title='bbox 2473 1308 2530 1354; x_wconf 90' lang='lat' dir='ltr'><strong>tu</strong></span> <span class='ocrx_word' id='word_1_624' title='bbox 2571 1302 2816 1369; x_wconf 84' lang='lat' dir='ltr'><strong>voluisti,</strong></span> <span class='ocrx_word' id='word_1_625' title='bbox 2851 1313 2905 1358; x_wconf 89' lang='lat' dir='ltr'><strong>tu</strong></span> <span class='ocrx_word' id='word_1_626' title='bbox 2945 1289 3286 1373; x_wconf 86' lang='lat' dir='ltr'><strong>approbasti;</strong></span> <span class='ocrx_word' id='word_1_627' title='bbox 3326 1303 3620 1360; x_wconf 87' lang='lat' dir='ltr'><strong>secundum</strong></span> 
     </span>
    </p>
   </div>
   <div class='ocr_carea' id='block_1_73' title="bbox 2037 1391 3615 1466">
    <p class='ocr_par' dir='ltr' id='par_1_73' title="bbox 2037 1391 3615 1466">
     <span class='ocr_line' id='line_1_73' title="bbox 2037 1391 3615 1466; baseline 0.002 -22"><span class='ocrx_word' id='word_1_628' title='bbox 2037 1391 2358 1446; x_wconf 86' lang='lat' dir='ltr'><strong>voluntatem</strong></span> <span class='ocrx_word' id='word_1_629' title='bbox 2390 1399 2530 1466; x_wconf 85' lang='lat' dir='ltr'><strong>tuam</strong></span> <span class='ocrx_word' id='word_1_630' title='bbox 2561 1391 2758 1448; x_wconf 79' lang='lat' dir='ltr'><strong>factum</strong></span> <span class='ocrx_word' id='word_1_631' title='bbox 2789 1403 2890 1450; x_wconf 89' lang='lat' dir='ltr'><strong>est.</strong></span> <span class='ocrx_word' id='word_1_632' title='bbox 2927 1395 2980 1450; x_wconf 89' lang='lat' dir='ltr'><strong>Si</strong></span> <span class='ocrx_word' id='word_1_633' title='bbox 3012 1404 3186 1450; x_wconf 87' lang='lat' dir='ltr'><strong>autem</strong></span> <span class='ocrx_word' id='word_1_634' title='bbox 3215 1395 3450 1450; x_wconf 89' lang='lat' dir='ltr'><strong>volueris</strong></span> <span class='ocrx_word' id='word_1_635' title='bbox 3473 1393 3615 1448; x_wconf 90' lang='lat' dir='ltr'><strong>acci-</strong></span> 
     </span>
    </p>
   </div>
   <div class='ocr_carea' id='block_1_74' title="bbox 2039 1483 3618 1556">
    <p class='ocr_par' dir='ltr' id='par_1_74' title="bbox 2039 1483 3618 1556">
     <span class='ocr_line' id='line_1_74' title="bbox 2039 1483 3618 1556; baseline 0.001 -20"><span class='ocrx_word' id='word_1_636' title='bbox 2039 1497 2164 1551; x_wconf 87' lang='lat' dir='ltr'><strong>pere</strong></span> <span class='ocrx_word' id='word_1_637' title='bbox 2193 1497 2376 1538; x_wconf 87' lang='lat' dir='ltr'><strong>voccm</strong></span> <span class='ocrx_word' id='word_1_638' title='bbox 2415 1483 2600 1552; x_wconf 85' lang='lat' dir='ltr'><strong>capitis</strong></span> <span class='ocrx_word' id='word_1_639' title='bbox 2633 1499 2700 1539; x_wconf 83' lang='lat' dir='ltr'><strong>ex</strong></span> <span class='ocrx_word' id='word_1_640' title='bbox 2734 1499 2960 1554; x_wconf 89' lang='lat' dir='ltr'><strong>persona</strong></span> <span class='ocrx_word' id='word_1_641' title='bbox 2989 1487 3229 1556; x_wconf 87' lang='lat' dir='ltr'><strong>corporis</strong></span> <span class='ocrx_word' id='word_1_642' title='bbox 3253 1529 3267 1553; x_wconf 95' lang='lat'><strong>,</strong></span> <span class='ocrx_word' id='word_1_643' title='bbox 3297 1486 3536 1542; x_wconf 89' lang='lat' dir='ltr'><strong>dicamus</strong></span> <span class='ocrx_word' id='word_1_644' title='bbox 3563 1491 3618 1540; x_wconf 91' lang='lat' dir='ltr'><strong>et</strong></span> 
     </span>
    </p>
   </div>
   <div class='ocr_carea' id='block_1_75' title="bbox 2037 1575 3620 1646">
    <p class='ocr_par' dir='ltr' id='par_1_75' title="bbox 2037 1575 3620 1646">
     <span class='ocr_line' id='line_1_75' title="bbox 2037 1575 3620 1646; baseline 0.001 -18"><span class='ocrx_word' id='word_1_645' title='bbox 2037 1591 2137 1630; x_wconf 86' lang='lat' dir='ltr'><strong>nos</strong></span> <span class='ocrx_word' id='word_1_646' title='bbox 2159 1617 2174 1640; x_wconf 93' lang='lat'><strong>,</strong></span> <span class='ocrx_word' id='word_1_647' title='bbox 2219 1575 2295 1630; x_wconf 88' lang='lat' dir='ltr'><strong>Tu</strong></span> <span class='ocrx_word' id='word_1_648' title='bbox 2333 1577 2605 1646; x_wconf 75' lang='lat' dir='ltr'><strong>cognovisti</strong></span> <span class='ocrx_word' id='word_1_649' title='bbox 2641 1577 2910 1634; x_wconf 81' lang='lat' dir='ltr'><strong>sessionem</strong></span> <span class='ocrx_word' id='word_1_650' title='bbox 2946 1595 3106 1634; x_wconf 83' lang='lat' dir='ltr'><strong>meant</strong></span> <span class='ocrx_word' id='word_1_651' title='bbox 3135 1589 3182 1634; x_wconf 88' lang='lat' dir='ltr'><strong>et</strong></span> <span class='ocrx_word' id='word_1_652' title='bbox 3210 1579 3620 1640; x_wconf 76' lang='lat' dir='ltr'><strong>resurrectionem</strong></span> 
     </span>
    </p>
   </div>
   <div class='ocr_carea' id='block_1_76' title="bbox 2038 1666 3616 1738">
    <p class='ocr_par' dir='ltr' id='par_1_76' title="bbox 2038 1666 3616 1738">
     <span class='ocr_line' id='line_1_76' title="bbox 2038 1666 3616 1738; baseline 0.001 -18"><span class='ocrx_word' id='word_1_653' title='bbox 2038 1683 2218 1720; x_wconf 87' lang='lat' dir='ltr'><strong>meam.</strong></span> <span class='ocrx_word' id='word_1_654' title='bbox 2251 1666 2411 1722; x_wconf 88' lang='lat' dir='ltr'><strong>Sedet</strong></span> <span class='ocrx_word' id='word_1_655' title='bbox 2439 1669 2580 1722; x_wconf 89' lang='lat' dir='ltr'><strong>enim</strong></span> <span class='ocrx_word' id='word_1_656' title='bbox 2608 1667 2790 1734; x_wconf 89' lang='lat' dir='ltr'><strong>homo,</strong></span> <span class='ocrx_word' id='word_1_657' title='bbox 2821 1669 3032 1738; x_wconf 88' lang='lat' dir='ltr'><strong>quando</strong></span> <span class='ocrx_word' id='word_1_658' title='bbox 3061 1669 3302 1728; x_wconf 84' lang='lat' dir='ltr'><strong>bumiliat</strong></span> <span class='ocrx_word' id='word_1_659' title='bbox 3329 1683 3388 1724; x_wconf 84' lang='lat' dir='ltr'><strong>se</strong></span> <span class='ocrx_word' id='word_1_660' title='bbox 3419 1670 3470 1724; x_wconf 91' lang='lat' dir='ltr'><strong>in</strong></span> <span class='ocrx_word' id='word_1_661' title='bbox 3499 1683 3616 1738; x_wconf 75' lang='lat' dir='ltr'><strong>pm-</strong></span> 
     </span>
    </p>
   </div>
   <div class='ocr_carea' id='block_1_77' title="bbox 2039 1757 3617 1828">
    <p class='ocr_par' dir='ltr' id='par_1_77' title="bbox 2039 1757 3617 1828">
     <span class='ocr_line' id='line_1_77' title="bbox 2039 1757 3617 1828; baseline 0 -18"><span class='ocrx_word' id='word_1_662' title='bbox 2039 1757 2292 1821; x_wconf 89' lang='lat' dir='ltr'><strong>nitentia;</strong></span> <span class='ocrx_word' id='word_1_663' title='bbox 2323 1757 2492 1826; x_wconf 80' lang='lat' dir='ltr'><strong>surgit</strong></span> <span class='ocrx_word' id='word_1_664' title='bbox 2519 1765 2695 1812; x_wconf 88' lang='lat' dir='ltr'><strong>autem</strong></span> <span class='ocrx_word' id='word_1_665' title='bbox 2727 1758 2964 1828; x_wconf 87' lang='lat' dir='ltr'><strong>remissis</strong></span> <span class='ocrx_word' id='word_1_666' title='bbox 2989 1759 3240 1826; x_wconf 87' lang='lat' dir='ltr'><strong>peccatis,</strong></span> <span class='ocrx_word' id='word_1_667' title='bbox 3271 1757 3481 1827; x_wconf 88' lang='lat' dir='ltr'><strong>quando</strong></span> <span class='ocrx_word' id='word_1_668' title='bbox 3507 1758 3582 1811; x_wconf 87' lang='lat' dir='ltr'><strong>eri</strong></span> <span class='ocrx_word' id='word_1_669' title='bbox 3603 1785 3617 1794; x_wconf 97' lang='lat'><strong>-</strong></span> 
     </span>
    </p>
   </div>
   <div class='ocr_carea' id='block_1_78' title="bbox 2037 1847 3618 1918">
    <p class='ocr_par' dir='ltr' id='par_1_78' title="bbox 2037 1847 3618 1918">
     <span class='ocr_line' id='line_1_78' title="bbox 2037 1847 3618 1918; baseline 0 -18"><span class='ocrx_word' id='word_1_670' title='bbox 2037 1847 2177 1916; x_wconf 86' lang='lat' dir='ltr'><strong>gitur</strong></span> <span class='ocrx_word' id='word_1_671' title='bbox 2197 1847 2250 1902; x_wconf 91' lang='lat' dir='ltr'><strong>in</strong></span> <span class='ocrx_word' id='word_1_672' title='bbox 2272 1862 2420 1917; x_wconf 90' lang='lat' dir='ltr'><strong>spem</strong></span> <span class='ocrx_word' id='word_1_673' title='bbox 2441 1849 2562 1902; x_wconf 73' lang='lat' dir='ltr'><strong>vita:</strong></span> <span class='ocrx_word' id='word_1_674' title='bbox 2581 1856 2814 1910; x_wconf 68' lang='lat' dir='ltr'><strong>tuleram.</strong></span> <span class='ocrx_word' id='word_1_675' title='bbox 2841 1849 3124 1918; x_wconf 82' lang='lat' dir='ltr'><strong>Propterea</strong></span> <span class='ocrx_word' id='word_1_676' title='bbox 3141 1857 3195 1904; x_wconf 85' lang='lat' dir='ltr'><strong>et</strong></span> <span class='ocrx_word' id='word_1_677' title='bbox 3211 1849 3262 1904; x_wconf 91' lang='lat' dir='ltr'><strong>in</strong></span> <span class='ocrx_word' id='word_1_678' title='bbox 3285 1849 3390 1902; x_wconf 89' lang='lat' dir='ltr'><strong>alio</strong></span> <span class='ocrx_word' id='word_1_679' title='bbox 3411 1848 3618 1916; x_wconf 86' lang='lat' dir='ltr'><strong>psalmo</strong></span> 
     </span>
    </p>
   </div>
   <div class='ocr_carea' id='block_1_79' title="bbox 2037 1925 3626 2011">
    <p class='ocr_par' dir='ltr' id='par_1_79' title="bbox 2037 1925 3626 2011">
     <span class='ocr_line' id='line_1_79' title="bbox 2037 1925 3626 2011; baseline 0 -19"><span class='ocrx_word' id='word_1_680' title='bbox 2037 1938 2230 1994; x_wconf 85' lang='lat' dir='ltr'><strong>dicitur</strong></span> <span class='ocrx_word' id='word_1_681' title='bbox 2259 1958 2272 1994; x_wconf 90' lang='lat'><strong>:</strong></span> <span class='ocrx_word' id='word_1_682' title='bbox 2303 1939 2510 2010; x_wconf 84' lang='lat' dir='ltr'><strong>Surgite</strong></span> <span class='ocrx_word' id='word_1_683' title='bbox 2549 1951 2875 2011; x_wconf 83' lang='lat' dir='ltr'><strong>posteaquam</strong></span> <span class='ocrx_word' id='word_1_684' title='bbox 2917 1939 3114 1994; x_wconf 85' lang='lat' dir='ltr'><strong>sedistis</strong></span> <span class='ocrx_word' id='word_1_685' title='bbox 3136 1925 3267 2009; x_wconf 13' lang='lat' dir='ltr'><strong>,tqui</strong></span> <span class='ocrx_word' id='word_1_686' title='bbox 3303 1939 3626 1992; x_wconf 78' lang='lat' dir='ltr'><strong>manducetis</strong></span> 
     </span>
    </p>
   </div>
   <div class='ocr_carea' id='block_1_80' title="bbox 2039 2029 3618 2104">
    <p class='ocr_par' dir='ltr' id='par_1_80' title="bbox 2039 2029 3618 2104">
     <span class='ocr_line' id='line_1_80' title="bbox 2039 2029 3618 2104; baseline -0.002 -17"><span class='ocrx_word' id='word_1_687' title='bbox 2039 2051 2216 2104; x_wconf 83' lang='lat' dir='ltr'><strong>panem</strong></span> <span class='ocrx_word' id='word_1_688' title='bbox 2237 2034 2424 2088; x_wconf 87' lang='lat' dir='ltr'><strong>doloris</strong></span> <span class='ocrx_word' id='word_1_689' title='bbox 2445 2033 2616 2104; x_wconf 87' lang='lat' dir='ltr'><strong>(Psal.</strong></span> <span class='ocrx_word' id='word_1_690' title='bbox 2633 2049 2814 2100; x_wconf 76' lang='lat' dir='ltr'><strong>cxxvt,</strong></span> <span class='ocrx_word' id='word_1_691' title='bbox 2830 2031 2906 2104; x_wconf 72' lang='lat'><strong>‘2).</strong></span> <span class='ocrx_word' id='word_1_692' title='bbox 2929 2034 3124 2090; x_wconf 89' lang='lat' dir='ltr'><strong>Panem</strong></span> <span class='ocrx_word' id='word_1_693' title='bbox 3141 2031 3341 2088; x_wconf 90' lang='lat' dir='ltr'><strong>doloris</strong></span> <span class='ocrx_word' id='word_1_694' title='bbox 3352 2029 3590 2101; x_wconf 87' lang='lat' dir='ltr'><strong>poenitcn</strong></span> <span class='ocrx_word' id='word_1_695' title='bbox 3602 2058 3618 2070; x_wconf 85' lang='lat'><strong>-</strong></span> 
     </span>
    </p>
   </div>
   <div class='ocr_carea' id='block_1_81' title="bbox 2041 2121 3616 2196">
    <p class='ocr_par' dir='ltr' id='par_1_81' title="bbox 2041 2121 3616 2196">
     <span class='ocr_line' id='line_1_81' title="bbox 2041 2121 3616 2196; baseline -0.005 -16"><span class='ocrx_word' id='word_1_696' title='bbox 2041 2136 2120 2182; x_wconf 91' lang='lat' dir='ltr'><strong>tes</strong></span> <span class='ocrx_word' id='word_1_697' title='bbox 2149 2126 2490 2192; x_wconf 80' lang='lat' dir='ltr'><strong>manducaui,</strong></span> <span class='ocrx_word' id='word_1_698' title='bbox 2523 2127 2610 2196; x_wconf 89' lang='lat' dir='ltr'><strong>qui</strong></span> <span class='ocrx_word' id='word_1_699' title='bbox 2637 2135 2851 2182; x_wconf 89' lang='lat' dir='ltr'><strong>cantant</strong></span> <span class='ocrx_word' id='word_1_700' title='bbox 2875 2126 2932 2180; x_wconf 92' lang='lat' dir='ltr'><strong>in</strong></span> <span class='ocrx_word' id='word_1_701' title='bbox 2952 2125 3054 2182; x_wconf 90' lang='lat' dir='ltr'><strong>alio</strong></span> <span class='ocrx_word' id='word_1_702' title='bbox 3075 2124 3298 2195; x_wconf 87' lang='lat' dir='ltr'><strong>psalmo,</strong></span> <span class='ocrx_word' id='word_1_703' title='bbox 3321 2131 3378 2178; x_wconf 89' lang='lat' dir='ltr'><strong>et</strong></span> <span class='ocrx_word' id='word_1_704' title='bbox 3395 2121 3581 2178; x_wconf 91' lang='lat' dir='ltr'><strong>dicunt</strong></span> <span class='ocrx_word' id='word_1_705' title='bbox 3603 2137 3616 2172; x_wconf 93' lang='lat'>:</span> 
     </span>
    </p>
   </div>
   <div class='ocr_carea' id='block_1_82' title="bbox 2041 2212 3618 2290">
    <p class='ocr_par' dir='ltr' id='par_1_82' title="bbox 2041 2212 3618 2290">
     <span class='ocr_line' id='line_1_82' title="bbox 2041 2212 3618 2290; baseline -0.003 -18"><span class='ocrx_word' id='word_1_706' title='bbox 2041 2217 2216 2274; x_wconf 73' lang='lat' dir='ltr'><strong>Faciat</strong></span> <span class='ocrx_word' id='word_1_707' title='bbox 2239 2228 2352 2273; x_wconf 89' lang='lat' dir='ltr'><strong>sunt</strong></span> <span class='ocrx_word' id='word_1_708' title='bbox 2374 2219 2497 2272; x_wconf 87' lang='lat' dir='ltr'><strong>mihi</strong></span> <span class='ocrx_word' id='word_1_709' title='bbox 2519 2221 2756 2290; x_wconf 75' lang='lat' dir='ltr'><strong>lact-gnta:</strong></span> <span class='ocrx_word' id='word_1_710' title='bbox 2778 2235 2900 2274; x_wconf 74' lang='lat' dir='ltr'><strong>mea:</strong></span> <span class='ocrx_word' id='word_1_711' title='bbox 2921 2219 3066 2288; x_wconf 86' lang='lat' dir='ltr'><strong>panis</strong></span> <span class='ocrx_word' id='word_1_712' title='bbox 3079 2217 3167 2270; x_wconf 86' lang='lat' dir='ltr'><strong>die</strong></span> <span class='ocrx_word' id='word_1_713' title='bbox 3195 2233 3253 2271; x_wconf 92' lang='lat' dir='ltr'><strong>ac</strong></span> <span class='ocrx_word' id='word_1_714' title='bbox 3279 2223 3420 2270; x_wconf 87' lang='lat' dir='ltr'><strong>nocte</strong></span> <span class='ocrx_word' id='word_1_715' title='bbox 3443 2212 3618 2284; x_wconf 89' lang='lat' dir='ltr'><strong>(Psal.</strong></span> 
     </span>
    </p>
   </div>
   <div class='ocr_carea' id='block_1_83' title="bbox 2041 2305 3624 2380">
    <p class='ocr_par' dir='ltr' id='par_1_83' title="bbox 2041 2305 3624 2380">
     <span class='ocr_line' id='line_1_83' title="bbox 2041 2305 3624 2380; baseline -0.003 -18"><span class='ocrx_word' id='word_1_716' title='bbox 2041 2324 2154 2374; x_wconf 79' lang='lat' dir='ltr'><strong>xu,</strong></span> <span class='ocrx_word' id='word_1_717' title='bbox 2185 2308 2266 2380; x_wconf 74' lang='grc'><strong>4).</strong></span> <span class='ocrx_word' id='word_1_718' title='bbox 2309 2309 2444 2378; x_wconf 84' lang='lat' dir='ltr'><strong>Quid</strong></span> <span class='ocrx_word' id='word_1_719' title='bbox 2471 2319 2554 2365; x_wconf 83' lang='lat' dir='ltr'><strong>est</strong></span> <span class='ocrx_word' id='word_1_720' title='bbox 2589 2325 2737 2380; x_wconf 84' lang='lat' dir='ltr'><strong>ergo,</strong></span> <span class='ocrx_word' id='word_1_721' title='bbox 2782 2309 2988 2379; x_wconf 80' lang='lat' dir='ltr'><strong>Surgite</strong></span> <span class='ocrx_word' id='word_1_722' title='bbox 3023 2317 3345 2380; x_wconf 78' lang='lat' dir='ltr'><strong>posteaquam</strong></span> <span class='ocrx_word' id='word_1_723' title='bbox 3379 2305 3624 2362; x_wconf 75' lang='lat' dir='ltr'><strong>sedistis?</strong></span> 
     </span>
    </p>
   </div>
   <div class='ocr_carea' id='block_1_84' title="bbox 2037 2395 3622 2466">
    <p class='ocr_par' dir='ltr' id='par_1_84' title="bbox 2037 2395 3622 2466">
     <span class='ocr_line' id='line_1_84' title="bbox 2037 2395 3622 2466; baseline -0.003 -12"><span class='ocrx_word' id='word_1_724' title='bbox 2037 2399 2210 2456; x_wconf 86' lang='lat' dir='ltr'><strong>Nolite</strong></span> <span class='ocrx_word' id='word_1_725' title='bbox 2233 2400 2474 2466; x_wconf 79' lang='lat' dir='ltr'><strong>exaltari,</strong></span> <span class='ocrx_word' id='word_1_726' title='bbox 2509 2401 2608 2456; x_wconf 88' lang='lat' dir='ltr'><strong>nisi</strong></span> <span class='ocrx_word' id='word_1_727' title='bbox 2639 2399 2896 2455; x_wconf 87' lang='lat' dir='ltr'><strong>bumiliati</strong></span> <span class='ocrx_word' id='word_1_728' title='bbox 2927 2399 3150 2460; x_wconf 77' lang='lat' dir='ltr'><strong>fueritis.</strong></span> <span class='ocrx_word' id='word_1_729' title='bbox 3176 2397 3326 2454; x_wconf 87' lang='lat' dir='ltr'><strong>Mulli</strong></span> <span class='ocrx_word' id='word_1_730' title='bbox 3353 2395 3496 2460; x_wconf 79' lang='lat' dir='ltr'><strong>enim</strong></span> <span class='ocrx_word' id='word_1_731' title='bbox 3522 2409 3622 2450; x_wconf 82' lang='lat' dir='ltr'><strong>vo-</strong></span> 
     </span>
    </p>
   </div>
   <div class='ocr_carea' id='block_1_85' title="bbox 2037 2485 3618 2561">
    <p class='ocr_par' dir='ltr' id='par_1_85' title="bbox 2037 2485 3618 2561">
     <span class='ocr_line' id='line_1_85' title="bbox 2037 2485 3618 2561; baseline -0.003 -17"><span class='ocrx_word' id='word_1_732' title='bbox 2037 2490 2152 2544; x_wconf 89' lang='lat' dir='ltr'><strong>lunt</strong></span> <span class='ocrx_word' id='word_1_733' title='bbox 2181 2505 2418 2561; x_wconf 80' lang='lat' dir='ltr'><strong>surgere,</strong></span> <span class='ocrx_word' id='word_1_734' title='bbox 2449 2498 2732 2560; x_wconf 88' lang='lat' dir='ltr'><strong>antequam</strong></span> <span class='ocrx_word' id='word_1_735' title='bbox 2759 2490 3030 2554; x_wconf 86' lang='lat' dir='ltr'><strong>sederint;</strong></span> <span class='ocrx_word' id='word_1_736' title='bbox 3061 2489 3322 2546; x_wconf 82' lang='lat' dir='ltr'><strong>voluntse</strong></span> <span class='ocrx_word' id='word_1_737' title='bbox 3342 2487 3516 2556; x_wconf 75' lang='lat' dir='ltr'><strong>iustos</strong></span> <span class='ocrx_word' id='word_1_738' title='bbox 3539 2485 3618 2546; x_wconf 65' lang='lat' dir='ltr'><strong>vi.-</strong></span> 
     </span>
    </p>
   </div>
   <div class='ocr_carea' id='block_1_86' title="bbox 2038 2580 3620 2654">
    <p class='ocr_par' dir='ltr' id='par_1_86' title="bbox 2038 2580 3620 2654">
     <span class='ocr_line' id='line_1_86' title="bbox 2038 2580 3620 2654; baseline -0.004 -15"><span class='ocrx_word' id='word_1_739' title='bbox 2038 2583 2171 2651; x_wconf 88' lang='lat' dir='ltr'><strong>deri,</strong></span> <span class='ocrx_word' id='word_1_740' title='bbox 2201 2593 2480 2654; x_wconf 88' lang='lat' dir='ltr'><strong>antequam</strong></span> <span class='ocrx_word' id='word_1_741' title='bbox 2509 2593 2814 2654; x_wconf 88' lang='lat' dir='ltr'><strong>peccatores</strong></span> <span class='ocrx_word' id='word_1_742' title='bbox 2839 2599 2900 2639; x_wconf 88' lang='lat' dir='ltr'><strong>se</strong></span> <span class='ocrx_word' id='word_1_743' title='bbox 2923 2599 3044 2638; x_wconf 88' lang='lat' dir='ltr'><strong>esse</strong></span> <span class='ocrx_word' id='word_1_744' title='bbox 3067 2581 3296 2638; x_wconf 89' lang='lat' dir='ltr'><strong>confessi</strong></span> <span class='ocrx_word' id='word_1_745' title='bbox 3323 2581 3449 2636; x_wconf 92' lang='lat' dir='ltr'><strong>sint.</strong></span> <span class='ocrx_word' id='word_1_746' title='bbox 3477 2580 3620 2648; x_wconf 84' lang='lat' dir='ltr'><strong>Ergo</strong></span> 
     </span>
    </p>
   </div>
   <div class='ocr_carea' id='block_1_87' title="bbox 2038 2659 3626 2747">
    <p class='ocr_par' dir='ltr' id='par_1_87' title="bbox 2038 2659 3626 2747">
     <span class='ocr_line' id='line_1_87' title="bbox 2038 2659 3626 2747; baseline -0.003 -17"><span class='ocrx_word' id='word_1_747' title='bbox 2038 2677 2081 2732; x_wconf 90' lang='lat' dir='ltr'><strong>si</strong></span> <span class='ocrx_word' id='word_1_748' title='bbox 2109 2693 2174 2732; x_wconf 83' lang='lat' dir='ltr'><strong>ex</strong></span> <span class='ocrx_word' id='word_1_749' title='bbox 2209 2691 2434 2747; x_wconf 89' lang='lat' dir='ltr'><strong>persona</strong></span> <span class='ocrx_word' id='word_1_750' title='bbox 2463 2677 2648 2746; x_wconf 85' lang='lat' dir='ltr'><strong>capitis</strong></span> <span class='ocrx_word' id='word_1_751' title='bbox 2675 2677 2840 2732; x_wconf 87' lang='lat' dir='ltr'><strong>nostri</strong></span> <span class='ocrx_word' id='word_1_752' title='bbox 2861 2659 3059 2746; x_wconf 83' lang='lat' dir='ltr'><strong>accipis</strong></span> <span class='ocrx_word' id='word_1_753' title='bbox 3081 2716 3095 2738; x_wconf 91' lang='lat'><strong>,</strong></span> <span class='ocrx_word' id='word_1_754' title='bbox 3127 2676 3205 2730; x_wconf 90' lang='lat' dir='ltr'><strong>sic</strong></span> <span class='ocrx_word' id='word_1_755' title='bbox 3231 2673 3472 2742; x_wconf 74' lang='lat' dir='ltr'><strong>intellige.</strong></span> <span class='ocrx_word' id='word_1_756' title='bbox 3496 2688 3512 2726; x_wconf 84' lang='lat'><strong>:</strong></span> <span class='ocrx_word' id='word_1_757' title='bbox 3539 2669 3626 2726; x_wconf 85' lang='lat' dir='ltr'><strong>Tu.</strong></span> 
     </span>
    </p>
   </div>
   <div class='ocr_carea' id='block_1_88' title="bbox 2037 2769 3620 2839">
    <p class='ocr_par' dir='ltr' id='par_1_88' title="bbox 2037 2769 3620 2839">
     <span class='ocr_line' id='line_1_88' title="bbox 2037 2769 3620 2839; baseline -0.001 -17"><span class='ocrx_word' id='word_1_758' title='bbox 2037 2771 2306 2839; x_wconf 80' lang='lat' dir='ltr'><strong>cognouisti</strong></span> <span class='ocrx_word' id='word_1_759' title='bbox 2331 2771 2598 2824; x_wconf 82' lang='lat' dir='ltr'><strong>sessionem</strong></span> <span class='ocrx_word' id='word_1_760' title='bbox 2621 2785 2782 2823; x_wconf 83' lang='lat' dir='ltr'><strong>meam</strong></span> <span class='ocrx_word' id='word_1_761' title='bbox 2803 2780 2848 2824; x_wconf 92' lang='lat' dir='ltr'><strong>et</strong></span> <span class='ocrx_word' id='word_1_762' title='bbox 2867 2769 3278 2826; x_wconf 83' lang='lat' dir='ltr'><strong>resurrectionem</strong></span> <span class='ocrx_word' id='word_1_763' title='bbox 3295 2782 3478 2833; x_wconf 81' lang='lat' dir='ltr'><strong>nteant,</strong></span> <span class='ocrx_word' id='word_1_764' title='bbox 3500 2778 3620 2835; x_wconf 84' lang='lat' dir='ltr'><strong>pas-</strong></span> 
     </span>
    </p>
   </div>
   <div class='ocr_carea' id='block_1_89' title="bbox 2036 2859 3624 2928">
    <p class='ocr_par' dir='ltr' id='par_1_89' title="bbox 2036 2859 3624 2928">
     <span class='ocr_line' id='line_1_89' title="bbox 2036 2859 3624 2928; baseline -0.001 -12"><span class='ocrx_word' id='word_1_765' title='bbox 2036 2861 2242 2916; x_wconf 78' lang='lat' dir='ltr'><strong>sionem</strong></span> <span class='ocrx_word' id='word_1_766' title='bbox 2271 2876 2440 2915; x_wconf 90' lang='lat' dir='ltr'><strong>meam</strong></span> <span class='ocrx_word' id='word_1_767' title='bbox 2464 2871 2516 2917; x_wconf 88' lang='lat' dir='ltr'><strong>et</strong></span> <span class='ocrx_word' id='word_1_768' title='bbox 2537 2862 2984 2916; x_wconf 86' lang='lat' dir='ltr'><strong>resurrectionem</strong></span> <span class='ocrx_word' id='word_1_769' title='bbox 3011 2875 3202 2915; x_wconf 85' lang='lat' dir='ltr'><strong>meam.</strong></span> <span class='ocrx_word' id='word_1_770' title='bbox 3229 2859 3284 2916; x_wconf 89' lang='lat' dir='ltr'><strong>Si</strong></span> <span class='ocrx_word' id='word_1_771' title='bbox 3305 2869 3624 2928; x_wconf 75' lang='lat' dir='ltr'><strong>expersona</strong></span> 
     </span>
    </p>
   </div>
   <div class='ocr_carea' id='block_1_90' title="bbox 2037 2949 3620 3024">
    <p class='ocr_par' dir='ltr' id='par_1_90' title="bbox 2037 2949 3620 3024">
     <span class='ocr_line' id='line_1_90' title="bbox 2037 2949 3620 3024; baseline -0.003 -16"><span class='ocrx_word' id='word_1_772' title='bbox 2037 2953 2275 3022; x_wconf 85' lang='lat' dir='ltr'><strong>corporis</strong></span> <span class='ocrx_word' id='word_1_773' title='bbox 2305 2971 2318 3006; x_wconf 87' lang='lat'><strong>:</strong></span> <span class='ocrx_word' id='word_1_774' title='bbox 2350 2953 2424 3006; x_wconf 85' lang='lat' dir='ltr'><strong>Tu</strong></span> <span class='ocrx_word' id='word_1_775' title='bbox 2448 2954 2722 3024; x_wconf 81' lang='lat' dir='ltr'><strong>cognouisti</strong></span> <span class='ocrx_word' id='word_1_776' title='bbox 2748 2954 3018 3008; x_wconf 86' lang='lat' dir='ltr'><strong>sessionem</strong></span> <span class='ocrx_word' id='word_1_777' title='bbox 3044 2969 3204 3006; x_wconf 88' lang='lat' dir='ltr'><strong>meam</strong></span> <span class='ocrx_word' id='word_1_778' title='bbox 3229 2961 3276 3004; x_wconf 91' lang='lat' dir='ltr'><strong>et</strong></span> <span class='ocrx_word' id='word_1_779' title='bbox 3301 2949 3620 3006; x_wconf 84' lang='lat' dir='ltr'><strong>resurrectio-</strong></span> 
     </span>
    </p>
   </div>
   <div class='ocr_carea' id='block_1_91' title="bbox 2037 3039 3622 3113">
    <p class='ocr_par' dir='ltr' id='par_1_91' title="bbox 2037 3039 3622 3113">
     <span class='ocr_line' id='line_1_91' title="bbox 2037 3039 3622 3113; baseline -0.004 -14"><span class='ocrx_word' id='word_1_780' title='bbox 2037 3061 2150 3099; x_wconf 82' lang='lat' dir='ltr'><strong>nem</strong></span> <span class='ocrx_word' id='word_1_781' title='bbox 2191 3060 2394 3112; x_wconf 80' lang='lat' dir='ltr'><strong>nteant;</strong></span> <span class='ocrx_word' id='word_1_782' title='bbox 2437 3059 2616 3099; x_wconf 85' lang='lat' dir='ltr'><strong>coram</strong></span> <span class='ocrx_word' id='word_1_783' title='bbox 2657 3044 2826 3108; x_wconf 76' lang='lat' dir='ltr'><strong>oculis</strong></span> <span class='ocrx_word' id='word_1_784' title='bbox 2866 3045 2970 3099; x_wconf 87' lang='lat' dir='ltr'><strong>tuis</strong></span> <span class='ocrx_word' id='word_1_785' title='bbox 3009 3052 3064 3100; x_wconf 86' lang='lat' dir='ltr'><strong>et</strong></span> <span class='ocrx_word' id='word_1_786' title='bbox 3101 3049 3316 3113; x_wconf 83' lang='lat' dir='ltr'><strong>peccata</strong></span> <span class='ocrx_word' id='word_1_787' title='bbox 3341 3039 3622 3098; x_wconf 85' lang='lat' dir='ltr'><strong>confessus</strong></span> 
     </span>
    </p>
   </div>
   <div class='ocr_carea' id='block_1_92' title="bbox 2037 3123 3430 3206">
    <p class='ocr_par' dir='ltr' id='par_1_92' title="bbox 2037 3123 3430 3206">
     <span class='ocr_line' id='line_1_92' title="bbox 2037 3123 3430 3206; baseline -0.003 -14"><span class='ocrx_word' id='word_1_788' title='bbox 2037 3151 2174 3200; x_wconf 90' lang='lat' dir='ltr'><strong>sum,</strong></span> <span class='ocrx_word' id='word_1_789' title='bbox 2207 3145 2261 3192; x_wconf 89' lang='lat' dir='ltr'><strong>et</strong></span> <span class='ocrx_word' id='word_1_790' title='bbox 2288 3147 2370 3190; x_wconf 84' lang='lat' dir='ltr'><strong>tua</strong></span> <span class='ocrx_word' id='word_1_791' title='bbox 2399 3137 2563 3204; x_wconf 88' lang='lat' dir='ltr'><strong>gratia</strong></span> <span class='ocrx_word' id='word_1_792' title='bbox 2589 3136 2912 3206; x_wconf 86' lang='lat' dir='ltr'><strong>justilicatus</strong></span> <span class='ocrx_word' id='word_1_793' title='bbox 2939 3151 3078 3190; x_wconf 80' lang='lat' dir='ltr'><strong>sum.</strong></span> <span class='ocrx_word' id='word_1_794' title='bbox 3361 3123 3368 3130; x_wconf 74' lang='grc'><em>’</em></span> <span class='ocrx_word' id='word_1_795' title='bbox 3427 3175 3430 3178; x_wconf 58' lang='grc' dir='ltr'><strong>ρ</strong></span> 
     </span>
    </p>
   </div>
   <div class='ocr_carea' id='block_1_93' title="bbox 2061 3222 3618 3298">
    <p class='ocr_par' dir='ltr' id='par_1_93' title="bbox 2061 3222 3618 3298">
     <span class='ocr_line' id='line_1_93' title="bbox 2061 3222 3618 3298; baseline -0.003 -16"><span class='ocrx_word' id='word_1_796' title='bbox 2061 3253 2065 3262; x_wconf 66' lang='grc' dir='ltr'><strong>ε</strong></span> <span class='ocrx_word' id='word_1_797' title='bbox 2107 3228 2160 3282; x_wconf 82' lang='lat'><strong>5.</strong></span> <span class='ocrx_word' id='word_1_798' title='bbox 2203 3225 2332 3297; x_wconf 79' lang='lat' dir='ltr'><strong>[vers</strong></span> <span class='ocrx_word' id='word_1_799' title='bbox 2375 3227 2452 3298; x_wconf 78' lang='lat'><strong>5.]</strong></span> <span class='ocrx_word' id='word_1_800' title='bbox 2491 3227 2793 3280; x_wconf 68' lang='lat' dir='ltr'><strong>Intellexisti</strong></span> <span class='ocrx_word' id='word_1_801' title='bbox 2820 3227 3138 3296; x_wconf 85' lang='lat' dir='ltr'><strong>cogitationes</strong></span> <span class='ocrx_word' id='word_1_802' title='bbox 3167 3241 3302 3278; x_wconf 88' lang='lat' dir='ltr'><strong>meas</strong></span> <span class='ocrx_word' id='word_1_803' title='bbox 3329 3225 3392 3278; x_wconf 76' lang='lat' dir='ltr'><strong>de</strong></span> <span class='ocrx_word' id='word_1_804' title='bbox 3417 3222 3618 3293; x_wconf 80' lang='lat' dir='ltr'><strong>longin-</strong></span> 
     </span>
    </p>
   </div>
   <div class='ocr_carea' id='block_1_94' title="bbox 2036 3314 3622 3387">
    <p class='ocr_par' dir='ltr' id='par_1_94' title="bbox 2036 3314 3622 3387">
     <span class='ocr_line' id='line_1_94' title="bbox 2036 3314 3622 3387; baseline -0.003 -17"><span class='ocrx_word' id='word_1_805' title='bbox 2036 3333 2134 3387; x_wconf 82' lang='lat' dir='ltr'><strong>quo</strong></span> <span class='ocrx_word' id='word_1_806' title='bbox 2161 3333 2180 3370; x_wconf 91' lang='lat'><strong><em>:</em></strong></span> <span class='ocrx_word' id='word_1_807' title='bbox 2203 3320 2428 3370; x_wconf 87' lang='lat' dir='ltr'><strong>semitam</strong></span> <span class='ocrx_word' id='word_1_808' title='bbox 2471 3333 2633 3370; x_wconf 87' lang='lat' dir='ltr'><strong>meant</strong></span> <span class='ocrx_word' id='word_1_809' title='bbox 2671 3326 2718 3372; x_wconf 90' lang='lat' dir='ltr'><strong>et</strong></span> <span class='ocrx_word' id='word_1_810' title='bbox 2753 3316 2968 3370; x_wconf 78' lang='lat' dir='ltr'><strong>limitem</strong></span> <span class='ocrx_word' id='word_1_811' title='bbox 2994 3332 3160 3370; x_wconf 84' lang='lat' dir='ltr'><strong>meum</strong></span> <span class='ocrx_word' id='word_1_812' title='bbox 3199 3314 3538 3384; x_wconf 79' lang='lat' dir='ltr'><strong>inuestigasti,</strong></span> <span class='ocrx_word' id='word_1_813' title='bbox 3567 3321 3622 3368; x_wconf 81' lang='lat' dir='ltr'><strong>et.</strong></span> 
     </span>
    </p>
   </div>
   <div class='ocr_carea' id='block_1_95' title="bbox 2037 3406 3618 3477">
    <p class='ocr_par' dir='ltr' id='par_1_95' title="bbox 2037 3406 3618 3477">
     <span class='ocr_line' id='line_1_95' title="bbox 2037 3406 3618 3477; baseline -0.004 -12"><span class='ocrx_word' id='word_1_814' title='bbox 2037 3426 2203 3466; x_wconf 86' lang='lat' dir='ltr'><strong>omnes</strong></span> <span class='ocrx_word' id='word_1_815' title='bbox 2239 3411 2345 3464; x_wconf 75' lang='lat' dir='ltr'><strong>vias</strong></span> <span class='ocrx_word' id='word_1_816' title='bbox 2387 3427 2522 3463; x_wconf 86' lang='lat' dir='ltr'><strong>meas</strong></span> <span class='ocrx_word' id='word_1_817' title='bbox 2558 3410 2848 3477; x_wconf 68' lang='lat' dir='ltr'><strong>praecidisti.</strong></span> <span class='ocrx_word' id='word_1_818' title='bbox 2889 3408 3025 3476; x_wconf 86' lang='lat' dir='ltr'><strong>Quid</strong></span> <span class='ocrx_word' id='word_1_819' title='bbox 3067 3417 3190 3474; x_wconf 89' lang='lat' dir='ltr'><strong>est,</strong></span> <span class='ocrx_word' id='word_1_820' title='bbox 3221 3406 3618 3476; x_wconf 81' lang='lat' dir='ltr'><strong>delonginquo?</strong></span> 
     </span>
    </p>
   </div>
   <div class='ocr_carea' id='block_1_96' title="bbox 2036 3497 3622 3572">
    <p class='ocr_par' dir='ltr' id='par_1_96' title="bbox 2036 3497 3622 3572">
     <span class='ocr_line' id='line_1_96' title="bbox 2036 3497 3622 3572; baseline -0.004 -14"><span class='ocrx_word' id='word_1_821' title='bbox 2036 3503 2166 3558; x_wconf 88' lang='lat' dir='ltr'><strong>Cum</strong></span> <span class='ocrx_word' id='word_1_822' title='bbox 2196 3502 2370 3558; x_wconf 88' lang='lat' dir='ltr'><strong>adhuc</strong></span> <span class='ocrx_word' id='word_1_823' title='bbox 2395 3503 2445 3556; x_wconf 92' lang='lat' dir='ltr'><strong>in</strong></span> <span class='ocrx_word' id='word_1_824' title='bbox 2471 3502 2894 3572; x_wconf 77' lang='lat' dir='ltr'><strong>peregrinatione</strong></span> <span class='ocrx_word' id='word_1_825' title='bbox 2918 3516 3057 3563; x_wconf 90' lang='lat' dir='ltr'><strong>sum,</strong></span> <span class='ocrx_word' id='word_1_826' title='bbox 3085 3509 3366 3569; x_wconf 88' lang='lat' dir='ltr'><strong>antequam</strong></span> <span class='ocrx_word' id='word_1_827' title='bbox 3385 3497 3452 3554; x_wconf 89' lang='lat' dir='ltr'><strong>ad</strong></span> <span class='ocrx_word' id='word_1_828' title='bbox 3473 3497 3622 3552; x_wconf 84' lang='lat' dir='ltr'><strong>illam</strong></span> 
     </span>
    </p>
   </div>
   <div class='ocr_carea' id='block_1_97' title="bbox 2038 3590 3616 3668">
    <p class='ocr_par' dir='ltr' id='par_1_97' title="bbox 2038 3590 3616 3668">
     <span class='ocr_line' id='line_1_97' title="bbox 2038 3590 3616 3668; baseline -0.004 -20"><span class='ocrx_word' id='word_1_829' title='bbox 2038 3596 2258 3668; x_wconf 86' lang='lat' dir='ltr'><strong>patriam</strong></span> <span class='ocrx_word' id='word_1_830' title='bbox 2300 3595 2546 3658; x_wconf 87' lang='lat' dir='ltr'><strong>veniam,</strong></span> <span class='ocrx_word' id='word_1_831' title='bbox 2579 3603 2632 3647; x_wconf 89' lang='lat' dir='ltr'><strong>tu</strong></span> <span class='ocrx_word' id='word_1_832' title='bbox 2671 3591 2962 3664; x_wconf 78' lang='lat' dir='ltr'><strong>cognovisti</strong></span> <span class='ocrx_word' id='word_1_833' title='bbox 3003 3590 3376 3660; x_wconf 85' lang='lat' dir='ltr'><strong>cogitationem</strong></span> <span class='ocrx_word' id='word_1_834' title='bbox 3415 3601 3616 3642; x_wconf 86' lang='lat' dir='ltr'><strong>meam.</strong></span> 
     </span>
    </p>
   </div>
   <div class='ocr_carea' id='block_1_98' title="bbox 2035 3677 3626 3753">
    <p class='ocr_par' dir='ltr' id='par_1_98' title="bbox 2035 3677 3626 3753">
     <span class='ocr_line' id='line_1_98' title="bbox 2035 3677 3626 3753; baseline -0.008 -7"><span class='ocrx_word' id='word_1_835' title='bbox 2035 3691 2262 3746; x_wconf 80' lang='lat' dir='ltr'><strong>Attende</strong></span> <span class='ocrx_word' id='word_1_836' title='bbox 2289 3690 2432 3743; x_wconf 91' lang='lat' dir='ltr'><strong>illum</strong></span> <span class='ocrx_word' id='word_1_837' title='bbox 2465 3687 2630 3741; x_wconf 89' lang='lat' dir='ltr'><strong>lilium</strong></span> <span class='ocrx_word' id='word_1_838' title='bbox 2655 3678 2914 3740; x_wconf 87' lang='lat' dir='ltr'><strong>minorem</strong></span> <span class='ocrx_word' id='word_1_839' title='bbox 2939 3701 2952 3748; x_wconf 91' lang='lat'><strong>;</strong></span> <span class='ocrx_word' id='word_1_840' title='bbox 2979 3684 3100 3753; x_wconf 90' lang='lat' dir='ltr'><strong>quia</strong></span> <span class='ocrx_word' id='word_1_841' title='bbox 3129 3682 3242 3752; x_wconf 88' lang='lat' dir='ltr'><strong>ipse</strong></span> <span class='ocrx_word' id='word_1_842' title='bbox 3269 3681 3426 3736; x_wconf 88' lang='lat' dir='ltr'><strong>etiam</strong></span> <span class='ocrx_word' id='word_1_843' title='bbox 3451 3677 3626 3734; x_wconf 79' lang='lat' dir='ltr'><strong>factus</strong></span> 
     </span>
    </p>
   </div>
   <div class='ocr_carea' id='block_1_99' title="bbox 2034 3768 3619 3849">
    <p class='ocr_par' dir='ltr' id='par_1_99' title="bbox 2034 3768 3619 3849">
     <span class='ocr_line' id='line_1_99' title="bbox 2034 3768 3619 3849; baseline -0.009 -13"><span class='ocrx_word' id='word_1_844' title='bbox 2034 3792 2116 3836; x_wconf 84' lang='lat' dir='ltr'><strong>est</strong></span> <span class='ocrx_word' id='word_1_845' title='bbox 2135 3795 2326 3849; x_wconf 89' lang='lat' dir='ltr'><strong>corpus</strong></span> <span class='ocrx_word' id='word_1_846' title='bbox 2349 3777 2566 3842; x_wconf 86' lang='lat' dir='ltr'><strong>Christi,</strong></span> <span class='ocrx_word' id='word_1_847' title='bbox 2593 3775 2826 3830; x_wconf 89' lang='lat' dir='ltr'><strong>Ecclesia</strong></span> <span class='ocrx_word' id='word_1_848' title='bbox 2849 3774 2916 3828; x_wconf 89' lang='lat' dir='ltr'><strong>de</strong></span> <span class='ocrx_word' id='word_1_849' title='bbox 2933 3771 3193 3828; x_wconf 85' lang='lat' dir='ltr'><strong>Gentibus</strong></span> <span class='ocrx_word' id='word_1_850' title='bbox 3213 3771 3456 3828; x_wconf 85' lang='lat' dir='ltr'><strong>veniens.</strong></span> <span class='ocrx_word' id='word_1_851' title='bbox 3477 3768 3619 3824; x_wconf 87' lang='lat' dir='ltr'><strong>lerat</strong></span> 
     </span>
    </p>
   </div>
   <div class='ocr_carea' id='block_1_100' title="bbox 2036 3857 3624 3941">
    <p class='ocr_par' dir='ltr' id='par_1_100' title="bbox 2036 3857 3624 3941">
     <span class='ocr_line' id='line_1_100' title="bbox 2036 3857 3624 3941; baseline -0.006 -16"><span class='ocrx_word' id='word_1_852' title='bbox 2036 3871 2233 3941; x_wconf 88' lang='lat' dir='ltr'><strong>quippe</strong></span> <span class='ocrx_word' id='word_1_853' title='bbox 2261 3871 2314 3924; x_wconf 86' lang='lat' dir='ltr'><strong>in</strong></span> <span class='ocrx_word' id='word_1_854' title='bbox 2343 3868 2688 3938; x_wconf 85' lang='lat' dir='ltr'><strong>longinquum</strong></span> <span class='ocrx_word' id='word_1_855' title='bbox 2711 3868 2726 3896; x_wconf 88' lang='grc'>¹</span> <span class='ocrx_word' id='word_1_856' title='bbox 2759 3865 2895 3919; x_wconf 87' lang='lat' dir='ltr'><strong>filius</strong></span> <span class='ocrx_word' id='word_1_857' title='bbox 2917 3863 3109 3917; x_wconf 89' lang='lat' dir='ltr'><strong>minor.</strong></span> <span class='ocrx_word' id='word_1_858' title='bbox 3139 3862 3282 3916; x_wconf 89' lang='lat' dir='ltr'><strong>Duos</strong></span> <span class='ocrx_word' id='word_1_859' title='bbox 3309 3860 3452 3916; x_wconf 87' lang='lat' dir='ltr'><strong>enim</strong></span> <span class='ocrx_word' id='word_1_860' title='bbox 3479 3857 3624 3916; x_wconf 68' lang='lat' dir='ltr'><strong>filios</strong></span> 
     </span>
    </p>
   </div>
   <div class='ocr_carea' id='block_1_101' title="bbox 2035 3951 3612 4032">
    <p class='ocr_par' dir='ltr' id='par_1_101' title="bbox 2035 3951 3612 4032">
     <span class='ocr_line' id='line_1_101' title="bbox 2035 3951 3612 4032; baseline -0.01 -14"><span class='ocrx_word' id='word_1_861' title='bbox 2035 3964 2264 4019; x_wconf 88' lang='lat' dir='ltr'><strong>habebat</strong></span> <span class='ocrx_word' id='word_1_862' title='bbox 2283 3961 2496 4032; x_wconf 89' lang='lat' dir='ltr'><strong>quidam</strong></span> <span class='ocrx_word' id='word_1_863' title='bbox 2520 3957 2902 4030; x_wconf 86' lang='lat' dir='ltr'><strong>paterfamilias</strong></span> <span class='ocrx_word' id='word_1_864' title='bbox 2927 3973 2939 4009; x_wconf 88' lang='lat'>:</span> <span class='ocrx_word' id='word_1_865' title='bbox 2964 3954 3134 4024; x_wconf 88' lang='lat' dir='ltr'><strong>major</strong></span> <span class='ocrx_word' id='word_1_866' title='bbox 3153 3968 3262 4007; x_wconf 88' lang='lat' dir='ltr'><strong>non</strong></span> <span class='ocrx_word' id='word_1_867' title='bbox 3283 3952 3438 4021; x_wconf 85' lang='lat' dir='ltr'><strong>longe</strong></span> <span class='ocrx_word' id='word_1_868' title='bbox 3460 3951 3612 4014; x_wconf 86' lang='lat' dir='ltr'><strong>ierat,</strong></span> 
     </span>
    </p>
   </div>
   <div class='ocr_carea' id='block_1_102' title="bbox 2035 4041 3620 4125">
    <p class='ocr_par' dir='ltr' id='par_1_102' title="bbox 2035 4041 3620 4125">
     <span class='ocr_line' id='line_1_102' title="bbox 2035 4041 3620 4125; baseline -0.008 -15"><span class='ocrx_word' id='word_1_869' title='bbox 2035 4056 2130 4111; x_wconf 84' lang='lat' dir='ltr'><strong>sed</strong></span> <span class='ocrx_word' id='word_1_870' title='bbox 2160 4057 2211 4109; x_wconf 92' lang='lat' dir='ltr'><strong>in</strong></span> <span class='ocrx_word' id='word_1_871' title='bbox 2239 4069 2366 4125; x_wconf 89' lang='lat' dir='ltr'><strong>agro</strong></span> <span class='ocrx_word' id='word_1_872' title='bbox 2391 4051 2728 4122; x_wconf 88' lang='lat' dir='ltr'><strong>operabatur,</strong></span> <span class='ocrx_word' id='word_1_873' title='bbox 2775 4059 2832 4102; x_wconf 88' lang='lat' dir='ltr'><strong>et</strong></span> <span class='ocrx_word' id='word_1_874' title='bbox 2853 4047 3117 4116; x_wconf 85' lang='lat' dir='ltr'><strong>significat</strong></span> <span class='ocrx_word' id='word_1_875' title='bbox 3141 4052 3354 4100; x_wconf 90' lang='lat' dir='ltr'><strong>sanctos</strong></span> <span class='ocrx_word' id='word_1_876' title='bbox 3394 4042 3447 4096; x_wconf 91' lang='lat' dir='ltr'><strong>in</strong></span> <span class='ocrx_word' id='word_1_877' title='bbox 3473 4041 3620 4111; x_wconf 75' lang='lat' dir='ltr'><strong>Lege</strong></span> 
     </span>
    </p>
   </div>
   <div class='ocr_carea' id='block_1_103' title="bbox 2035 4133 3621 4214">
    <p class='ocr_par' dir='ltr' id='par_1_103' title="bbox 2035 4133 3621 4214">
     <span class='ocr_line' id='line_1_103' title="bbox 2035 4133 3621 4214; baseline -0.011 -12"><span class='ocrx_word' id='word_1_878' title='bbox 2035 4147 2288 4202; x_wconf 87' lang='lat' dir='ltr'><strong>facientes</strong></span> <span class='ocrx_word' id='word_1_879' title='bbox 2317 4159 2477 4214; x_wconf 91' lang='lat' dir='ltr'><strong>opera</strong></span> <span class='ocrx_word' id='word_1_880' title='bbox 2508 4151 2564 4197; x_wconf 87' lang='lat' dir='ltr'><strong>et</strong></span> <span class='ocrx_word' id='word_1_881' title='bbox 2601 4148 2862 4211; x_wconf 83' lang='lat' dir='ltr'><strong>praecepta</strong></span> <span class='ocrx_word' id='word_1_882' title='bbox 2891 4138 3065 4207; x_wconf 84' lang='lat' dir='ltr'><strong>Legis.</strong></span> <span class='ocrx_word' id='word_1_883' title='bbox 3099 4136 3280 4191; x_wconf 87' lang='lat' dir='ltr'><strong>Genus</strong></span> <span class='ocrx_word' id='word_1_884' title='bbox 3305 4143 3481 4190; x_wconf 87' lang='lat' dir='ltr'><strong>autem</strong></span> <span class='ocrx_word' id='word_1_885' title='bbox 3517 4133 3621 4192; x_wconf 75' lang='lat' dir='ltr'><strong>bu—.</strong></span> 
     </span>
    </p>
   </div>
   <div class='ocr_carea' id='block_1_104' title="bbox 2035 4223 3612 4307">
    <p class='ocr_par' dir='ltr' id='par_1_104' title="bbox 2035 4223 3612 4307">
     <span class='ocr_line' id='line_1_104' title="bbox 2035 4223 3612 4307; baseline -0.01 -14"><span class='ocrx_word' id='word_1_886' title='bbox 2035 4253 2248 4294; x_wconf 87' lang='lat' dir='ltr'><strong>manum</strong></span> <span class='ocrx_word' id='word_1_887' title='bbox 2281 4236 2424 4307; x_wconf 87' lang='lat' dir='ltr'><strong>quod</strong></span> <span class='ocrx_word' id='word_1_888' title='bbox 2449 4233 2776 4289; x_wconf 78' lang='lat' dir='ltr'><strong>deﬂexerat’</strong></span> <span class='ocrx_word' id='word_1_889' title='bbox 2807 4227 2859 4284; x_wconf 91' lang='lat' dir='ltr'><strong>in</strong></span> <span class='ocrx_word' id='word_1_890' title='bbox 2879 4231 2882 4236; x_wconf 85' lang='grc'><em>’</em></span> <span class='ocrx_word' id='word_1_891' title='bbox 2905 4229 3164 4284; x_wconf 86' lang='lat' dir='ltr'><strong>idolorum</strong></span> <span class='ocrx_word' id='word_1_892' title='bbox 3211 4227 3470 4280; x_wconf 81' lang='lat' dir='ltr'><strong>culturam</strong></span> <span class='ocrx_word' id='word_1_893' title='bbox 3491 4265 3506 4288; x_wconf 92' lang='lat'><strong>,</strong></span> <span class='ocrx_word' id='word_1_894' title='bbox 3557 4223 3612 4278; x_wconf 88' lang='lat' dir='ltr'><strong>in</strong></span> 
     </span>
    </p>
   </div>
   <div class='ocr_carea' id='block_1_105' title="bbox 2034 4314 3620 4399">
    <p class='ocr_par' dir='ltr' id='par_1_105' title="bbox 2034 4314 3620 4399">
     <span class='ocr_line' id='line_1_105' title="bbox 2034 4314 3620 4399; baseline -0.008 -16"><span class='ocrx_word' id='word_1_895' title='bbox 2034 4329 2322 4399; x_wconf 84' lang='lat' dir='ltr'><strong>longinquo</strong></span> <span class='ocrx_word' id='word_1_896' title='bbox 2347 4325 2518 4381; x_wconf 76' lang='lat' dir='ltr'><strong>fuerat</strong></span> <span class='ocrx_word' id='word_1_897' title='bbox 2547 4323 2957 4394; x_wconf 84' lang='lat' dir='ltr'><strong>peregrinatum.</strong></span> <span class='ocrx_word' id='word_1_898' title='bbox 2981 4318 3118 4386; x_wconf 85' lang='lat' dir='ltr'><strong>Quid</strong></span> <span class='ocrx_word' id='word_1_899' title='bbox 3139 4325 3245 4372; x_wconf 89' lang='lat' dir='ltr'><strong>tam</strong></span> <span class='ocrx_word' id='word_1_900' title='bbox 3276 4317 3432 4385; x_wconf 84' lang='lat' dir='ltr'><strong>longe</strong></span> <span class='ocrx_word' id='word_1_901' title='bbox 3453 4314 3522 4370; x_wconf 88' lang='lat' dir='ltr'><strong>ab</strong></span> <span class='ocrx_word' id='word_1_902' title='bbox 3547 4328 3620 4370; x_wconf 83' lang='lat' dir='ltr'><strong>eo</strong></span> 
     </span>
    </p>
   </div>
   <div class='ocr_carea' id='block_1_106' title="bbox 2035 4404 3614 4490">
    <p class='ocr_par' dir='ltr' id='par_1_106' title="bbox 2035 4404 3614 4490">
     <span class='ocr_line' id='line_1_106' title="bbox 2035 4404 3614 4490; baseline -0.008 -18"><span class='ocrx_word' id='word_1_903' title='bbox 2035 4419 2122 4490; x_wconf 90' lang='lat' dir='ltr'><strong>qui</strong></span> <span class='ocrx_word' id='word_1_904' title='bbox 2153 4419 2276 4474; x_wconf 87' lang='lat' dir='ltr'><strong>fecit</strong></span> <span class='ocrx_word' id='word_1_905' title='bbox 2303 4427 2384 4484; x_wconf 88' lang='lat' dir='ltr'><strong>te,</strong></span> <span class='ocrx_word' id='word_1_906' title='bbox 2431 4429 2590 4486; x_wconf 90' lang='lat' dir='ltr'><strong>quam</strong></span> <span class='ocrx_word' id='word_1_907' title='bbox 2622 4413 2928 4484; x_wconf 81' lang='lat' dir='ltr'><strong>ﬁgmentum</strong></span> <span class='ocrx_word' id='word_1_908' title='bbox 2955 4409 3098 4480; x_wconf 90' lang='lat' dir='ltr'><strong>quod</strong></span> <span class='ocrx_word' id='word_1_909' title='bbox 3137 4407 3232 4463; x_wconf 89' lang='lat' dir='ltr'><strong>tibi</strong></span> <span class='ocrx_word' id='word_1_910' title='bbox 3259 4408 3372 4476; x_wconf 89' lang='lat' dir='ltr'><strong>ipse</strong></span> <span class='ocrx_word' id='word_1_911' title='bbox 3399 4404 3614 4460; x_wconf 86' lang='lat' dir='ltr'><strong>fecisti?</strong></span> 
     </span>
    </p>
   </div>
   <div class='ocr_carea' id='block_1_107' title="bbox 2035 4495 3616 4576">
    <p class='ocr_par' dir='ltr' id='par_1_107' title="bbox 2035 4495 3616 4576">
     <span class='ocr_line' id='line_1_107' title="bbox 2035 4495 3616 4576; baseline -0.01 -11"><span class='ocrx_word' id='word_1_912' title='bbox 2035 4509 2308 4566; x_wconf 86' lang='lat' dir='ltr'><strong>Profectus</strong></span> <span class='ocrx_word' id='word_1_913' title='bbox 2335 4515 2418 4563; x_wconf 87' lang='lat' dir='ltr'><strong>est</strong></span> <span class='ocrx_word' id='word_1_914' title='bbox 2457 4521 2584 4576; x_wconf 85' lang='lat' dir='ltr'><strong>ergo</strong></span> <span class='ocrx_word' id='word_1_915' title='bbox 2623 4504 2764 4559; x_wconf 87' lang='lat' dir='ltr'><strong>ﬁlius</strong></span> <span class='ocrx_word' id='word_1_916' title='bbox 2803 4503 2976 4557; x_wconf 88' lang='lat' dir='ltr'><strong>minor</strong></span> <span class='ocrx_word' id='word_1_917' title='bbox 3005 4503 3057 4555; x_wconf 89' lang='lat' dir='ltr'><strong>in</strong></span> <span class='ocrx_word' id='word_1_918' title='bbox 3087 4499 3358 4570; x_wconf 84' lang='lat' dir='ltr'><strong>regionem</strong></span> <span class='ocrx_word' id='word_1_919' title='bbox 3407 4495 3616 4565; x_wconf 87' lang='lat' dir='ltr'><strong>longin—</strong></span> 
     </span>
    </p>
   </div>
   <div class='ocr_carea' id='block_1_108' title="bbox 2033 4587 3614 4670">
    <p class='ocr_par' dir='ltr' id='par_1_108' title="bbox 2033 4587 3614 4670">
     <span class='ocr_line' id='line_1_108' title="bbox 2033 4587 3614 4670; baseline -0.009 -17"><span class='ocrx_word' id='word_1_920' title='bbox 2033 4613 2210 4670; x_wconf 90' lang='lat' dir='ltr'><strong>quam,</strong></span> <span class='ocrx_word' id='word_1_921' title='bbox 2241 4605 2460 4667; x_wconf 87' lang='lat' dir='ltr'><strong>portans</strong></span> <span class='ocrx_word' id='word_1_922' title='bbox 2487 4609 2668 4650; x_wconf 90' lang='lat' dir='ltr'><strong>secum</strong></span> <span class='ocrx_word' id='word_1_923' title='bbox 2697 4592 3047 4648; x_wconf 87' lang='lat' dir='ltr'><strong>substantiam</strong></span> <span class='ocrx_word' id='word_1_924' title='bbox 3073 4604 3246 4652; x_wconf 88' lang='lat' dir='ltr'><strong>suam,</strong></span> <span class='ocrx_word' id='word_1_925' title='bbox 3272 4597 3324 4644; x_wconf 91' lang='lat' dir='ltr'><strong>et</strong></span> <span class='ocrx_word' id='word_1_926' title='bbox 3354 4587 3492 4642; x_wconf 88' lang='lat' dir='ltr'><strong>sicut</strong></span> <span class='ocrx_word' id='word_1_927' title='bbox 3517 4601 3614 4640; x_wconf 90' lang='lat' dir='ltr'><strong>no-</strong></span> 
     </span>
    </p>
   </div>
   <div class='ocr_carea' id='block_1_109' title="bbox 2034 4676 3616 4756">
    <p class='ocr_par' dir='ltr' id='par_1_109' title="bbox 2034 4676 3616 4756">
     <span class='ocr_line' id='line_1_109' title="bbox 2034 4676 3616 4756; baseline -0.008 -12"><span class='ocrx_word' id='word_1_928' title='bbox 2034 4691 2206 4744; x_wconf 84' lang='lat' dir='ltr'><strong>vimus</strong></span> <span class='ocrx_word' id='word_1_929' title='bbox 2235 4689 2288 4742; x_wconf 93' lang='lat' dir='ltr'><strong>in</strong></span> <span class='ocrx_word' id='word_1_930' title='bbox 2332 4686 2649 4756; x_wconf 88' lang='lat' dir='ltr'><strong>Evangelio,</strong></span> <span class='ocrx_word' id='word_1_931' title='bbox 2699 4682 2976 4753; x_wconf 89' lang='lat' dir='ltr'><strong>dissipavit</strong></span> <span class='ocrx_word' id='word_1_932' title='bbox 3014 4695 3132 4736; x_wconf 90' lang='lat' dir='ltr'><strong>eam</strong></span> <span class='ocrx_word' id='word_1_933' title='bbox 3172 4680 3354 4734; x_wconf 84' lang='lat' dir='ltr'><strong>vivens</strong></span> <span class='ocrx_word' id='word_1_934' title='bbox 3394 4676 3616 4747; x_wconf 78' lang='lat' dir='ltr'><strong>prodige</strong></span> 
     </span>
    </p>
   </div>
   <div class='ocr_carea' id='block_1_110' title="bbox 2033 4767 3613 4842">
    <p class='ocr_par' dir='ltr' id='par_1_110' title="bbox 2033 4767 3613 4842">
     <span class='ocr_line' id='line_1_110' title="bbox 2033 4767 3613 4842; baseline -0.011 -5"><span class='ocrx_word' id='word_1_935' title='bbox 2033 4795 2153 4837; x_wconf 89' lang='lat' dir='ltr'><strong>cum</strong></span> <span class='ocrx_word' id='word_1_936' title='bbox 2184 4778 2582 4842; x_wconf 84' lang='lat' dir='ltr'><strong>meretricibus;</strong></span> <span class='ocrx_word' id='word_1_937' title='bbox 2616 4783 2672 4831; x_wconf 85' lang='lat' dir='ltr'><strong>et</strong></span> <span class='ocrx_word' id='word_1_938' title='bbox 2693 4773 2886 4830; x_wconf 87' lang='lat' dir='ltr'><strong>famem</strong></span> <span class='ocrx_word' id='word_1_939' title='bbox 2918 4786 3105 4840; x_wconf 89' lang='lat' dir='ltr'><strong>passus</strong></span> <span class='ocrx_word' id='word_1_940' title='bbox 3129 4769 3383 4839; x_wconf 89' lang='lat' dir='ltr'><strong>applicuit</strong></span> <span class='ocrx_word' id='word_1_941' title='bbox 3411 4781 3470 4834; x_wconf 82' lang='lat' dir='ltr'><strong>se</strong></span> <span class='ocrx_word' id='word_1_942' title='bbox 3494 4767 3613 4821; x_wconf 82' lang='lat' dir='ltr'><strong>cui-</strong></span> 
     </span>
    </p>
   </div>
   <div class='ocr_carea' id='block_1_111' title="bbox 2031 4858 3610 4941">
    <p class='ocr_par' dir='ltr' id='par_1_111' title="bbox 2031 4858 3610 4941">
     <span class='ocr_line' id='line_1_111' title="bbox 2031 4858 3610 4941; baseline -0.011 -14"><span class='ocrx_word' id='word_1_943' title='bbox 2031 4873 2152 4927; x_wconf 85' lang='lat' dir='ltr'><strong>dam</strong></span> <span class='ocrx_word' id='word_1_944' title='bbox 2194 4869 2424 4941; x_wconf 86' lang='lat' dir='ltr'><strong>principi</strong></span> <span class='ocrx_word' id='word_1_945' title='bbox 2449 4866 2682 4938; x_wconf 84' lang='lat' dir='ltr'><strong>regionis</strong></span> <span class='ocrx_word' id='word_1_946' title='bbox 2716 4865 2886 4931; x_wconf 88' lang='lat' dir='ltr'><strong>illius;</strong></span> <span class='ocrx_word' id='word_1_947' title='bbox 2917 4871 2972 4918; x_wconf 90' lang='lat' dir='ltr'><strong>et</strong></span> <span class='ocrx_word' id='word_1_948' title='bbox 2997 4863 3094 4918; x_wconf 81' lang='lat' dir='ltr'><strong>ille.</strong></span> <span class='ocrx_word' id='word_1_949' title='bbox 3125 4875 3246 4915; x_wconf 91' lang='lat' dir='ltr'><strong>eum</strong></span> <span class='ocrx_word' id='word_1_950' title='bbox 3273 4858 3450 4928; x_wconf 87' lang='lat' dir='ltr'><strong>porcis</strong></span> <span class='ocrx_word' id='word_1_951' title='bbox 3487 4870 3610 4925; x_wconf 89' lang='lat' dir='ltr'><strong>pas-</strong></span> 
     </span>
    </p>
   </div>
   <div class='ocr_carea' id='block_1_112' title="bbox 2032 4949 3614 5033">
    <p class='ocr_par' dir='ltr' id='par_1_112' title="bbox 2032 4949 3614 5033">
     <span class='ocr_line' id='line_1_112' title="bbox 2032 4949 3614 5033; baseline -0.013 -14"><span class='ocrx_word' id='word_1_952' title='bbox 2032 4963 2214 5020; x_wconf 90' lang='lat' dir='ltr'><strong>cendis</strong></span> <span class='ocrx_word' id='word_1_953' title='bbox 2239 4959 2546 5033; x_wconf 63' lang='lat' dir='ltr'><strong>praeposuit,</strong></span> <span class='ocrx_word' id='word_1_954' title='bbox 2573 4957 2642 5013; x_wconf 90' lang='lat' dir='ltr'><strong>de</strong></span> <span class='ocrx_word' id='word_1_955' title='bbox 2666 4971 2890 5027; x_wconf 83' lang='lat' dir='ltr'><strong>quorum</strong></span> <span class='ocrx_word' id='word_1_956' title='bbox 2915 4952 3168 5022; x_wconf 68' lang='lat' dir='ltr'><strong>siliquis.’</strong></span> <span class='ocrx_word' id='word_1_957' title='bbox 3195 4949 3440 5019; x_wconf 82' lang='lat' dir='ltr'><strong>cupiebat</strong></span> <span class='ocrx_word' id='word_1_958' title='bbox 3465 4955 3614 5004; x_wconf 84' lang='lat' dir='ltr'><strong>satu-</strong></span> 
     </span>
    </p>
   </div>
   <div class='ocr_carea' id='block_1_113' title="bbox 2031 5039 3612 5124">
    <p class='ocr_par' dir='ltr' id='par_1_113' title="bbox 2031 5039 3612 5124">
     <span class='ocr_line' id='line_1_113' title="bbox 2031 5039 3612 5124; baseline -0.013 -13"><span class='ocrx_word' id='word_1_959' title='bbox 2031 5057 2166 5124; x_wconf 87' lang='lat' dir='ltr'><strong>rari,</strong></span> <span class='ocrx_word' id='word_1_960' title='bbox 2201 5069 2298 5108; x_wconf 87' lang='lat' dir='ltr'><strong>nec</strong></span> <span class='ocrx_word' id='word_1_961' title='bbox 2337 5061 2566 5123; x_wconf 87' lang='lat' dir='ltr'><strong>poterat.</strong></span> <span class='ocrx_word' id='word_1_962' title='bbox 2597 5050 2724 5104; x_wconf 86' lang='lat' dir='ltr'><strong>Post</strong></span> <span class='ocrx_word' id='word_1_963' title='bbox 2747 5047 3009 5110; x_wconf 87' lang='lat' dir='ltr'><strong>laborem,</strong></span> <span class='ocrx_word' id='word_1_964' title='bbox 3039 5051 3094 5100; x_wconf 87' lang='lat' dir='ltr'><strong>et</strong></span> <span class='ocrx_word' id='word_1_965' title='bbox 3130 5043 3367 5098; x_wconf 88' lang='lat' dir='ltr'><strong>trituram</strong></span> <span class='ocrx_word' id='word_1_966' title='bbox 3390 5081 3406 5106; x_wconf 94' lang='lat'><strong>,</strong></span> <span class='ocrx_word' id='word_1_967' title='bbox 3435 5049 3490 5094; x_wconf 90' lang='lat' dir='ltr'><strong>et</strong></span> <span class='ocrx_word' id='word_1_968' title='bbox 3521 5039 3612 5092; x_wconf 86' lang='lat' dir='ltr'><strong>tri-</strong></span> 
     </span>
    </p>
   </div>
   <div class='ocr_carea' id='block_1_114' title="bbox 2033 5135 3608 5213">
    <p class='ocr_par' dir='ltr' id='par_1_114' title="bbox 2033 5135 3608 5213">
     <span class='ocr_line' id='line_1_114' title="bbox 2033 5135 3608 5213; baseline -0.012 -12"><span class='ocrx_word' id='word_1_969' title='bbox 2033 5146 2380 5212; x_wconf 81' lang='lat' dir='ltr'><strong>hulatiouem,</strong></span> <span class='ocrx_word' id='word_1_970' title='bbox 2407 5153 2458 5200; x_wconf 92' lang='lat' dir='ltr'><strong>et</strong></span> <span class='ocrx_word' id='word_1_971' title='bbox 2483 5149 2793 5213; x_wconf 84' lang='lat' dir='ltr'><strong>egestatem,</strong></span> <span class='ocrx_word' id='word_1_972' title='bbox 2824 5137 2965 5192; x_wconf 82' lang='lat' dir='ltr'><strong>venit</strong></span> <span class='ocrx_word' id='word_1_973' title='bbox 2995 5135 3070 5189; x_wconf 89' lang='lat' dir='ltr'><strong>illi</strong></span> <span class='ocrx_word' id='word_1_974' title='bbox 3095 5135 3148 5188; x_wconf 90' lang='lat' dir='ltr'><strong>iu</strong></span> <span class='ocrx_word' id='word_1_975' title='bbox 3176 5140 3408 5186; x_wconf 90' lang='lat' dir='ltr'><strong>mentem</strong></span> <span class='ocrx_word' id='word_1_976' title='bbox 3437 5138 3608 5199; x_wconf 87' lang='lat' dir='ltr'><strong>pater,</strong></span> 
     </span>
    </p>
   </div>
   <div class='ocr_carea' id='block_1_115' title="bbox 2033 5222 3610 5299">
    <p class='ocr_par' dir='ltr' id='par_1_115' title="bbox 2033 5222 3610 5299">
     <span class='ocr_line' id='line_1_115' title="bbox 2033 5222 3610 5299; baseline -0.011 -7"><span class='ocrx_word' id='word_1_977' title='bbox 2033 5249 2086 5292; x_wconf 89' lang='lat' dir='ltr'><strong>et</strong></span> <span class='ocrx_word' id='word_1_978' title='bbox 2113 5237 2279 5292; x_wconf 86' lang='lat' dir='ltr'><strong>voluit</strong></span> <span class='ocrx_word' id='word_1_979' title='bbox 2311 5236 2523 5299; x_wconf 87' lang='lat' dir='ltr'><strong>redire;</strong></span> <span class='ocrx_word' id='word_1_980' title='bbox 2553 5242 2606 5290; x_wconf 91' lang='lat' dir='ltr'><strong>et</strong></span> <span class='ocrx_word' id='word_1_981' title='bbox 2629 5233 2710 5288; x_wconf 87' lang='lat' dir='ltr'><strong>sic</strong></span> <span class='ocrx_word' id='word_1_982' title='bbox 2734 5231 2843 5285; x_wconf 88' lang='lat' dir='ltr'><strong>ait:</strong></span> <span class='ocrx_word' id='word_1_983' title='bbox 2875 5228 3118 5297; x_wconf 85' lang='lat' dir='ltr'><strong>Surgam,</strong></span> <span class='ocrx_word' id='word_1_984' title='bbox 3147 5233 3192 5279; x_wconf 86' lang='lat' dir='ltr'><strong>et</strong></span> <span class='ocrx_word' id='word_1_985' title='bbox 3221 5223 3300 5276; x_wconf 89' lang='lat' dir='ltr'><strong>ibo</strong></span> <span class='ocrx_word' id='word_1_986' title='bbox 3323 5222 3391 5276; x_wconf 86' lang='lat' dir='ltr'><strong>ad</strong></span> <span class='ocrx_word' id='word_1_987' title='bbox 3417 5231 3610 5290; x_wconf 85' lang='lat' dir='ltr'><strong>patrem</strong></span> 
     </span>
    </p>
   </div>
   <div class='ocr_carea' id='block_1_116' title="bbox 2033 5315 3608 5398">
    <p class='ocr_par' dir='ltr' id='par_1_116' title="bbox 2033 5315 3608 5398">
     <span class='ocr_line' id='line_1_116' title="bbox 2033 5315 3608 5398; baseline -0.01 -18"><span class='ocrx_word' id='word_1_988' title='bbox 2033 5343 2218 5382; x_wconf 85' lang='lat' dir='ltr'><strong>meum.</strong></span> <span class='ocrx_word' id='word_1_989' title='bbox 2251 5326 2494 5398; x_wconf 81' lang='lat' dir='ltr'><strong>Surgam,</strong></span> <span class='ocrx_word' id='word_1_990' title='bbox 2520 5323 2685 5386; x_wconf 80' lang='lat' dir='ltr'><strong>dixit;</strong></span> <span class='ocrx_word' id='word_1_991' title='bbox 2717 5320 2932 5388; x_wconf 78' lang='lat' dir='ltr'><strong>sederat</strong></span> <span class='ocrx_word' id='word_1_992' title='bbox 2947 5319 3110 5372; x_wconf 89' lang='lat' dir='ltr'><strong>enim.</strong></span> <span class='ocrx_word' id='word_1_993' title='bbox 3133 5315 3262 5387; x_wconf 90' lang='lat' dir='ltr'><strong>Ejus</strong></span> <span class='ocrx_word' id='word_1_994' title='bbox 3281 5328 3408 5383; x_wconf 83' lang='lat' dir='ltr'><strong>ergo</strong></span> <span class='ocrx_word' id='word_1_995' title='bbox 3427 5327 3608 5374; x_wconf 82' lang='lat' dir='ltr'><strong>vocem</strong></span> 
     </span>
    </p>
   </div>
   <div class='ocr_carea' id='block_1_117' title="bbox 2033 5408 3610 5491">
    <p class='ocr_par' dir='ltr' id='par_1_117' title="bbox 2033 5408 3610 5491">
     <span class='ocr_line' id='line_1_117' title="bbox 2033 5408 3610 5491; baseline -0.011 -16"><span class='ocrx_word' id='word_1_996' title='bbox 2033 5421 2120 5476; x_wconf 86' lang='lat' dir='ltr'><strong>hic</strong></span> <span class='ocrx_word' id='word_1_997' title='bbox 2147 5433 2376 5491; x_wconf 89' lang='lat' dir='ltr'><strong>agnosce</strong></span> <span class='ocrx_word' id='word_1_998' title='bbox 2399 5417 2643 5482; x_wconf 87' lang='lat' dir='ltr'><strong>dicentis,</strong></span> <span class='ocrx_word' id='word_1_999' title='bbox 2677 5413 2754 5468; x_wconf 75' lang='lat' dir='ltr'><strong>Tu</strong></span> <span class='ocrx_word' id='word_1_1000' title='bbox 2779 5411 3050 5483; x_wconf 82' lang='lat' dir='ltr'><strong>cognovisti</strong></span> <span class='ocrx_word' id='word_1_1001' title='bbox 3071 5408 3342 5466; x_wconf 79' lang='lat' dir='ltr'><strong>sessionem</strong></span> <span class='ocrx_word' id='word_1_1002' title='bbox 3365 5419 3528 5460; x_wconf 89' lang='lat' dir='ltr'><strong>meam</strong></span> <span class='ocrx_word' id='word_1_1003' title='bbox 3560 5413 3610 5466; x_wconf 85' lang='lat' dir='ltr'><strong>et</strong></span> 
     </span>
    </p>
   </div>
   <div class='ocr_carea' id='block_1_118' title="bbox 2097 5519 3616 5596">
    <p class='ocr_par' dir='ltr' id='par_1_118' title="bbox 2097 5519 3616 5596">
     <span class='ocr_line' id='line_1_118' title="bbox 2097 5519 3616 5596; baseline -0.009 -14"><span class='ocrx_word' id='word_1_1004' title='bbox 2097 5535 2113 5566; x_wconf 71' lang='grc' dir='ltr'>ί</span> <span class='ocrx_word' id='word_1_1005' title='bbox 2141 5533 2327 5596; x_wconf 77' lang='lat' dir='ltr'><strong>Aliquot</strong></span> <span class='ocrx_word' id='word_1_1006' title='bbox 2345 5539 2475 5594; x_wconf 66' lang='lat' dir='ltr'><strong>Mss,</strong></span> <span class='ocrx_word' id='word_1_1007' title='bbox 2501 5535 2613 5582; x_wconf 84' lang='lat' dir='ltr'><strong>Erat</strong></span> <span class='ocrx_word' id='word_1_1008' title='bbox 2634 5530 2808 5594; x_wconf 84' lang='lat' dir='ltr'><strong>quippe</strong></span> <span class='ocrx_word' id='word_1_1009' title='bbox 2843 5529 2894 5579; x_wconf 83' lang='lat' dir='ltr'><strong>in</strong></span> <span class='ocrx_word' id='word_1_1010' title='bbox 2931 5525 3220 5590; x_wconf 75' lang='lat' dir='ltr'><strong>longinquo:</strong></span> <span class='ocrx_word' id='word_1_1011' title='bbox 3245 5529 3297 5573; x_wconf 88' lang='lat' dir='ltr'><strong>et</strong></span> <span class='ocrx_word' id='word_1_1012' title='bbox 3317 5519 3460 5585; x_wconf 83' lang='lat' dir='ltr'><strong>paulo</strong></span> <span class='ocrx_word' id='word_1_1013' title='bbox 3481 5521 3616 5586; x_wconf 55' lang='lat' dir='ltr'><strong>post,</strong></span> 
     </span>
    </p>
   </div>
   <div class='ocr_carea' id='block_1_119' title="bbox 2033 5596 3142 5766">
    <p class='ocr_par' dir='ltr' id='par_1_119' title="bbox 2033 5596 3142 5766">
     <span class='ocr_line' id='line_1_119' title="bbox 2033 5596 2423 5658; baseline -0.01 -12"><span class='ocrx_word' id='word_1_1014' title='bbox 2033 5609 2124 5646; x_wconf 87' lang='lat' dir='ltr'><strong>non</strong></span> <span class='ocrx_word' id='word_1_1015' title='bbox 2143 5596 2280 5658; x_wconf 81' lang='lat' dir='ltr'><strong>longe</strong></span> <span class='ocrx_word' id='word_1_1016' title='bbox 2301 5601 2423 5645; x_wconf 88' lang='lat' dir='ltr'><strong>erat.</strong></span> 
     </span>
     <span class='ocr_line' id='line_1_120' title="bbox 2095 5649 3142 5766; baseline -0.006 -61"><span class='ocrx_word' id='word_1_1017' title='bbox 2095 5661 2115 5690; x_wconf 80' lang='grc'>³</span> <span class='ocrx_word' id='word_1_1018' title='bbox 2139 5659 2212 5728; x_wconf 71' lang='lat' dir='ltr'><strong>sic</strong></span> <span class='ocrx_word' id='word_1_1019' title='bbox 2235 5655 2401 5717; x_wconf 84' lang='lat' dir='ltr'><strong>plures</strong></span> <span class='ocrx_word' id='word_1_1020' title='bbox 2419 5661 2525 5704; x_wconf 79' lang='lat' dir='ltr'><strong>Mss.</strong></span> <span class='ocrx_word' id='word_1_1021' title='bbox 2553 5653 2662 5702; x_wconf 61' lang='grc' dir='ltr'><strong>γλιιι.</strong></span> <span class='ocrx_word' id='word_1_1022' title='bbox 2689 5665 2827 5714; x_wconf 81' lang='lat' dir='ltr'><strong>vero,</strong></span> <span class='ocrx_word' id='word_1_1023' title='bbox 2856 5649 3142 5766; x_wconf 41' lang='lat' dir='ltr'><strong>efﬂuxerat.</strong></span> 
     </span>
     <span class='ocr_line' id='line_1_121' title="bbox 2097 5715 3142 5766; baseline -0.005 0"><span class='ocrx_word' id='word_1_1024' title='bbox 2097 5721 2118 5751; x_wconf 84' lang='grc'>³</span> <span class='ocrx_word' id='word_1_1025' title='bbox 2141 5726 2222 5766; x_wconf 83' lang='lat' dir='ltr'><strong>itte</strong></span> <span class='ocrx_word' id='word_1_1026' title='bbox 2242 5723 2315 5766; x_wconf 84' lang='lat' dir='ltr'><strong>Er.</strong></span> <span class='ocrx_word' id='word_1_1027' title='bbox 2353 5726 2404 5766; x_wconf 89' lang='lat' dir='ltr'><strong>et</strong></span> <span class='ocrx_word' id='word_1_1028' title='bbox 2425 5723 2534 5766; x_wconf 88' lang='lat' dir='ltr'><strong>Lov.</strong></span> <span class='ocrx_word' id='word_1_1029' title='bbox 2570 5715 2766 5766; x_wconf 86' lang='lat' dir='ltr'><strong>addunt.</strong></span> <span class='ocrx_word' id='word_1_1030' title='bbox 2790 5721 2835 5766; x_wconf 91' lang='lat' dir='ltr'><strong>et</strong></span> <span class='ocrx_word' id='word_1_1031' title='bbox 2859 5727 2884 5766; x_wconf 89' lang='lat' dir='ltr'><strong>r</strong></span> <span class='ocrx_word' id='word_1_1032' title='bbox 2930 5727 3075 5766; x_wconf 73' lang='lat' dir='ltr'><strong>totius</strong></span> <span class='ocrx_word' id='word_1_1033' title='bbox 3099 5725 3142 5762; x_wconf 85' lang='lat' dir='ltr'><strong>.‘t</strong></span> 
     </span>
    </p>
   </div>
   <div class='ocr_carea' id='block_1_120' title="bbox 2097 5709 3608 5830">
    <p class='ocr_par' dir='ltr' id='par_1_120' title="bbox 2097 5709 3608 5830">
     <span class='ocr_line' id='line_1_122' title="bbox 2097 5709 3608 5830; baseline -0.007 -65"><span class='ocrx_word' id='word_1_1034' title='bbox 2097 5721 2118 5751; x_wconf 82' lang='grc'>³</span> <span class='ocrx_word' id='word_1_1035' title='bbox 2141 5709 2336 5830; x_wconf 52' lang='grc' dir='ltr'><strong>Ἢιιὶἶίικι</strong></span> <span class='ocrx_word' id='word_1_1036' title='bbox 2353 5726 2404 5769; x_wconf 90' lang='lat' dir='ltr'><strong>et</strong></span> <span class='ocrx_word' id='word_1_1037' title='bbox 2425 5723 2534 5770; x_wconf 86' lang='lat' dir='ltr'><strong>Lov.</strong></span> <span class='ocrx_word' id='word_1_1038' title='bbox 2570 5715 2772 5786; x_wconf 67' lang='lat' dir='ltr'><strong>addunt,</strong></span> <span class='ocrx_word' id='word_1_1039' title='bbox 2790 5709 2835 5766; x_wconf 83' lang='lat' dir='ltr'><strong>et</strong></span> <span class='ocrx_word' id='word_1_1040' title='bbox 2859 5709 3261 5792; x_wconf 41' lang='lat' dir='ltr'><strong>relimtiis&#39;muod</strong></span> <span class='ocrx_word' id='word_1_1041' title='bbox 3298 5719 3397 5762; x_wconf 68' lang='lat' dir='ltr'><strong>am.</strong></span> <span class='ocrx_word' id='word_1_1042' title='bbox 3431 5719 3480 5764; x_wconf 83' lang='lat' dir='ltr'><strong>et</strong></span> <span class='ocrx_word' id='word_1_1043' title='bbox 3502 5715 3608 5770; x_wconf 70' lang='lat' dir='ltr'><strong>uss.</strong></span> 
     </span>
     <span class='ocr_line' id='line_1_123' title="bbox 2097 5793 2353 5829; baseline 0 0"><span class='ocrx_word' id='word_1_1044' title='bbox 2097 5795 2132 5829; x_wconf 63' lang='grc' dir='ltr'><strong>ιιι</strong></span> <span class='ocrx_word' id='word_1_1045' title='bbox 2189 5793 2214 5829; x_wconf 92' lang='lat' dir='ltr'><strong>a</strong></span> <span class='ocrx_word' id='word_1_1046' title='bbox 2237 5793 2353 5829; x_wconf 80' lang='lat' dir='ltr'><strong>)Cll.</strong></span> 
     </span>
    </p>
   </div>
   <div class='ocr_carea' id='block_1_121' title="bbox 2037 5793 2353 5830">
    <p class='ocr_par' dir='ltr' id='par_1_121' title="bbox 2037 5793 2353 5830">
     <span class='ocr_line' id='line_1_124' title="bbox 2037 5793 2353 5830; baseline -0.003 0"><span class='ocrx_word' id='word_1_1047' title='bbox 2037 5793 2132 5830; x_wconf 85' lang='lat' dir='ltr'><strong>non</strong></span> <span class='ocrx_word' id='word_1_1048' title='bbox 2157 5793 2353 5830; x_wconf 83' lang='lat' dir='ltr'><strong>uaneut.</strong></span> 
     </span>
    </p>
   </div>
   <div class='ocr_carea' id='block_1_122' title="bbox 3679 295 3693 328">
    <p class='ocr_par' dir='ltr' id='par_1_122' title="bbox 3679 295 3693 328">
     <span class='ocr_line' id='line_1_125' title="bbox 3679 295 3693 328; baseline 0 0"><span class='ocrx_word' id='word_1_1049' title='bbox 3679 295 3693 328; x_wconf 82' lang='grc' dir='ltr'><em>Ι</em></span> 
     </span>
    </p>
   </div>
  </div>
