4080 6472
478 350 614 405 1787

475 463 881 516 resurrectionem
908 477 1086 516 neeum.
1119 458 1242 516 Sedi
1271 460 1322 514 in
1353 467 1607 529 egestate,
1637 459 1846 515 surrexi
1872 459 1922 511 in
1950 459 2059 514 de?

477 555 675 609 siderio
718 554 866 624 panis
902 554 997 608 tui.
1025 552 1328 607 Intellexisti
1349 553 1672 622 cogitationes
1693 569 1826 605 meas
1854 555 1913 605 de
1939 555 2048 606 latt-

474 648 678 714 ginquo.
711 645 892 715 Longe
916 645 1057 698 enim
1087 659 1232 699 eram
1262 644 1563 712 profectus;
1596 643 1687 697 sed
1719 643 1803 698 ubi
1834 660 1936 696 non
1967 653 2048 697 est

473 752 630 806 quem
650 736 1026 791 deserueram?
1049 735 1348 788 Intellexisti
1369 735 1690 804 cogitationes
1709 751 1842 786 meas
1860 735 1922 788 de
1938 741 2047 788 lon-

471 830 673 898 ginquo.
719 825 1001 896 Propterea
1045 826 1122 880 sic
1169 825 1296 880 dicit
1340 823 1594 878 Dominus
1637 825 1689 878 in
1722 823 2044 891 Evangelio,

470 921 590 990 quia
620 919 834 972 occurrit
857 919 937 972 illi
960 929 1102 987 pater
1129 919 1341 973 venienti
1367 918 1516 989 (Luc.
1541 935 1628 982 xv,
1654 918 1856 988 11-20).
1884 918 2042 986 Vere,

468 1011 588 1077 quia
621 1008 962 1064 intellexerat
997 1011 1343 1078 cogitationes
1371 1009 1484 1079 ejus
1516 1009 1582 1064 de
1613 1009 1916 1081 longinquo.
1947 1010 2043 1064 Se-

468 1103 642 1155 mitam
672 1119 832 1156 meam
870 1110 916 1156 et
954 1102 1155 1156 limitem
1194 1119 1360 1155 meum
1397 1102 1720 1172 investigasti.
1765 1102 2044 1169 Semitam,

465 1193 656 1260 inquit,
688 1208 848 1245 meam
871 1209 890 1248 :
919 1207 1097 1262 quam,
1133 1193 1231 1246 nisi
1263 1193 1475 1258 malam,
1509 1208 1665 1262 quam
1697 1191 1785 1246 ille
1810 1193 2044 1246 ambula-

464 1291 633 1347 verat,
667 1291 723 1335 ut
750 1292 951 1351 patrem
975 1282 1264 1348 desereret,
1289 1283 1439 1352 quasi
1467 1281 1706 1336 occultus
1728 1297 1844 1337 esse
1865 1291 2045 1350 posset

464 1373 531 1426 ah
557 1374 720 1428 oculis
745 1373 1098 1441 vindicantis;
1124 1383 1213 1428 aut
1244 1387 1369 1429 vero
1395 1374 1446 1427 in
1479 1373 1567 1427 illa
1594 1381 1828 1443 egestate
1853 1383 2040 1430 conte-

462 1475 692 1532 reretur,
719 1473 810 1519 aut
837 1480 1028 1535 porcos
1053 1481 1270 1536 pascere
1295 1476 1601 1535 poneretur,
1631 1467 1730 1519 nisi
1756 1475 1907 1534 pater
1933 1467 2041 1520 vel-

461 1555 532 1609 let
563 1556 828 1624 llagellare
857 1556 1201 1626 longinquum
1221 1598 1236 1623 ,
1269 1565 1327 1612 ut
1355 1557 1615 1624 reciperet
1648 1557 2041 1627 propinquum?

459 1645 600 1714 Ergo
645 1655 894 1714 tanquam
941 1645 1302 1715 deprehensus
1345 1645 1632 1716 fugitivus,
1683 1655 1938 1716 sequente
1981 1661 2040 1701 se

457 1735 688 1790 vindicta
733 1736 963 1806 legitima
1011 1737 1138 1804 Dei,
1179 1738 1494 1793 vindicantis
1523 1738 1574 1792 in
1604 1737 1911 1794 aﬁectiones
1938 1753 2036 1792 no-

457 1834 628 1894 stras,
674 1841 1006 1897 quacumque
1051 1828 1267 1882 ierimus
1305 1837 1360 1882 et
1400 1842 1735 1898 quocumque
1771 1829 2036 1898 progressi

456 1915 712 1971 fuerimus
741 1919 793 1982 ¹;
824 1927 1068 1989 tanquam
1102 1933 1230 1989 ergo
1266 1919 1632 1989 deprehensus
1671 1918 1923 1989 fugitivus
1949 1920 2031 1973 lo-

456 2007 638 2076 quitur
661 2025 675 2062 :
707 2008 952 2063 Semitam
978 2024 1139 2063 meam
1158 2051 1173 2076 ,
1205 2019 1251 2064 et
1279 2011 1486 2064 limitem
1514 2025 1678 2063 meum
1708 2009 2030 2080 inuestigasti.

454 2098 591 2166 Quid
621 2106 736 2163 est,
779 2100 1008 2154 semitam
1035 2101 1234 2154 meam?
1261 2099 1372 2168 Qua
1404 2099 1672 2170 profectus
1713 2116 1850 2156 sum.
1898 2099 2035 2167 Quid

453 2198 569 2252 est,
616 2191 824 2244 limitem
867 2192 1074 2246 meum?
1115 2192 1232 2259 Quo
1279 2208 1446 2262 usque
1494 2195 1733 2261 perveni.
1787 2195 2035 2249 Semitam

455 2288 679 2332 meamet
697 2278 905 2334 limitem
921 2297 1084 2335 meum
1101 2283 1428 2354 investigasti.
1448 2283 1625 2339 Limes
1643 2299 1791 2340 meus
1813 2285 1904 2340 ille
1919 2286 2036 2341 lon-

451 2357 680 2440 ginquus
695 2386 800 2426 non
821 2371 919 2427 fuit
934 2372 1091 2442 longe
1106 2373 1172 2429 ab
1184 2374 1353 2429 oculis
1375 2375 1478 2430 tuis
1499 2393 1511 2430 :
1535 2376 1755 2431 multum
1776 2380 1960 2442 ieram,
1979 2385 2034 2432 et

452 2468 510 2515 tu
529 2459 600 2515 ibi
621 2475 759 2515 eras.
787 2460 1032 2516 Semitam
1052 2479 1214 2517 meam
1232 2474 1278 2518 et
1299 2465 1505 2520 limitem
1526 2481 1688 2520 meum
1704 2468 2029 2539 investigasti.

524 2552 581 2606 6.
610 2549 758 2624 [uers.
786 2550 864 2624 4.]
914 2551 984 2607 Et
1018 2569 1190 2608 omnes
1239 2555 1346 2610 vias
1393 2573 1531 2612 meas
1579 2558 1870 2628 prandisti.
1918 2558 2031 2613 Non

449 2641 624 2710 dixit,
650 2640 827 2698 vidisti
852 2659 866 2707 ;
895 2643 990 2698 sed
1013 2683 1031 2711 ,
1062 2645 1356 2715 prmidisti.
1406 2646 1698 2716 Antequam
1738 2663 1830 2703 eas
1855 2649 1988 2704 irem
2012 2689 2028 2716 ,

451 2740 733 2801 antequam
755 2747 846 2787 eas
873 2733 1204 2791 ambularem
1231 2777 1247 2802 ,
1301 2736 1589 2806 prtevidisti
1613 2752 1744 2804 eas;
1804 2746 1860 2792 et
1905 2753 2029 2808 per-

451 2827 639 2881 misisti
666 2843 753 2882 me
784 2828 836 2882 in
865 2828 1044 2884 labore
1065 2829 1144 2884 ire
1168 2831 1280 2885 vias
1312 2845 1458 2885 meas
1477 2873 1492 2896 ,
1520 2843 1577 2884 ut
1597 2832 1639 2886 si
1663 2831 1856 2886 nollem
1885 2831 2031 2886 labo-

451 2931 602 2984 rare,
631 2917 862 2972 redirem
887 2918 942 2972 in
969 2919 1082 2973 vias
1103 2927 1240 2975 tuas.
1299 2920 1553 2986 Quoniam
1580 2937 1680 2974 non
1708 2931 1778 2975 est
1809 2921 1956 2975 dolus
1978 2921 2032 2974 in

455 3008 632 3078 lingua
658 3025 788 3062 mea.
812 3009 988 3077 Quare
1015 3010 1117 3064 hoc
1157 3010 1331 3065 dixit?
1359 3012 1489 3079 Quia
1530 3028 1657 3068 ecce
1684 3013 1852 3069 fateor
1901 3013 2027 3079 tibi;

453 3085 725 3153 ambulavi
774 3101 1014 3154 semitam
1053 3116 1226 3156 meam
1253 3143 1266 3166 ,
1311 3101 1482 3157 factus
1512 3119 1627 3158 sum
1656 3104 1971 3174 longinquus
1998 3119 2030 3158 a

451 3199 538 3251 te;
570 3188 792 3244 discessi
821 3204 852 3241 a
883 3199 933 3244 te
953 3231 966 3254 ,
999 3205 1119 3244 cum
1143 3206 1250 3260 quo
1279 3192 1410 3246 mihi
1452 3193 1587 3248 bene
1612 3205 1726 3248 erat
1747 3235 1762 3258 ,
1805 3203 1858 3248 et
1887 3194 2026 3248 bono

449 3296 572 3336 meo
601 3282 737 3338 male
759 3282 887 3336 mihi
917 3282 1012 3336 fuit
1039 3284 1154 3338 sine
1187 3295 1254 3339 te.
1288 3284 1418 3338 Nam
1465 3287 1508 3339 si
1539 3287 1666 3340 mihi
1711 3286 1847 3342 bene
1888 3294 2029 3340 esset

451 3373 569 3428 sine
596 3383 646 3428 te
669 3415 684 3441 ,
717 3375 913 3429 nollem
939 3375 1158 3430 forsitan
1190 3376 1364 3431 redire
1392 3376 1458 3431 ad
1490 3387 1560 3433 te.
1590 3378 1728 3448 Ergo
1769 3379 1865 3432 iste
1893 3393 2025 3432 con-

449 3463 606 3518 lltens
632 3472 845 3533 peccata
873 3480 987 3530 sua,
1013 3465 1194 3520 dicens
1213 3481 1404 3536 corpus
1425 3467 1620 3521 Christi
1645 3468 1986 3536 justilleatum
2011 3511 2023 3535 ,

453 3569 560 3608 non
590 3555 640 3608 in
672 3569 731 3609 se
757 3597 771 3620 ,
802 3555 896 3610 sed
928 3555 979 3608 in
1009 3555 1148 3610 illius
1185 3558 1350 3626 gratia
1371 3598 1386 3624 ,
1419 3558 1582 3625 dixit,
1617 3558 1736 3612 Non
1765 3570 1837 3614 est
1880 3558 2027 3613 dolus

447 3647 500 3699 in
527 3645 698 3714 lingua
721 3661 848 3700 mea.

499 3738 570 3790 '7.
588 3735 738 3809 [vers.
768 3736 848 3809 5.]
869 3737 998 3792 Ecce
1026 3750 1098 3805 tu,
1121 3738 1356 3806 Domine,
1382 3741 1652 3810 cognovisti
1671 3741 1837 3794 omnia
1862 3742 2028 3795 novis-

449 3830 577 3882 sima
623 3837 672 3881 et
709 3828 937 3898 antiqua.
988 3827 1292 3898 Cognovisti
1321 3829 1604 3882 novissima
1631 3844 1770 3895 mea,
1814 3829 2026 3898 quando

453 3934 642 3989 porcos
695 3920 815 3989 pavi
845 3936 859 3980 ;
913 3920 1204 3988 cognovisti
1245 3921 1463 3990 antiqua
1490 3936 1610 3976 mea
1633 3962 1649 3988 ,
1679 3921 1890 3991 quando
1915 3937 1942 3974 a
1977 3933 2028 3976 te

452 4021 660 4080 partem
686 4009 995 4065 substantia
1024 4025 1157 4065 mea:
1185 4011 1442 4080 expetivi.
1490 4011 1718 4080 Antiqua
1759 4011 1887 4064 mihi
1916 4010 2029 4066 fue-

447 4113 573 4159 runt
600 4103 815 4159 exordia
843 4103 1100 4158 malorum
1131 4104 1560 4158 uovissimorum.
1592 4105 1878 4173 Antiquom
1906 4118 2028 4173 pec-

446 4193 882 4264 catum,-quando
904 4194 1036 4262 lapsi
1064 4209 1267 4259 sumus;
1287 4194 1576 4248 novissima
1609 4208 1785 4264 paena,
1811 4193 2024 4263 quando

446 4284 503 4342 in
559 4284 712 4338 istam
759 4283 1136 4338 mortalitatem
1198 4282 1516 4338 laboriosam
1569 4283 2026 4353 periculosamque

447 4374 808 4447 pervenimus.
835 4372 1010 4441 Atque
1036 4370 1232 4426 utinam
1267 4371 1418 4427 nobis
1466 4372 1563 4425 ista
1603 4372 1671 4426 sit
1696 4371 1981 4428 novissima
2009 4374 2022 4427 ι

448 4466 560 4520 Erit
588 4466 685 4520 ista
717 4463 1043 4528 novissima,
1072 4465 1116 4517 si
1160 4463 1268 4534 jam
1319 4463 1496 4518 redire
1548 4465 1890 4519 voluerimus.
1932 4464 2029 4518 Est

447 4557 588 4612 enim
617 4557 717 4610 alia
746 4555 1058 4625 quibusdam
1091 4556 1266 4623 impiis
1291 4554 1575 4611 novissima
1595 4593 1613 4621 ,
1643 4554 1832 4624 quibus
1880 4555 2026 4609 dice-

446 4656 536 4703 tur
565 4664 578 4700 :
612 4645 692 4701 Ite
717 4647 770 4700 in
797 4647 964 4717 ignem
990 4656 1226 4700 cternum
1249 4688 1265 4713 ,
1291 4647 1376 4717 qui
1403 4654 1715 4716 praeparatus
1735 4657 1808 4698 est
1827 4645 2027 4698 diabolo

447 4749 495 4794 et
523 4739 714 4811 angelis
739 4740 848 4809 ejus
869 4741 888 4809 (
911 4738 1099 4793 Matth.
1129 4755 1261 4804 xxv,
1291 4740 1352 4793 41
1387 4737 1426 4810 ).
1456 4737 1564 4794 Nos
1583 4747 1780 4802 autem,
1813 4737 2014 4794 fratres

452 4832 559 4887 huc
587 4846 754 4902 usque
773 4831 1106 4887 deseruimus
1137 4833 1302 4886 Deum
1336 4850 1348 4884 :
1378 4846 1543 4901 usque
1587 4830 1654 4885 ad
1703 4830 1862 4899 hujus
1907 4838 2026 4884 vita:

447 4924 825 4980 mortalitatem
859 4923 1087 4979 sufficiat
1114 4923 1263 4977 labor
1313 4931 1512 4978 noster.
1544 4922 1906 4977 Recordemur
1935 4935 2027 4991 pa-

453 5033 574 5072 nem
603 5017 777 5072 Patris
825 5016 1026 5081 nostri,
1075 5015 1375 5070 recolamus
1407 5014 1785 5070 beatitudinem
1835 5013 2027 5068 domus

449 5110 618 5180 patris
657 5108 864 5175 nostri;
895 5121 1000 5162 non
1032 5122 1131 5162 nos
1169 5106 1433 5162 delectent
1458 5106 1663 5176 siliquae
1708 5121 1987 5175 porcorum
2008 5145 2024 5167 .

447 5200 704 5256 doctrinae
735 5199 1140 5254 daemoniorum.
1174 5198 1306 5253 Ecce
1331 5208 1384 5252 tu
1407 5239 1420 5263 ,
1465 5198 1684 5253 Domine
1704 5239 1719 5265 ,
1747 5198 2032 5278 cognovisti.

446 5292 616 5346 omnia
639 5291 908 5346 novissima
935 5300 982 5343 et
1009 5290 1218 5362 antiqua
1245 5307 1260 5344 :
1293 5290 1562 5344 nouissima
1585 5331 1600 5356 ,
1633 5304 1739 5359 quo
1765 5291 1982 5358 perveni
2007 5307 2022 5356 ;

449 5382 687 5454 antiqua,
716 5380 802 5436 ubi
824 5389 878 5435 te
897 5379 1112 5435 oﬁ'endi.
1142 5379 1223 5435 Tu
1238 5380 1429 5449 [intristi
1453 5396 1550 5446 me,
1577 5388 1622 5434 et
1647 5380 1858 5450 posuisti
1877 5396 2030 5450 super

446 5490 526 5528 me
553 5490 758 5529 manum
779 5482 935 5528 tuam.
960 5471 1181 5527 Finxiin
1207 5487 1285 5526 me
1306 5485 1325 5526 :
1348 5471 1463 5526 ubi?
1478 5470 1533 5525 In
1562 5471 1660 5525 ista
1687 5470 2025 5535 mortalitate;

442 5582 553 5636 iam
584 5567 648 5622 ad
680 5566 924 5632 labores,
974 5564 1040 5620 ad
1067 5581 1200 5636 quos
1252 5578 1439 5620 omnes
1493 5563 1600 5617 nati
1655 5578 1860 5618 sumus.
1914 5562 2026 5618 Non

483 5705 530 5817 ιι
552 5700 893 5816 ὲιίδῖλίἁὲιροδῑ,
917 5699 1168 5766 fuerimus,
1188 5699 1396 5761 additur,
1421 5699 1718 5764 agnoseimur
1741 5698 2027 5759 :rcdundat,

524 5779 552 5816 ιι
605 5778 639 5798 ι·
679 5776 704 5812 a

452 5776 502 5816 ει
524 5776 662 5816 aDL'Sl
679 5776 704 5812 8
724 5776 827 5814 διεδ.

1714 347 1769 402 S.
1811 346 1946 403 AUC
1959 346 2172 401 L'STINI
2216 348 2515 406 EPISCOPI

3604 360 3741 416 1783

2160 461 2300 516 enim
2325 463 2600 532 quisquam
2631 465 2886 531 nascitur,
2935 465 3034 522 nisi
3063 483 3217 536 quem
3249 467 3387 522 Deus
3420 467 3629 524 finxerit
3687 473 3738 526 in

2156 562 2305 607 utero
2331 557 2514 610 matris
2540 571 2649 610 sua:
2673 574 2685 622 ;
2711 565 2802 611 aut
2833 558 2936 611 ulla
2966 569 3210 613 creatura
3245 571 3325 614 est
3349 561 3500 629 cujus
3524 580 3626 616 non
3654 577 3738 618 cst

2153 642 2242 695 ille
2271 645 2578 711 plasmator.
2603 646 2705 702 Sed
2736 648 2928 716 ﬁnxisti
2956 665 3034 701 me
3074 650 3124 702 in
3173 651 3274 704 isto
3317 651 3496 706 labore
3526 671 3539 706 :
3566 669 3611 706 e.‘
3643 671 3736 721 po-

2151 733 2296 786 suisli
2323 751 2474 804 super
2499 751 2576 789 me
2604 753 2806 789 manum
2833 746 2970 790 tuam
2991 754 3011 802 ,'
3041 739 3300 794 vindicem
3348 755 3584 804 manum,
3617 759 3739 812 gra-
3781 761 3788 768 '

2152 827 2360 870 vautem
2391 820 2695 888 superbum.
2719 820 2793 874 Ita
2815 823 2956 876 enim
2986 823 3269 878 salubriter
3291 825 3482 893 deiecit
3511 827 3734 892 elatum,

2152 917 2210 962 ut
2237 911 2402 980 erigat
2428 911 2706 970 humilem.
2749 912 2830 968 Tu
2857 915 3054 984 ﬁnxisti
3083 933 3162 971 me
3183 957 3197 982 ,
3243 927 3288 971 et
3323 920 3535 987 posuisti
3581 938 3739 992 super

2150 1014 2230 1052 ιιιε
2256 1017 2458 1053 manum
2485 1011 2644 1056 tuam.

2219 1091 2271 1144 8.
2305 1089 2453 1162 [νει-ε.
2484 1091 2562 1164 6].
2588 1093 2862 1162 Miriﬁcata
2891 1105 2964 1150 est
2989 1097 3198 1152 scientia
3235 1107 3322 1152 tua
3345 1116 3409 1154 ea:
3445 1118 3564 1156 me:
3590 1103 3736 1156 inua-

2149 1179 2283 1242 luit;
2318 1197 2417 1233 non
2466 1192 2637 1251 potero
2677 1183 2746 1237 ad
2791 1183 2958 1239 illaut.
3003 1185 3215 1255 Aliquid
3257 1189 3397 1258 quod
3443 1191 3730 1246 obscurum

2147 1269 2359 1334 quidem
2388 1279 2490 1336 est,
2513 1272 2606 1328 sed
2628 1288 2748 1328 cum
2779 1290 2883 1329 non
2911 1290 3069 1346 parva
3093 1275 3377 1334 dulcedine
3397 1281 3728 1352 intelligitur,

2145 1359 2481 1416 advertentes
2508 1363 2702 1417 audite.
2727 1365 2935 1436 Moyses
2956 1378 3174 1422 sanctus
3206 1371 3296 1424 Dei
3324 1370 3569 1435 famulus,
3603 1388 3728 1427 cum

2145 1465 2250 1519 quo
2278 1450 2592 1520 loquebatur
2623 1454 2762 1509 Deus
2817 1472 2911 1525 per
2936 1459 3164 1524 nubem,
3213 1462 3336 1530 quia
3365 1464 3741 1531 temporalitcr-

2144 1539 2364 1610 loquens
2385 1543 2566 1612 utique
2597 1559 2692 1614 per
2717 1557 3040 1616 assumptam
3066 1559 3361 1604 creaturam
3412 1553 3731 1622 [equebator

2143 1644 2298 1685 servo
2319 1647 2450 1699 suo;
2484 1633 2536 1687 id
2566 1643 2678 1700 est,
2710 1651 2816 1690 non
2865 1653 2962 1706 per
3007 1639 3355 1694 substantiam
3394 1657 3542 1696 suam
3568 1685 3585 1711 ,
3629 1644 3734 1700 sed.

2143 1736 2240 1790 per
2261 1732 2583 1792 assumptam
2611 1726 2844 1795 aliquam
2871 1730 3204 1797 corporalem
3243 1741 3542 1787 creaturam
3569 1774 3582 1798 ,
3630 1750 3728 1804 per

2142 1827 2299 1882 quam
2329 1830 2488 1870 voces
2516 1815 2621 1870 illa:
2646 1817 2857 1884 fierent,
2882 1828 2937 1873 et
2959 1818 3206 1875 humanis
3223 1830 3383 1893 atque
3412 1825 3728 1880 mortalibus

2141 1905 2356 1960 auribus
2387 1917 2733 1976 personarent
2764 1909 2875 1979 (Sic
2899 1911 3040 1964 enim
3074 1913 3387 1982 loquebatur
3414 1924 3540 1969 tunc
3562 1916 3723 1982 Deus,

2141 2010 2245 2048 non
2277 1995 2544 2065 quomodo
2574 1996 2812 2067 loquitur
2857 1999 2908 2053 in
2938 2000 3235 2055 substantia
3282 2016 3400 2056 sua.
3442 2005 3726 2068 Quomodo

2141 2087 2280 2142 enim
2312 2088 2542 2157 loquitur
2572 2089 2623 2143 in
2653 2091 2945 2145 substantia
2975 2091 3110 2146 sua?
3140 2093 3364 2148 Locutio
3417 2095 3509 2150 Dei
3534 2137 3550 2161 ,
3581 2096 3724 2152 Ver-

2140 2179 2264 2235 bum
2296 2179 2389 2235 Dei
2414 2190 2517 2247 est;
2537 2181 2770 2237 Verbum
2803 2183 2895 2238 Dei
2924 2184 3170 2240 Christus
3191 2196 3274 2240 est
3298 2205 3310 2240 :
3334 2187 3568 2242 Verbum
3592 2189 3724 2245 illud

2139 2284 2244 2325 non
2271 2278 2426 2324 sonat
2477 2278 2531 2325 et
2578 2273 2802 2337 transit,
2838 2272 2932 2327 sed
2959 2289 3170 2343 semper
3217 2277 3730 2334 incommutabiliter

2138 2368 2317 2414 manet
2347 2356 2610 2425 Verbum,
2645 2377 2742 2431 per
2769 2364 2908 2431 quod
2959 2363 3098 2418 facta
3145 2374 3268 2418 sunt
3313 2368 3489 2421 omnia
3518 2367 3722 2438 (Joan.

2138 2464 2176 2515 ι,
2209 2449 2299 2519 5).
2329 2447 2426 2504 Cui
2455 2449 2632 2506 Verbo
2661 2451 2856 2506 dicitur
2882 2452 3031 2524 (ipsa
3062 2461 3145 2509 est
3179 2457 3322 2509 enim
3368 2466 3422 2511 et
3451 2457 3721 2526 Sapientia

2139 2536 2254 2608 Dei)
2283 2556 2296 2603 ;
2333 2539 2383 2592 Μ
2391 2541 2552 2596 utabis
2577 2558 2660 2608 ea,
2687 2551 2735 2596 et
2756 2544 3123 2609 mutabuntur;
3164 2554 3217 2598 tu
3264 2557 3432 2600 autem
3456 2549 3586 2603 idem
3613 2550 3727 2618 ipse

2135 2644 2190 2682 es
2216 2628 2234 2699 (
2259 2628 2400 2683 Psal.
2431 2645 2506 2698 ei,
2533 2630 2624 2696 27,
2657 2631 2726 2688 28
2757 2633 2776 2703 )
2809 2651 2822 2688 :
2852 2642 2904 2688 et
2932 2634 3038 2688 alio
3069 2635 3187 2690 loco
3213 2635 3282 2692 de
3306 2637 3571 2707 Sapientia
3597 2656 3721 2695 cum

2136 2719 2406 2791 Scriptura
2459 2723 2694 2780 diceret:
2749 2724 2817 2780 In
2859 2727 3028 2796 seipse
3069 2745 3278 2783 manens
3303 2772 3318 2796 ,
3350 2731 3463 2798 ait,
3514 2733 3724 2786 innovat

2137 2813 2496 2885 omnia(Sap.
2540 2833 2632 2884 vn,
2681 2816 2812 2888 27).
2844 2817 2932 2872 Illa
2962 2836 3091 2890 ergo
3135 2821 3408 2891 Sapientia
3453 2834 3597 2879 stans
3629 2827 3718 2895 (si

2135 2901 2238 2959 dici
2264 2905 2422 2960 debet
2449 2907 2528 2961 vel
2576 2918 2724 2964 stans
2758 2927 2771 2963 :
2800 2909 2991 2965 dicitur
3019 2920 3194 2966 autem
3245 2923 3464 2983 propter
3514 2916 3722 2970 incom-

2136 2996 2560 3062 mutabilitatcm,
2587 3015 2693 3053 non
2720 3009 2933 3071 propter
2963 3002 3418 3075 immobilitatem)
3450 3015 3503 3059 ct
3525 3007 3716 3062 eodem

2135 3087 2294 3143 modo
2321 3104 2378 3144 se
2404 3105 2614 3160 semper
2641 3093 2877 3160 habens,
2910 3094 3057 3150 nullo
3102 3095 3254 3164 loco,
3289 3097 3435 3150 nullo
3478 3105 3719 3168 tempore

2134 3179 2374 3247 variata,
2434 3197 2693 3251 nusquam
2737 3183 2894 3238 aliter
2936 3200 3095 3254 quam
3137 3185 3223 3241 hic
3272 3196 3364 3240 aut
3421 3187 3536 3254 ibi,
3580 3204 3718 3242 nunc

2134 3286 2291 3338 quam
2323 3272 2478 3327 aliter
2503 3289 2662 3342 quam
2700 3289 2840 3329 nunc
2885 3285 2977 3330 aut
3004 3285 3194 3342 antea,
3242 3277 3353 3346 ipsa
3382 3285 3464 3332 est
3516 3279 3718 3332 locutio

2136 3362 2251 3418 Dei.
2284 3363 2504 3419 Locutio
2532 3381 2658 3420 vero
2687 3366 2773 3419 illa
2805 3381 2920 3435 qua:
2949 3367 3110 3422 ﬁebat
3135 3367 3201 3422 ad
3233 3368 3446 3438 Moysen
3477 3410 3490 3433 ,
3519 3368 3585 3423 ad
3613 3369 3716 3423 ho-

2135 3453 2331 3506 minem
2383 3453 2539 3508 ﬁebat
2586 3471 2679 3524 per
2705 3455 2932 3526 syllabas
2956 3496 2972 3522 ,
3008 3471 3103 3525 per
3144 3466 3479 3511 transeuntes
3528 3472 3711 3512 sonos.

2132 3542 2249 3597 Non
2290 3553 2467 3600 autem
2512 3545 2698 3600 tierent
2738 3546 2867 3611 ista,
2917 3547 3016 3601 nisi
3048 3547 3186 3602 Deus
3233 3556 3530 3603 assumeret
3557 3549 3712 3603 talem

2132 3645 2466 3699 creaturam,
2544 3651 2635 3705 per
2695 3651 2853 3706 quam
2922 3635 3223 3707 bujusmodi
3287 3653 3590 3694 sermonem
3660 3648 3715 3692 et

2133 3739 2292 3779 voces
2342 3725 2657 3795 emitteret)
2718 3741 2730 3777 :
2775 3725 2984 3796 Moyses
3027 3736 3241 3782 sanctus
3282 3737 3502 3782 noverat
3559 3730 3712 3782 istam

2133 3815 2454 3869 locutionem
2523 3815 2616 3870 Dei
2685 3817 2970 3885 assumptis
3031 3818 3348 3887 quibusdam
3438 3821 3713 3889 corporeis

2131 3907 2389 3961 creaturis
2437 3907 2588 3972 fieri;
2643 3917 2696 3960 et
2746 3907 3070 3964 desideravit
3108 3918 3162 3964 et
3191 3910 3492 3979 concupivit
3525 3910 3708 3966 videre

2132 3994 2298 4063 ipsam
2331 3996 2562 4065 speciem
2593 3995 2724 4062 Dei,
2781 4005 2836 4051 et
2887 3998 3120 4068 loquenti
3179 4014 3359 4054 secum
3394 4000 3500 4054 Deo
3528 4000 3661 4054 dixit
3694 4016 3707 4053 :

2133 4085 2194 4141 Si
2219 4087 2384 4140 inveni
2413 4088 2629 4157 gratiam
2674 4099 2792 4141 ante
2844 4098 2926 4155 te,
2973 4089 3179 4144 ostende
3203 4091 3326 4144 mihi
3375 4093 3710 4160 temetipsum.

2132 4176 2260 4232 Cum
2291 4176 2390 4232 hoc
2420 4177 2762 4234 vehementer
2788 4181 3223 4250 concupisceret,
3252 4190 3304 4236 et
3334 4181 3436 4236 hoc
3461 4182 3709 4250 quadam,

2132 4269 2178 4323 si
2222 4268 2504 4324 dicendum
2529 4279 2644 4337 est,
2698 4269 2868 4326 amica
2924 4270 3315 4338 familiaritate,
3345 4287 3448 4342 qua
3479 4273 3590 4341 ipse
3629 4273 3712 4326 di-

2131 4368 2321 4428 gnatus
2341 4368 2443 4426 est,
2468 4369 2786 4430 extorquere
2808 4362 2968 4416 vellet
2991 4363 3120 4428 Deo,
3150 4372 3205 4416 ut
3222 4363 3426 4418 videret
3455 4363 3570 4433 ejus
3600 4379 3713 4417 ma-

2128 4453 2371 4522 jestatem
2396 4462 2450 4507 et
2476 4452 2692 4519 faciem,
2721 4453 2986 4524 quomodo
3011 4453 3116 4508 dici
3163 4464 3342 4525 potest
3371 4455 3530 4510 facies
3571 4455 3668 4509 Dei
3693 4473 3707 4521 ;

2131 4543 2204 4596 ait
2229 4543 2304 4597 illi
2358 4560 2370 4596 :
2429 4542 2546 4597 Non
2591 4555 2727 4613 potes
2771 4545 2936 4598 videre
2981 4546 3161 4616 [aciem
3189 4563 3555 4600 meummeum
3578 4548 3713 4599 enim

2132 4635 2252 4687 vidit
2276 4635 2453 4704 faciem
2490 4651 2649 4688 meum
2670 4678 2685 4701 ,
2715 4645 2759 4689 et
2784 4636 2925 4689 vixit.
2957 4635 3064 4691 Sed
3087 4653 3270 4706 ponam
3297 4647 3342 4690 te
3373 4638 3424 4689 in
3469 4637 3710 4707 spelunca

2132 4735 2286 4794 petra:
2305 4765 2320 4790 ,
2348 4734 2395 4777 et
2421 4723 2640 4778 transibo
2660 4766 2674 4791 ,
2703 4734 2748 4779 et
2777 4741 2963 4797 ponant
3000 4743 3152 4795 super
3190 4737 3236 4780 te
3271 4743 3478 4779 manant
3505 4742 3665 4779 nicum
3693 4743 3710 4791 ;

2132 4832 2246 4867 cum
2274 4825 2438 4868 autem
2463 4817 2736 4882 transiero,
2785 4819 3087 4887 posterriora
3133 4834 3243 4870 mea
3287 4817 3473 4871 uidebis
3519 4816 3713 4888 (Exod

2134 4923 2318 4974 xxxiii,
2347 4907 2539 4978 9-23).
2594 4907 2661 4962 Et
2705 4924 2767 4962 ex
2823 4908 2905 4963 his
2943 4909 3118 4964 verbis
3166 4919 3346 4963 natum
3375 4919 3458 4964 est
3484 4909 3710 4962 alterum

2132 5001 2357 5069 {enigma
2385 5040 2400 5064 ,
2428 4999 2476 5053 id
2510 5009 2590 5054 est
2615 5000 2836 5054 obscura
2868 4999 3106 5069 quredam
3140 5000 3303 5070 figura
3352 5015 3550 5054 rerum.
3586 4997 3713 5051 Cum

2136 5090 2376 5144 transiero
2401 5131 2415 5156 ,
2441 5091 2714 5159 posteriora
2739 5105 2848 5141 mea
2871 5089 3055 5142 videbis
3076 5131 3089 5154 ,
3113 5089 3242 5143 dicit
3265 5089 3402 5144 Deus
3426 5105 3439 5153 ;
3470 5088 3617 5158 quasi
3639 5099 3709 5142 ex

2134 5180 2236 5235 alia
2267 5189 2418 5250 parte
2448 5181 2636 5234 habeat
2693 5181 2910 5243 faciem,
2958 5197 3024 5235 ex
3073 5181 3173 5235 alia
3201 5181 3440 5235 dorsum.
3487 5179 3637 5233 Absit
3679 5193 3711 5231 a

2134 5272 2288 5326 nobis
2318 5273 2422 5326 tale
2449 5271 2648 5341 aliquid
2679 5271 2744 5325 de
2769 5272 2855 5326 illa
2883 5271 3153 5340 Majestate
3182 5271 3398 5343 sentire.
3444 5269 3575 5324 Nam
3621 5269 3712 5338 qui

2134 5363 2235 5417 hoc
2272 5363 2523 5418 seutitde
2551 5363 2692 5429 Deo,
2742 5361 2866 5432 quid
2921 5363 2969 5417 ei
3024 5361 3237 5432 prodest
3265 5360 3404 5432 quod
3449 5359 3645 5429 templa
3696 5359 3711 5390 ¹

2134 5455 2314 5511 clausa
2345 5455 2509 5509 sunt?
2535 5453 2735 5508 Idolum
2766 5453 2817 5508 in
2839 5453 2999 5509 corde
3024 5470 3120 5509 suo
3146 5454 3384 5508 fabricat.
3418 5451 3554 5507 Sunt
3586 5466 3713 5522 ergo

2199 5577 2214 5604 ι
2243 5580 2341 5620 Am.
2369 5579 2420 5620 et
2443 5577 2538 5629 Er.,
2562 5569 2737 5634 templa
2765 5570 2867 5620 Dei.
2893 5578 3011 5628 Vox,
3048 5569 3148 5629 Dei,
3172 5583 3282 5632 qua:
3300 5583 3396 5634 non
3418 5571 3465 5620 in
3489 5568 3717 5617 omnibus

2135 5641 2241 5682 Mss.
2268 5640 2445 5684 exstat.
2472 5633 2644 5680 merito
2667 5639 2919 5693 expuncta
2947 5639 3022 5680 est
3056 5646 3144 5693 per
3179 5633 3530 5693 Lovauienscs,
3561 5636 3615 5677 ut
3648 5641 3714 5677 ne

2136 5697 2226 5743 alia
2245 5707 2388 5756 quam
2415 5693 2648 5756 idolorum
2671 5690 2851 5756 templa
2883 5690 3192 5742 clausa'esse
3221 5692 3560 5756 intelligantur
3576 5701 3712 5756 ,ερ-

2138 5769 2243 5810 rum
2257 5751 2441 5806 scilicet
2454 5753 2584 5805 cultu
2603 5755 2723 5805 vetit
2743 5751 2852 5818 iper
2868 5759 3209 5816 tmperatorum
3220 5754 3376 5818 leges,
3389 5751 3710 5805 abanno391.
