4038 6462
283 329 420 386 I789

282 446 333 501 in
361 443 466 498 illis
488 441 662 496 verbis
692 454 877 510 magna
904 437 1172 509 mysteria.
1219 437 1556 507 Loquebatur
1582 437 1853 504 Dominus,

280 543 337 588 ut
357 533 466 587 dixi
487 573 501 597 ,
530 547 623 602 per
644 538 936 585 creaturam
957 570 970 593 ,
1003 527 1271 598 quomodo
1319 529 1482 582 vellet
1510 526 1707 581 famulo
1736 541 1851 580 suo.

279 621 550 681 intellecta
580 634 661 679 est
691 624 795 677 illic
822 637 1046 690 persona
1071 621 1232 690 ipsius
1257 621 1461 674 Domini
1490 629 1542 675 et
1569 619 1858 673 Salvatoris

279 716 449 772 nostri
473 715 600 771 Jesu
644 713 860 769 Christi.
912 713 1010 778 Qui
1056 711 1268 780 quidem
1316 710 1603 765 secundum
1634 709 1855 764 formam

278 808 408 873 Dei,
440 821 542 877 qua
567 805 784 876 aequalis
821 814 903 859 est
948 803 1119 868 Patri,
1147 803 1388 857 similiter
1417 803 1584 857 oculis
1614 801 1858 855 humanis

276 897 559 953 invisibilis
587 904 705 962 est,
731 895 867 949 sicut
895 902 948 948 et
975 894 1152 948 Pater.
1178 892 1234 948 Si
1262 893 1403 965 enim
1449 891 1705 960 sapientia
1752 891 1855 944 hu-

275 1002 436 1042 mana
459 985 626 1042 videri
651 985 822 1040 oculis
869 999 974 1038 non
1019 991 1231 1054 potest,
1263 981 1447 1036 Virtus
1493 990 1546 1036 et
1589 980 1856 1048 Sapientia

276 1079 372 1142 Dei
398 1076 564 1133 videri
586 1077 755 1132 oculis
781 1075 989 1130 carneis
1040 1073 1255 1144 potest?
1309 1070 1413 1128 Sed
1442 1071 1562 1141 quia
1593 1081 1708 1125 erat
1749 1069 1857 1125 Do-

275 1170 453 1224 minus
479 1177 777 1238 opportuno
826 1176 1067 1234 tempore
1094 1171 1321 1231 fcarnem
1362 1170 1704 1230 suscepturus
1729 1201 1744 1224 ,
1800 1168 1857 1214 ut

274 1259 446 1314 oculis
469 1259 627 1313 etiam
672 1255 881 1312 carneis
935 1264 1151 1325 propter
1195 1252 1561 1306 salubritatem
1610 1249 1858 1305 curanda:

274 1350 419 1405 intus
466 1349 661 1404 mentis
707 1356 1014 1416 appareret,
1048 1342 1258 1414 quando
1309 1342 1378 1396 ita
1430 1357 1686 1411 apparere
1723 1357 1858 1410 opus

273 1437 586 1504 esset;hoc
635 1436 929 1508 praedicens
986 1432 1152 1504 Moysi
1208 1431 1430 1501 ﬁgurate
1485 1431 1596 1495 ait,
1653 1428 1857 1483 Faciem

272 1545 438 1584 meam
462 1528 627 1583 videre
655 1543 756 1581 non
805 1536 982 1596 potes;
1034 1523 1312 1591 posteriora
1352 1537 1462 1574 mea
1490 1521 1676 1574 videbis
1700 1561 1714 1586 ,
1763 1520 1855 1574 sed

270 1637 388 1677 cum
413 1619 656 1674 transiero
687 1634 705 1672 :
734 1627 789 1671 ut
820 1623 994 1670 autem
1046 1627 1150 1666 non
1194 1611 1375 1666 videas
1405 1610 1592 1665 faciem
1639 1626 1812 1664 meam
1837 1651 1852 1674 ,

271 1727 464 1769 manus
489 1726 607 1767 mea
635 1711 731 1765 erit
763 1723 924 1779 super
951 1715 1023 1760 te.
1053 1704 1301 1759 Transire
1327 1701 1451 1773 quid
1476 1702 1573 1755 fuit
1605 1701 1849 1770 Domino,

271 1803 376 1860 nisi
403 1802 541 1874 quod
571 1800 890 1870 evangelista
919 1797 1044 1852 dicit
1062 1838 1076 1860 ,
1112 1794 1238 1850 Cum
1263 1804 1430 1847 autem
1459 1795 1668 1847 venisset
1706 1795 1852 1862 hora,

269 1903 327 1948 ut
357 1892 589 1947 transiret
637 1890 786 1944 Jesus
833 1887 895 1941 de
947 1887 1041 1940 hoc
1085 1885 1272 1938 mundo
1319 1884 1386 1936 ad
1430 1882 1633 1937 Patrem
1665 1882 1852 1954 (Joan.

269 1999 406 2048 xm,
438 1979 706 2052 I)?Nam
755 1979 927 2048 ipsum
983 1975 1262 2031 transitum
1317 1973 1581 2044 significat
1620 1973 1850 2028 Pascha.

269 2075 424 2143 Quod
467 2075 608 2131 enim
655 2071 902 2128 hebraico
947 2069 1110 2124 verho
1162 2066 1356 2122 dicitur
1405 2065 1648 2130 Pascha,
1693 2065 1854 2120 latine

267 2165 548 2221 Transitus
574 2164 971 2234 interpretatur.
1004 2158 1139 2226 Quid
1167 2167 1282 2224 est,
1317 2156 1525 2211 Faciem
1560 2173 1722 2210 meam
1752 2173 1851 2210 non

267 2254 458 2311 videbis
485 2296 502 2323 ,
540 2253 634 2310 sed
665 2253 941 2309 posteriora
965 2267 1075 2304 mea
1098 2249 1323 2303 videbis?
1361 2246 1523 2317 Cujus
1572 2259 1852 2316 personam

266 2343 602 2418 gerebat'ille
628 2343 837 2414 Moyses
858 2383 873 2410 ,
902 2339 1114 2420 quando
1139 2339 1186 2395 ei
1233 2337 1435 2392 dictum
1480 2345 1562 2392 est
1583 2378 1597 2401 ,
1649 2336 1854 2391 Faciem

269 2455 437 2493 nteant
461 2453 563 2492 non
589 2435 800 2501 videbis,
823 2433 918 2489 sed
965 2432 1242 2502 posteriora
1279 2446 1390 2483 mea
1414 2429 1600 2484 videbis
1618 2470 1634 2496 ,
1671 2438 1724 2484 et
1753 2429 1854 2484 hoc

267 2547 384 2587 cum
417 2529 662 2583 transiero
685 2533 783 2581 :ut
825 2532 1004 2580 autem
1049 2537 1152 2577 non
1183 2521 1363 2574 videas
1409 2518 1596 2574 faciem
1642 2534 1847 2584 meam,

267 2639 458 2690 ponam
484 2636 634 2692 super
660 2627 706 2673 te
735 2632 943 2672 manum
990 2631 1152 2668 meam
1171 2615 1198 2668 ?
1227 2612 1436 2667 Faciem
1480 2626 1629 2666 suam
1679 2612 1810 2666 dixit
1834 2653 1848 2676 ,

264 2713 440 2781 prima
459 2710 592 2766 sua?
617 2717 672 2766 et
695 2707 922 2779 quodam
952 2705 1109 2761 modo
1143 2703 1434 2774 posteriora
1487 2718 1581 2758 sua
1610 2744 1624 2769 ,
1674 2711 1850 2758 trans-

263 2802 402 2860 itum
430 2802 498 2857 de
522 2801 621 2856 hoc
656 2799 857 2855 mundo
885 2796 1146 2868 passionis
1188 2811 1317 2850 suae.
1339 2794 1598 2864 Apparuit
1616 2795 1811 2850 Iuda-is
1835 2813 1848 2861 ;

263 2907 374 2948 non
424 2907 546 2948 eum
591 2897 974 2962 cognoverunt.
1024 2887 1223 2942 Eorum
1289 2900 1571 2955 personam
1637 2885 1854 2955 gerebat

263 2983 484 3054 Moyses
503 3023 519 3049 ,
541 2980 754 3052 quando
778 2979 827 3035 ei
857 2977 1152 3042 dicebatur,
1183 2975 1390 3030 Faciem
1439 2992 1602 3029 meam
1629 2991 1728 3030 non
1757 2992 1849 3043 po-

195 3129 205 3138 ,
263 3086 336 3130 tes
363 3076 547 3129 videre.
577 3071 730 3129 Unde
754 3079 929 3126 autem
957 3084 1062 3124 non
1093 3067 1337 3122 viderunt
1363 3067 1532 3121 Deum
1581 3066 1632 3121 in
1679 3081 1843 3122 carne

260 3167 499 3238 positum
521 3179 538 3221 ε’
562 3165 694 3234 Quia
723 3171 945 3235 gravata
974 3171 1087 3217 erat
1112 3176 1273 3230 super
1295 3174 1386 3214 eos
1404 3175 1593 3214 manus
1617 3160 1844 3216 Domini.

261 3259 342 3315 De
360 3257 465 3312 illis
483 3258 623 3313 enim
647 3255 861 3311 dixerat
876 3252 1054 3317 Isaias,
1080 3250 1106 3304 I
1115 3266 1319 3304 ncrassa
1335 3265 1422 3302 cor
1437 3250 1612 3320 populi
1630 3251 1850 3321 hujus,et

259 3349 441 3406 oculos
461 3350 572 3420 ejus
593 3363 746 3420 grana
763 3345 812 3418 (I
819 3346 912 3399 sai.
927 3360 999 3410 vt,
1019 3341 1107 3415 IO)
1134 3361 1147 3397 ε
1171 3350 1224 3398 et
1249 3357 1432 3396 eorum
1449 3357 1548 3395 vox
1573 3351 1650 3396 est
1673 3343 1724 3396 in
1743 3343 1848 3397 alio

257 3440 493 3512 psalmo,
521 3438 771 3506 Quoniam
786 3445 991 3507 gravata
1008 3443 1078 3488 est
1093 3449 1246 3502 super
1261 3448 1339 3486 me
1354 3447 1532 3485 manus
1554 3440 1642 3485 tua
1672 3431 1842 3504 (Psal.

258 3549 414 3597 xxxi,
446 3531 528 3600 ll).
561 3529 628 3586 Ut
654 3543 784 3598 ergo
812 3541 921 3581 non
949 3531 1331 3594 cognoscerent
1361 3531 1485 3576 tunc
1513 3521 1844 3578 divinitatem

258 3623 462 3679 Christi
491 3623 508 3654 ¹
538 3621 558 3692 (
589 3620 632 3674 si
662 3619 801 3674 enim
830 3615 1235 3686 cognovissent,
1265 3627 1534 3682 nunquam
1558 3612 1842 3667 Dominum

257 3717 450 3789 glorize
501 3710 890 3769 crucifixissent
946 3706 986 3780 [l
1020 3705 1137 3761 Cor.
1169 3721 1226 3771 if,
1279 3703 1397 3776 8]:
1443 3720 1546 3759 non
1592 3705 1845 3759 crucifixo

257 3816 444 3864 autem
475 3802 698 3859 Domino
721 3842 735 3864 ,
769 3799 979 3869 sanguis
1008 3797 1146 3851 illius
1172 3809 1277 3849 non
1322 3794 1610 3848 redimeret
1651 3795 1839 3849 orbem

257 3908 527 3954 terrarum
551 3894 590 3964 ),
619 3890 744 3962 quid
773 3890 880 3961 egit
902 3889 1042 3943 Deus
1066 3929 1079 3952 ,
1112 3886 1211 3940 nisi
1239 3884 1379 3956 quod
1407 3885 1480 3938 ait
1509 3884 1800 3953 Apostolus
1827 3926 1842 3949 ,

257 3987 596 4046 altitudinem
625 3983 925 4038 divitiarum
950 3978 1224 4049 sapientia:
1247 3987 1301 4032 et
1328 3977 1568 4031 scientia:
1596 3976 1722 4042 Dei,
1757 3977 1845 4031 ubi

259 4082 528 4138 exclamat
560 4096 575 4134 :
610 4077 655 4132 Ο
680 4075 894 4130 altitudo
923 4073 1210 4126 divitiarum
1240 4069 1502 4136 sapientia:
1541 4079 1587 4122 et
1627 4070 1848 4123 scientia:

258 4174 358 4229 Dei
381 4173 403 4227 !
427 4185 579 4243 quam
604 4163 1128 4237 incomprehensibilia
1154 4171 1269 4216 sunt
1285 4160 1484 4231 judicia
1510 4162 1619 4231 ejus
1644 4200 1658 4225 ,
1681 4169 1724 4212 et
1763 4160 1844 4214 in-

258 4263 578 4335 uestigabiles
600 4261 693 4316 vice
712 4258 865 4331 ejus!
894 4255 1018 4324 Quis
1041 4259 1174 4309 enim
1216 4253 1444 4323 cegnovit
1487 4267 1687 4305 sensum
1731 4251 1844 4304 Do-

257 4355 438 4412 mini?
463 4362 550 4408 aut
577 4353 689 4423 quis
719 4347 1047 4404 consiliarius
1091 4345 1200 4414 ejus
1248 4343 1388 4414 fuit?
1422 4342 1520 4394 Aut
1562 4343 1673 4408 quis
1711 4342 1848 4411 prior

259 4449 404 4504 dedit
431 4445 510 4501 illi
537 4485 551 4510 ,
578 4451 626 4498 et
651 4438 950 4496 retribuetur
979 4437 1064 4491 ei?
1097 4435 1348 4503 Quoniam
1398 4449 1461 4486 ea:
1507 4434 1618 4503 ipso
1639 4474 1651 4495 ,
1685 4443 1730 4486 et
1761 4449 1848 4502 per

258 4543 473 4613 ipsum,
499 4544 546 4593 et
576 4535 632 4590 in
657 4535 768 4606 ipso
809 4541 927 4587 sunt
963 4530 1179 4592 omnia;
1219 4527 1319 4599 ipsi
1362 4526 1526 4599 gloria
1569 4526 1622 4578 in
1664 4525 1849 4578 sa'cula

259 4632 586 4687 sceculorum.
614 4623 904 4696 Apostolus
929 4622 1030 4675 hoc
1073 4619 1238 4677 dicit:
1271 4619 1392 4688 quia
1437 4617 1678 4686 superius
1700 4615 1850 4670 dixe-

261 4733 347 4778 rat
373 4741 387 4778 :
411 4719 621 4777 Caecitas
641 4732 702 4771 ea;
723 4723 864 4786 parte
887 4710 1052 4766 Israel
1073 4714 1208 4780 facta
1231 4717 1301 4762 cst
1317 4749 1332 4775 ,
1359 4717 1411 4761 ut
1433 4707 1694 4778 plenitudo
1715 4707 1851 4762 Gen-

263 4813 391 4867 tium
420 4812 666 4872 intraret,
699 4813 748 4859 et
785 4803 857 4858 sic
885 4800 1048 4855 omnis
1067 4798 1234 4852 Israel
1272 4799 1441 4851 salvus
1468 4798 1606 4865 ﬁeret
1633 4797 1650 4866 (
1690 4797 1845 4850 Rom.

262 4917 338 4968 xl,
365 4898 562 4966 35-56,
604 4895 698 4962 9.5,
741 4893 812 4949 26
837 4890 878 4964 ).
936 4889 1198 4945 Excmeati
1247 4897 1370 4943 sunt
1416 4902 1544 4956 ergo
1591 4901 1655 4941 ex
1699 4897 1849 4956 parte

263 4993 436 5050 Judazi
458 5033 475 5058 ,
498 4989 691 5045 merito
713 4984 975 5055 superbia:
995 4997 1133 5043 sum,
1164 4981 1284 5050 quia
1309 4994 1367 5034 se
1384 4979 1556 5047 justos
1581 4978 1844 5044 dicebant;

263 5093 319 5139 et
345 5080 596 5140 exctecati
624 5077 1000 5134 crucifixeruut
1029 5071 1329 5127 Dominum.
1358 5069 1543 5124 Posuit
1566 5083 1726 5137 super
1755 5085 1848 5123 eos

265 5189 484 5232 manum
511 5185 661 5227 suam
685 5209 700 5236 ,
748 5181 816 5222 ne
864 5164 1106 5220 viderent
1149 5177 1268 5217 eum
1295 5202 1309 5228 ,
1358 5160 1530 5214 donec
1561 5159 1845 5226 transiret,

263 5267 473 5323 scilicet
495 5263 563 5318 de
586 5261 689 5317 hoc
715 5257 912 5316 mundo
937 5255 1003 5310 ad
1035 5255 1266 5309 Patrem.
1301 5251 1587 5306 Videamus
1629 5251 1670 5304 si
1699 5259 1848 5320 post-

265 5373 497 5429 eaquam
547 5353 794 5419 transiit,
845 5348 1088 5404 viderunt
1140 5345 1432 5414 posteriora
1478 5343 1612 5413 ejus.
1645 5343 1849 5397 Resur-

266 5452 415 5506 rexit
441 5447 700 5503 Dominus
725 5485 739 5509 ,
788 5439 1029 5511 apparuit
1071 5436 1347 5504 discipulis
1388 5435 1498 5488 suis
1528 5432 1722 5503 (Joan.
1753 5448 1846 5500 xx,

271 5557 368 5598 xxi
394 5541 416 5613 )
447 5549 502 5596 et
528 5535 776 5595 omnibus
796 5532 882 5604 qui
914 5533 965 5584 in
1010 5544 1131 5584 eum
1171 5527 1280 5598 jam
1326 5525 1700 5591 crediderant;
1743 5539 1848 5579 non

335 5695 355 5725 ί
380 5700 462 5742 tne
485 5692 534 5740 in
556 5688 668 5738 ΡΜ.
693 5684 896 5742 additur,
912 5677 1097 5746 gravati
1115 5683 1220 5730 sunt
1244 5690 1258 5726 :
1277 5677 1404 5740 quod
1418 5691 1444 5726 a
1461 5677 1715 5740 praecipuis
1734 5683 1839 5727 Mss.

267 5757 426 5809 abest.

1305 322 1700 380 ENARBATIO
1739 323 1802 379 IN
1841 324 2160 416 PSALMUM
2198 327 2528 388 CXXXVIII.

3399 346 3420 398 I
3434 347 3532 404 790

1963 442 2042 495 eis
2069 455 2098 495 a
2128 443 2319 512 quibus
2346 445 2629 501 crucifixus
2657 457 2772 503 erat
2796 490 2810 517 ,
2839 451 2960 520 quia
2989 467 3148 522 super
3179 453 3298 509 illus
3321 473 3533 511 manum

1962 544 2245 601 posuerat,
2273 535 2442 590 donec
2471 540 2733 593 transiret.
2765 541 3018 595 Ascendit
3043 554 3216 598 autem
3247 547 3295 598 in
3319 549 3531 610 C(eIum,

1962 623 2306 695 quadraginta
2329 626 2516 682 diebus
2540 627 2688 685 factis
2715 647 2833 685 cum
2861 633 3134 703 discipulis
3153 638 3281 691 suis.
3315 638 3535 708 lmpleto

1962 725 2137 769 autem
2163 717 2250 772 die
2280 718 2617 776 Pentecostes
2641 765 2655 787 ,
2690 724 2832 778 misit
2857 725 2934 780 eis
2965 727 3220 796 Spiritum
3266 744 3529 789 sanetum.

1965 802 2169 873 Repleti
2199 808 2396 876 Spiritu
2443 821 2662 878 sancto,
2723 827 3002 884 coeperunt
3050 823 3284 874 omnium
3337 822 3532 893 linguis

1963 893 2124 964 loqui,
2143 899 2231 965 qui
2255 898 2304 951 in
2328 915 2428 954 una
2454 903 2560 956 nati
2583 913 2754 968 erant,
2773 915 2827 960 et
2848 923 3004 961 unam
3028 910 3192 963 solam
3217 911 3534 968 didicerant.

1963 982 2332 1053 Expaverunt,
2384 1001 2438 1044 et
2490 993 2878 1053 exhorruerunt
2928 1007 3128 1052 tantum
3184 1001 3534 1067 miraculum,

1963 1074 2124 1127 millia
2150 1089 2331 1130 eorum
2363 1079 2450 1147 qui
2479 1082 2852 1139 crucifixcrant
2888 1085 3164 1152 Dominum
3192 1106 3203 1142 :
3233 1092 3536 1160 compuncti

1962 1163 2123 1218 corde
2149 1164 2216 1220 de
2247 1175 2391 1221 tanto
2446 1170 2732 1240 miraculo,
2781 1177 3109 1243 quaesierunt
3147 1181 3424 1234 consilium
3469 1183 3550 1256 ab,

1961 1254 2230 1323 Apostolis
2254 1297 2268 1318 ,
2298 1258 2424 1325 quid
2453 1257 2709 1328 facerent,
2737 1273 3082 1335 posteaquam
3112 1270 3190 1324 eis
3215 1270 3534 1339 praedicatus

1960 1353 2044 1399 est
2070 1344 2308 1401 Christus
2335 1387 2352 1414 ,
2381 1350 2691 1406 mirantibus
2711 1356 2846 1408 unde
2868 1356 3043 1413 idiota:
3070 1358 3311 1416 homines
3341 1362 3535 1433 linguis

1961 1436 2206 1490 omnibus
2231 1437 2589 1507 loquerentur.
2634 1443 2735 1498 Per
2781 1445 2992 1501 Petrum
3045 1451 3201 1519 igitur
3230 1455 3533 1521 apostolum

1959 1527 2269 1581 ammntiato
2284 1530 2360 1582 eis
2378 1529 2614 1598 Christo,
2648 1548 2803 1602 quem
2832 1537 2881 1590 in
2909 1552 3065 1593 cruce
3085 1549 3534 1612 contempserant,

1959 1634 2116 1687 quem
2169 1631 2412 1690 tanquam
2461 1626 2740 1680 mortalem
2790 1627 3056 1684 hominem
3104 1632 3413 1698 irriserant;
3452 1635 3546 1703 cui

1959 1721 2239 1779 propterea
2293 1713 2650 1781 insultahaut,
2704 1718 2825 1786 quia
2855 1719 2922 1774 de
2953 1737 3106 1776 cruce
3156 1742 3259 1778 non
3303 1725 3530 1781 descen-

1959 1799 2150 1865 debat,
2181 1818 2300 1856 cum
2330 1805 2509 1874 utique
2539 1808 2709 1876 majus
2741 1811 2908 1864 lliltIlO
2943 1813 3096 1867 fuerit
3120 1817 3258 1885 quod
3285 1817 3428 1885 fecit,
3470 1821 3537 1875 de

1958 1893 2204 1962 sepulcro
2231 1911 2508 1966 resurgere
2534 1939 2550 1965 ,
2579 1916 2736 1968 quam
2764 1902 2830 1956 de
2856 1920 3014 1959 cruce
3043 1906 3370 1964 descendere
3401 1928 3412 1962 :
3437 1927 3538 1965 an-

1959 1984 2200 2039 nuntiato
2230 2000 2356 2056 ergo
2382 1988 2481 2042 sibi
2511 1989 2725 2045 Christo
2772 1993 3057 2059 dixerunt,
3091 1998 3226 2061 Quid
3255 2001 3493 2070 faciemus
3519 2002 3542 2054 ?

1959 2074 2038 2129 Illi
2066 2077 2154 2145 qui
2180 2078 2464 2133 smvierunt
2490 2080 2544 2135 in
2572 2082 2852 2139 Domimnn
2879 2128 2892 2152 ,
2927 2103 3082 2156 quem
3109 2077 3359 2146 videbant
3382 2132 3394 2156 ,
3421 2093 3532 2161 jatn

1958 2169 2236 2222 consilium
2283 2180 2466 2239 petunt
2511 2174 2734 2240 salutis;
2780 2187 2828 2231 et
2879 2179 3079 2235 dictum
3119 2193 3201 2236 est
3245 2184 3323 2238 eis
3353 2202 3365 2238 :
3398 2186 3542 2256 Agite

1959 2258 2299 2325 paenitentiam
2324 2304 2339 2326 ,
2361 2272 2408 2315 et
2434 2263 2715 2333 baptizetur
2745 2271 3086 2341 unusquisque
3119 2284 3336 2327 vestrum
3363 2278 3416 2330 in
3443 2294 3540 2330 no-

1958 2352 2092 2404 mine
2125 2351 2329 2406 Domini
2359 2356 2517 2408 nostri
2553 2355 2678 2410 Jesu
2716 2357 2933 2425 Christi;
2973 2373 3017 2415 et
3061 2363 3374 2420 dimittantur
3405 2368 3541 2423 vobis

1957 2451 2163 2511 peccatu
2202 2453 2363 2497 vestra
2399 2445 2417 2514 (
2445 2446 2555 2499 Act.
2579 2461 2616 2512 ι,
2653 2448 2749 2517 n).
2792 2449 2928 2504 Ecce
2971 2452 3231 2534 viderunt
3247 2459 3539 2524 posteriora

1957 2534 2094 2603 ejus,
2116 2533 2267 2605 cujus
2292 2535 2479 2591 faciem
2509 2539 2690 2594 videre
2721 2558 2823 2594 nun
2855 2553 3161 2612 potuerimt.
3190 2546 3377 2602 Manus
3397 2550 3539 2604 enim

1957 2627 2072 2695 ejus
2102 2639 2217 2680 erat
2244 2642 2405 2697 super
2427 2629 2611 2684 oculos
2634 2646 2842 2698 eorum;
2868 2649 2970 2687 non
2999 2651 3226 2705 semper,
3255 2639 3348 2692 sed
3370 2640 3542 2696 donec

1960 2720 2226 2774 transiret.
2279 2721 2631 2791 Posteaquam
2691 2727 2926 2792 transiit,
2971 2727 3186 2783 abstulit
3219 2747 3434 2786 manum
3472 2735 3541 2789 ab

1957 2812 2126 2865 oculis
2150 2828 2333 2866 eorum
2364 2813 2570 2868 :ahlata
2612 2832 2769 2869 manu
2822 2818 2888 2872 ab
2932 2821 3101 2873 oeulis
3154 2823 3306 2890 suis,
3355 2823 3543 2878 dicunt

1955 2902 2232 2972 discipulis
2251 2947 2266 2970 ,
2301 2905 2436 2970 Quid
2473 2907 2760 2976 faciemus?
2789 2909 2966 2963 Primo
2996 2895 3120 2964 s:evi
3148 2953 3164 2980 ,
3194 2923 3380 2982 postea
3426 2914 3495 2983 pii
3522 2933 3536 2979 ;

1956 2995 2129 3064 primo
2160 2997 2314 3060 irati,
2347 3008 2526 3066 postea
2561 2999 2764 3062 timidi;
2791 3001 2964 3069 primo
2993 3002 3145 3069 duri,
3175 3015 3357 3075 postea
3388 3005 3537 3067 flexi;

1956 3087 2130 3157 primo
2158 3090 2284 3143 caeci
2312 3131 2325 3153 ,
2353 3099 2538 3159 postea
2569 3091 2867 3146 illuminati.

2026 3179 2078 3235 9.
2110 3180 2243 3234 Puto
2276 3182 2413 3250 quod
2443 3198 2791 3251 agnoscamus
2820 3194 2870 3238 et
2904 3186 2952 3238 in
3004 3186 3106 3240 hoc
3156 3189 3358 3256 psalmo
3385 3203 3540 3244 voces

1955 3269 2252 3339 hujusmndi
2280 3271 2437 3324 etiam
2468 3271 2712 3326 Gentium
2745 3275 3134 3328 recordantium
3178 3277 3536 3332 infidelitatem

1952 3372 2122 3412 suam.
2169 3359 2423 3414 Conclusit
2471 3362 2602 3414 enim
2656 3361 2791 3415 Deus
2834 3381 3002 3417 omnes
3035 3366 3083 3418 in
3133 3366 3445 3434 inﬁdelitate,
3483 3379 3539 3422 ut

1951 3451 2174 3503 omnium
2199 3451 2528 3522 misereatur(
2558 3450 2707 3506 Rom.
2740 3469 2810 3517 xl,
2854 3454 2923 3508 52
2954 3453 2993 3523 ).
3023 3454 3100 3508 Tu
3122 3457 3314 3524 [inxisti
3362 3474 3462 3525 me,
3491 3469 3538 3512 ct

1951 3542 2162 3611 posuisti
2187 3559 2339 3612 super
2366 3559 2444 3596 me
2473 3561 2676 3598 manum
2705 3554 2862 3600 tuam.
2907 3546 3181 3614 Miriﬁcatu
3215 3559 3287 3602 est
3328 3549 3540 3605 scientia

1951 3642 2036 3686 tua
2062 3649 2122 3686 ea:
2153 3649 2230 3686 me
2257 3649 2275 3686 :
2302 3635 2512 3687 invaluit
2541 3652 2558 3700 ;
2586 3652 2683 3688 non
2729 3648 2900 3706 potero
2930 3637 2997 3692 ad
3022 3639 3184 3693 illaut.
3215 3640 3387 3695 Veluti
3441 3657 3536 3713 po-

1949 3722 2100 3775 suisti
2128 3737 2290 3791 super
2334 3740 2417 3777 tne
2445 3739 2658 3778 manum
2687 3735 2826 3780 tuam
2864 3744 2878 3780 :
2911 3727 3076 3782 mirus
3098 3729 3224 3782 mihi
3248 3730 3414 3785 factus
3431 3747 3488 3786 es
3520 3749 3535 3795 ;

1951 3826 2056 3866 non
2086 3821 2136 3866 te
2163 3813 2555 3882 comprehendo
2579 3829 2698 3868 cum
2725 3831 2831 3884 quo
2848 3832 3015 3871 eram.
3044 3820 3208 3885 Quam
3236 3819 3404 3874 facilis
3435 3822 3536 3875 mi—

1951 3901 2004 3956 hi
2025 3913 2138 3956 erat
2163 3905 2336 3958 vultus
2358 3906 2544 3974 patris,
2565 3905 2776 3975 quando
2802 3906 2932 3974 dixi,
2956 3907 3038 3961 Da
3059 3910 3183 3962 mihi
3207 3911 3538 3966 substantiam

1949 4011 2132 4060 meam,
2160 4010 2271 4064 qua:
2297 4011 2372 4050 me
2400 3998 2660 4067 contingit.
2708 3998 2844 4052 Ecce
2890 3998 3127 4068 profecto
3180 4000 3231 4055 in
3261 4003 3537 4072 regionem

1949 4083 2290 4156 longinquam
2332 4096 2385 4141 et
2430 4088 2566 4142 fame
2613 4089 2839 4143 contrito
2870 4091 2888 4160 (
2922 4088 3048 4144 Luc.
3098 4109 3266 4160 xxxv,
3299 4094 3466 4148 12-17
3492 4097 3533 4165 ),

1951 4177 2176 4231 multum
2205 4177 2452 4244 mihiest,
2486 4189 2539 4232 et
2567 4179 2714 4234 labor
2737 4190 2817 4234 est
2845 4190 2969 4235 ante
3025 4197 3108 4236 me
3139 4201 3154 4247 ;
3185 4199 3289 4236 non
3318 4199 3537 4253 possum

1953 4269 2226 4338 percipere
2251 4269 2390 4338 quod
2441 4269 2638 4324 dimisi.
2694 4270 2969 4339 Miriﬁcata
3016 4282 3088 4327 cst
3119 4273 3286 4339 enim,
3344 4275 3539 4342 inquit,

1951 4359 2155 4412 scientia
2179 4367 2266 4411 tua
2289 4375 2351 4412 ea:
2387 4375 2482 4413 me.
2518 4359 2594 4413 Ex
2646 4371 2860 4429 peccato
2890 4378 3009 4416 meo
3033 4362 3224 4418 factum
3255 4373 3337 4420 est
3357 4373 3414 4418 ut
3434 4366 3539 4420 mi~

1951 4448 2153 4504 rilicala
2202 4448 2329 4502 mihi
2361 4458 2521 4514 esset,
2579 4460 2629 4504 et
2675 4451 3221 4520 incomprehensibilis
3269 4456 3396 4510 mihi
3423 4458 3541 4511 exi-

1952 4548 2135 4598 steret.
2187 4538 2318 4593 Nam
2379 4551 2492 4594 erat
2547 4539 2676 4594 mihi
2729 4540 2950 4598 facilitas
3001 4547 3392 4616 contemplandi
3449 4558 3536 4614 te,

1952 4629 2164 4702 quando
2202 4649 2306 4686 non
2358 4633 2606 4702 superbia
2659 4635 2972 4704 reliqueram
3028 4647 3096 4692 te.
3149 4638 3422 4706 Miriﬁcata
3469 4651 3541 4694 est

1953 4724 2160 4778 scientia
2191 4736 2278 4777 tua
2302 4740 2365 4778 ea:
2391 4741 2468 4778 me
2495 4739 2514 4778 :
2534 4724 2742 4777 invaluit
2770 4742 2788 4790 ;
2819 4743 2918 4780 non
2947 4738 3116 4798 potero
3137 4731 3204 4782 ad
3241 4731 3383 4783 illam
3411 4729 3538 4785 :sed

1953 4815 2223 4880 subaudis,
2255 4832 2319 4870 ea:
2356 4833 2453 4870 me.
2505 4813 2625 4870 Non
2673 4829 2845 4885 potero
2891 4819 2958 4871 ad
2987 4820 3129 4873 illam
3172 4836 3236 4874 ex
3265 4836 3359 4873 me.
3404 4818 3539 4873 Cum

1953 4921 2082 4976 ergo
2104 4916 2307 4976 potero,
2329 4921 2432 4960 non
2456 4916 2645 4975 potero
2672 4908 2774 4961 nisi
2806 4925 2867 4962 ex
2900 4919 2970 4962 te.

2025 4998 2111 5054 IO.
2141 4997 2159 5072 [
2188 5014 2312 5052 vers.
2344 4997 2435 5070 7.]
2466 4999 2600 5052 Ecce
2635 4999 2838 5053 invenis
2865 4999 2917 5052 in
2948 4999 3236 5069 longinquo
3263 4998 3540 5068 fugitivum

1954 5103 2060 5142 non
2089 5088 2255 5142 latere
2269 5088 2452 5143 oculos
2478 5088 2596 5157 ejus
2622 5104 2650 5141 a
2682 5104 2786 5158 quo
2819 5087 2969 5158 fugit.
3001 5089 3067 5142 Et
3113 5105 3218 5159 quo
3263 5092 3429 5144 iturus
3459 5103 3541 5145 est

1949 5178 2078 5246 jam,
2109 5177 2264 5248 cujus
2286 5178 2440 5232 limes
2486 5179 2923 5247 estinvestigatus
2952 5179 2971 5232 ?
3004 5179 3188 5234 Videte
3211 5179 3335 5249 quid
3366 5179 3491 5235 dicit
3525 5200 3538 5236 :

1959 5272 2070 5339 Quo
2090 5271 2168 5325 ibo
2193 5270 2440 5341 aSpiritu
2467 5272 2590 5324 tuo?
2617 5270 2844 5339 Spiritus
2885 5271 3027 5326 enim
3081 5272 3286 5327 Domini
3318 5272 3543 5342 replevit

1955 5363 2136 5418 orbem
2165 5373 2422 5418 terrarum
2459 5364 2478 5433 (
2511 5363 2642 5432 Sap.
2667 5379 2705 5426 ι,
2735 5364 2765 5416 7
2795 5362 2814 5433 )
2851 5381 2864 5416 :
2901 5363 3020 5433 quis
3073 5372 3248 5433 potest
3277 5365 3456 5434 fugere
3486 5366 3539 5420 in

1957 5454 2153 5507 mundo
2173 5453 2239 5509 ab
2260 5454 2350 5508 illo
2387 5452 2607 5522 Spiritu,
2657 5469 2762 5522 quo
2795 5453 2977 5522 plenus
3002 5465 3083 5509 est
3110 5455 3382 5509 mundus?
3424 5456 3536 5522 Quo

1957 5546 2034 5597 ibo
2055 5560 2086 5596 a
2109 5543 2303 5616 Spiritu
2324 5552 2410 5595 tuo
2438 5541 2463 5594 ξ’
2511 5551 2555 5596 et
2583 5559 2679 5610 quo
2728 5560 2759 5596 a
2788 5546 2915 5613 facie
2955 5554 3040 5598 tua
3069 5547 3260 5616 fugiant
3283 5547 3310 5601 7
3344 5546 3540 5602 Locum

1956 5636 2147 5706 quaerit
2208 5649 2314 5705 quo
2355 5633 2516 5703 fugiat
2557 5635 2624 5689 ab
2672 5634 2749 5689 ira
2806 5637 2917 5692 Dei.
2948 5638 3076 5705 Quis
3129 5647 3211 5693 est
3254 5639 3402 5694 locus
3452 5629 3560 5695 re;

1961 5736 2210 5807 ceptnrus
2275 5725 2549 5797 fugitivum
2595 5725 2735 5784 Dei?
2803 5728 3053 5786 llomines
3113 5733 3199 5802 qui
3249 5731 3541 5804 suscipiunt
