4038 6462
493 373 618 427 1791

487 484 752 553 fugitivos,
804 492 1046 554 qumrunt
1071 484 1136 538 ab
1179 483 1277 550 eis,
1305 497 1334 542 a
1365 497 1468 552 quo
1513 481 1779 552 fugerint;
1827 490 1876 535 et
1905 497 2060 552 quem

487 591 694 630 servum
738 577 1035 631 invenerint
1081 575 1302 644 alicujus
1344 573 1542 628 domini
1589 574 1763 628 minus
1812 573 2061 642 potentis,

489 674 734 736 tanquam
757 669 871 722 sine
898 667 1004 722 ullo
1048 668 1236 726 timore
1259 666 1572 736 suscipiunt,
1602 666 1839 720 dicentes
1870 666 1920 719 in
1946 680 2064 718 cor—

487 758 552 813 de
581 775 676 811 suo
707 778 719 813 :
750 759 861 813 Non
893 759 1051 813 habet
1099 761 1195 813 iste
1246 760 1400 814 talem
1432 759 1702 813 dominum
1725 775 1752 811 a
1784 775 1887 828 quo
1937 773 2062 827 pos-

486 850 555 902 sit
601 850 926 920 investigari.
954 849 1085 906 Cum
1115 861 1288 905 autem
1340 851 1603 906 audierint
1647 851 1918 904 dominum
1971 867 2063 917 po-

486 950 703 1004 lentem,
727 951 817 996 aut
847 959 951 997 non
991 943 1302 1012 suscipiunt,
1331 953 1422 997 aut
1471 959 1590 997 cum
1648 959 1838 1013 magno
1869 943 2062 996 timore

482 1031 774 1100 suscipiunt
804 1053 818 1087 :
848 1033 968 1102 quia
989 1044 1041 1087 et
1071 1033 1226 1086 homo
1258 1041 1446 1104 potens
1477 1033 1579 1086 falli
1609 1043 1798 1100 potest.
1834 1033 1928 1087 Ubi
1953 1049 2057 1086 non

483 1129 565 1173 est
592 1120 774 1176 Deus?
805 1125 921 1192 quis
950 1123 1080 1176 fallit
1117 1124 1282 1177 Deum
1304 1124 1326 1176 ?
1346 1138 1501 1192 quem
1531 1139 1633 1176 non
1653 1122 1792 1176 videt
1816 1122 1954 1175 Deus
1977 1122 1999 1174 ?
2028 1137 2056 1175 a

482 1224 587 1277 quo
617 1210 888 1281 fugitivum
917 1229 1068 1268 suum
1100 1229 1201 1268 non
1231 1215 1420 1282 repetit
1469 1214 1606 1268 Deus
1632 1214 1654 1264 ?
1676 1211 1791 1277 Quo
1814 1227 1939 1282 ergo
1966 1213 2060 1267 ibit

482 1298 732 1368 fugitivus
763 1302 862 1356 iste
889 1317 916 1356 a
953 1302 1087 1357 facie
1117 1304 1207 1358 Dei
1237 1305 1259 1356 ?
1291 1302 1455 1358 Vertit
1483 1317 1542 1357 se
1578 1301 1676 1358 hac
1705 1311 1862 1372 atque
1916 1303 2055 1367 illac,

481 1391 628 1468 quasi
653 1407 896 1460 quazrens
923 1393 1094 1448 locum
1117 1393 1250 1463 fuga:
1270 1409 1400 1450 suae.

556 1480 844 1554 il.[vers.
873 1481 950 1556 8.]
997 1484 1058 1539 Si
1104 1485 1390 1550 ascendere,
1443 1485 1628 1553 inquit,
1676 1485 1728 1538 in
1772 1485 1973 1551 etehtm,
2003 1494 2056 1536 tu

481 1572 546 1626 ibi
576 1590 627 1626 es
650 1589 668 1636 ;
689 1575 732 1627 si
756 1574 1051 1628 descendere
1093 1576 1143 1628 in
1190 1576 1464 1645 infernum,
1523 1575 1658 1627 ades.
1703 1573 1934 1627 Tandem
1961 1588 2055 1627 co-

482 1662 733 1734 gnovisti,
765 1666 902 1720 male
930 1665 1162 1735 fugitive,
1190 1666 1334 1720 nullo
1363 1674 1516 1736 pacto
1553 1674 1602 1720 te
1630 1680 1784 1734 posse
1809 1665 1916 1718 fieri
1939 1664 2056 1718 lon-

478 1771 545 1822 ge
569 1755 636 1809 ab
655 1771 741 1823 eo,
765 1771 792 1810 a
815 1770 920 1826 quo
945 1756 1286 1826 longinquare
1330 1756 1558 1810 voluisti.
1585 1755 1720 1809 Ecce
1752 1756 1836 1810 ille
1864 1756 2056 1826 ubique

480 1855 562 1900 est
593 1863 604 1898 :
639 1855 712 1912 tu,
740 1862 844 1916 quo
875 1848 1040 1902 iturus
1061 1862 1117 1899 es
1143 1848 1165 1900 ?
1195 1846 1400 1901 lnvenit
1425 1847 1723 1909 consilium,
1751 1855 1804 1901 et
1851 1846 1951 1903 hoc
1988 1847 2055 1900 ab

479 1938 573 1994 illo
601 1940 692 2009 qui
741 1955 863 1994 eum
912 1939 1021 2008 jam
1058 1954 1308 1995 revocare
1364 1939 1608 2009 dignatur
1631 1939 1961 2008 inSpiratum.
1993 1937 2054 1992 Si

479 2031 748 2085 ascendero
774 2033 824 2084 in
852 2031 1052 2098 caelum,
1092 2042 1144 2085 tu
1173 2033 1240 2084 ibi
1260 2048 1310 2086 es
1336 2049 1354 2097 ;
1384 2032 1427 2084 si
1465 2031 1763 2084 descendero
1813 2032 1864 2084 in
1893 2032 2050 2100 infer-

479 2121 775 2187 uum,ades.
801 2121 856 2176 Si
889 2137 972 2176 me
998 2123 1252 2186 cxtulero,
1285 2130 1336 2176 te
1393 2121 1604 2175 invenio
1641 2136 1998 2190 repress:trem
2035 2139 2048 2187 ;

477 2217 521 2270 si
561 2231 646 2270 me
670 2215 1019 2281 abscondero,
1067 2226 1116 2269 te
1163 2215 1373 2269 invenio
1417 2214 1817 2284 inquisitorem;
1850 2223 1903 2268 et
1945 2229 2049 2268 non

476 2305 838 2376 inquisitorem
869 2315 1091 2373 tantum,
1125 2305 1218 2361 sed
1254 2314 1308 2361 et
1345 2307 1796 2376 investigatorem.
1826 2306 1880 2361 Si
1901 2307 2044 2368 enim

474 2399 782 2466 superbiero
811 2397 876 2453 de
901 2398 1101 2470 justitia
1134 2413 1271 2464 mea,
1293 2406 1346 2452 tu
1392 2398 1458 2452 ibi
1487 2413 1564 2464 es,
1597 2399 1747 2468 cujus
1799 2408 1880 2453 est
1922 2413 2045 2454 vera

468 2488 690 2558 justitia.
722 2490 775 2546 Si
808 2491 1075 2561 peccando
1097 2507 1292 2546 venero
1327 2491 1377 2544 in
1411 2491 1726 2561 profundum
1763 2492 2044 2560 malorum,

472 2590 526 2634 ct
577 2581 815 2637 confiteri
858 2583 1274 2653 contempsero(
1310 2583 1460 2636 Prov.
1508 2599 1652 2647 svnt,
1686 2582 1780 2654 ὅ),
1838 2582 2042 2648 dicens,

474 2670 596 2746 Quis
618 2689 693 2726 me
718 2672 847 2726 videt
872 2672 1068 2744 (Eccii.
1099 2689 1245 2739 χχιιι,
1270 2674 1339 2728 9.5
1363 2672 1379 2742 )
1407 2673 1430 2726 ?
1457 2674 1507 2727 in
1535 2673 1730 2741 inferno
1765 2673 1906 2730 enim
1935 2675 2046 2744 quis

471 2765 784 2832 conﬁtebitur
831 2766 917 2818 tibi
947 2765 966 2836 (
995 2765 1142 2820 Psal.
1189 2783 1259 2829 vt,
1309 2766 1419 2835 6)?
1458 2767 1615 2820 etiam
1653 2766 1758 2820 illic
1803 2766 1950 2828 ades,
1988 2777 2046 2822 ut

471 2857 722 2920 vindices.
753 2857 868 2926 Quo
893 2873 1019 2927 ergo
1051 2860 1217 2912 iturus
1247 2873 1385 2924 sum,
1416 2866 1471 2911 ut
1499 2873 1525 2909 a
1553 2856 1688 2912 facie
1711 2867 1795 2912 tua
1825 2856 2039 2928 fugiam,

469 2948 518 3000 i-J
547 2958 647 3014 est,
674 2949 862 3002 iratum
887 2957 937 3003 te
963 2963 1066 3002 non
1089 2951 1311 3003 sentiam
1343 2950 1366 3001 ?

545 3036 626 3090 12.
653 3035 820 3110 [vei-it.
844 3035 944 3110 9.]
977 3038 1087 3092 lloc
1116 3040 1392 3094 consilium
1419 3040 1618 3094 invenit
1651 3057 1664 3093 :
1692 3040 1779 3095 Sic
1822 3039 2038 3110 fugiam,

469 3127 655 3197 inquit,
675 3143 702 3181 a
733 3127 866 3184 facie
891 3139 997 3194 tua,
1027 3130 1104 3184 sic
1129 3129 1322 3200 fugiam
1349 3146 1376 3184 a
1398 3131 1594 3200 Spiritu
1629 3140 1750 3197 tuo;
1777 3132 1844 3186 ab
1871 3131 2042 3186 ultore

465 3221 684 3289 Spiritu,
736 3237 766 3276 a
812 3221 1019 3278 vindice
1048 3222 1200 3289 facie,
1239 3225 1315 3278 sic
1365 3224 1578 3294 fugiam.
1629 3223 2041 3290 Quomodo?Si

465 3315 700 3384 recipiam
729 3330 916 3384 pennas
961 3332 1094 3370 meas
1145 3317 1196 3369 in
1241 3316 1504 3383 directum,
1536 3327 1581 3372 ct
1620 3317 1853 3372 habitabo
1877 3318 1926 3371 in
1952 3334 2040 3371 ea:-

465 3415 622 3463 trema
650 3407 801 3460 maris
829 3407 844 3438 ¹
879 3425 890 3460 :
926 3408 1003 3462 sic
1032 3423 1246 3476 possum
1279 3407 1461 3478 fugere
1511 3426 1538 3462 a
1592 3409 1725 3464 facie
1765 3419 1870 3464 tua.
1901 3411 1957 3465 Si
1985 3411 2037 3464 in

463 3505 700 3550 extrema
743 3497 904 3551 maris
933 3498 1043 3551 vult
1086 3497 1266 3568 fugere
1294 3513 1322 3551 a
1356 3498 1486 3554 facie
1530 3499 1641 3564 Dei,
1673 3501 1740 3555 ibi
1786 3515 1888 3555 non
1938 3502 2042 3558 erit

464 3585 550 3637 iile
571 3599 598 3638 a
627 3601 732 3654 quo
760 3585 904 3654 fugit,
942 3586 1007 3641 de
1037 3602 1140 3660 quo
1169 3587 1321 3652 dixit,
1355 3589 1416 3645 Si
1442 3590 1740 3644 descendero
1788 3592 1840 3644 in
1883 3592 2040 3662 infer-

462 3663 601 3741 num,
633 3675 752 3729 ades
780 3677 806 3730 ?
829 3676 1014 3736 Mirum
1043 3679 1087 3732 si
1118 3679 1168 3732 in
1199 3681 1449 3736 extremis
1491 3681 1655 3736 maris
1698 3698 1798 3738 non
1831 3693 1932 3750 est,
1951 3686 2037 3753 qui

462 3781 558 3821 nec
587 3767 724 3837 apud
756 3767 950 3823 inferos
993 3769 1163 3826 deest.
1210 3771 1315 3826 Sed
1349 3773 1496 3839 novi,
1548 3774 1740 3844 inquit,
1770 3777 2038 3846 quomodo
2068 3847 2073 3852 ἡ

463 3857 654 3926 fugiam
676 3857 742 3911 ab
771 3858 846 3913 ira
876 3866 983 3913 tua.
1013 3859 1349 3930 Recipiendte
1392 3871 1516 3916 sunt
1557 3878 1744 3932 pennae
1773 3880 1904 3920 mea:
1933 3882 2037 3921 non

463 3950 511 4000 in
542 3964 793 4018 pravum,
835 3950 927 4005 sed
977 3952 1028 4006 in
1075 3950 1355 4019 directum,
1405 3964 1460 4007 ut
1511 3969 1610 4009 nec
1657 3955 1708 4009 in
1754 3957 2038 4026 superbam

459 4042 632 4110 crigar
649 4044 1134 4112 prmsumpliouem,
1181 4061 1279 4100 nec
1309 4046 1360 4100 in
1411 4047 1668 4116 perditam
1690 4063 1898 4119 mergar
1939 4050 2038 4105 de-

461 4135 834 4210 sperationem.
860 4135 1000 4203 Quas
1038 4153 1242 4208 pennas
1288 4139 1399 4192 vult
1437 4155 1726 4205 assumere,
1773 4141 1873 4196 nisi
1907 4143 2037 4197 duas

460 4225 590 4287 alas,
609 4226 712 4279 duo
741 4238 1005 4296 pr:ecepta
1023 4229 1295 4284 charitatis
1321 4233 1344 4284 ?
1375 4231 1428 4284 In
1455 4232 1648 4300 quibus
1672 4233 1874 4287 duobus
1903 4249 2040 4302 pra:-

459 4317 625 4384 ceplis
665 4327 769 4372 tota
823 4318 930 4376 Lex
986 4320 1178 4389 pendet
1215 4331 1268 4376 et
1315 4322 1632 4394 PrOpheta:(
1663 4323 1848 4378 Matth.
1899 4341 2034 4391 χχιι,

461 4406 584 4476 40).
615 4407 738 4472 fias,
769 4409 954 4478 inquit,
987 4412 1116 4477 alas,
1150 4412 1245 4466 has
1274 4428 1476 4483 pennas
1504 4415 1546 4468 si
1572 4415 1822 4485 recipiam
1855 4417 1954 4485 sic,
1984 4425 2040 4471 et

464 4499 710 4556 habitabo
742 4503 793 4556 in
811 4513 1045 4560 extrema
1073 4506 1254 4573 maris,
1285 4523 1500 4577 possum
1526 4507 1709 4578 fugere
1731 4524 1760 4564 a
1786 4509 1920 4565 facie
1951 4518 2038 4565 tua

461 4591 526 4642 ad
547 4591 730 4646 faciem
759 4601 922 4658 tuam,
949 4611 978 4648 a
1008 4595 1138 4650 facie
1165 4597 1282 4650 irati
1310 4597 1373 4650 ad
1406 4597 1590 4652 faciem
1643 4600 1854 4668 placati.
1901 4599 2036 4666 Quid

461 4679 602 4733 enim
636 4690 718 4735 est
755 4692 1051 4738 extremum
1090 4685 1270 4747 maris,
1327 4686 1428 4740 nisi
1467 4687 1586 4741 ﬁnis
1637 4688 1864 4742 saeculi?
1912 4689 2039 4749 llluc

451 4772 563 4841 jam
592 4773 828 4834 volemus
853 4790 946 4846 spe
976 4787 1027 4831 et
1055 4775 1339 4844 desiderio,
1378 4777 1630 4834 habentes
1670 4773 1778 4834 alas
1815 4781 2039 4851 gemina:

461 4862 736 4918 charitatis
771 4881 917 4919 :non
955 4867 1024 4920 sit
1072 4867 1226 4922 nobis
1267 4870 1495 4938 requies,
1551 4870 1650 4924 nisi
1703 4871 1753 4924 in
1792 4881 2038 4926 extremo

463 4954 643 5016 maris.
677 4954 807 5009 Nam
837 4955 884 5010 si
933 4957 1060 5012 alibi
1109 4959 1344 5028 requiem
1400 4959 1744 5025 voluerimus,
1795 4962 1845 5016 in
1895 4977 2039 5016 mare

463 5047 928 5118 prtccipitabimur.
975 5051 1221 5107 Volcmus
1273 5068 1379 5122 quo
1417 5069 1584 5124 usque
1633 5056 1844 5110 finiatur
1872 5072 2036 5122 mare,

462 5140 848 5210 suspendamus
868 5158 964 5199 nos
987 5145 1172 5213 pennis
1191 5145 1415 5213 gemime
1431 5145 1731 5202 dilectionis
1752 5164 1762 5198 :
1783 5146 1847 5200 ad
1873 5147 2038 5202 Deum

463 5229 671 5286 interim
701 5249 795 5302 spe
817 5234 1074 5303 volemus,
1106 5244 1159 5291 et
1197 5236 1342 5291 illum
1369 5237 1524 5292 finem
1557 5239 1719 5294 maris
1763 5254 1856 5308 spe
1899 5239 2037 5294 fideli

462 5323 908 5392 praemeditcmur.
972 5395 980 5403 I

537 5413 618 5466 i3.
651 5412 672 5485 [
701 5430 826 5468 vers.
857 5415 943 5470 10.
972 5415 992 5487 ]
1022 5415 1149 5482 Quis
1194 5426 1368 5473 autem
1417 5433 1514 5473 nos
1566 5418 1838 5488 perducat,
1866 5426 2038 5474 atten-

462 5499 616 5555 dite:
651 5503 740 5558 ille
788 5505 900 5575 ipse
945 5507 1097 5576 cujus
1145 5506 1330 5560 faciem
1384 5509 1500 5562 irati
1546 5509 1788 5565 volumus
1836 5511 2036 5581 fugere.

463 5591 598 5661 Quid
629 5594 770 5648 enim
798 5595 1079 5666 sequitur?
1111 5597 1169 5651 Si
1194 5599 1490 5653 descendero
1518 5601 1569 5654 in
1606 5601 1879 5670 infernum,
1898 5602 2036 5655 ades.

464 5724 545 5834 rt;
572 5725 643 5776 Sic
665 5731 770 5775 Mss.
793 5728 929 5785 iuxta
953 5737 1162 5779 (.‘ra‘cmn
1187 5738 1308 5779 LXX.
1351 5740 1397 5782 At
1434 5732 1571 5792 t-‘.tli.l.,
1609 5732 1655 5783 in
1687 5737 1914 5786 extremis
1939 5750 2038 5786 ma-

491 5805 504 5833 1
536 5821 545 5834 ι

491 5805 545 5834 ιδ.

1707 371 1761 424 S.
1806 368 2164 425 AUGUSTENI
2208 368 2502 424 I'IPISCOPI

3611 369 3749 432 ΗΕΒ

2173 479 2480 548 Sirecipimn
2503 499 2691 552 pennas
2721 499 2854 537 meas
2883 483 2933 537 in
2960 483 3214 538 directum.
3243 484 3520 554 Recipiunt,
3544 485 3740 554 inquit:

2169 584 2294 639 ergo
2308 572 2575 626 amiserat.
2599 572 2660 626 Si
2679 574 2914 642 recipiant
2941 591 3130 644 pennas
3166 591 3299 628 meas
3326 576 3378 627 in
3403 574 3666 640 directum,
3697 586 3744 631 et

2169 659 2398 714 habitabo
2419 663 2466 714 in
2495 663 2762 715 novissima
2803 663 2974 716 maris.
3017 663 3216 717 Etenim
3269 664 3388 716 illnc
3433 681 3610 717 manus
3656 677 3739 719 tua

2168 750 2376 804 deducet
2397 769 2492 817 me,
2526 763 2572 805 et
2591 754 2804 807 adducet
2834 770 2909 805 me
2925 753 3129 807 dextera
3157 765 3259 806 tua.
3283 753 3391 808 [loc
3407 754 3740 815 meditemur.

2170 839 2356 894 fratres
2381 843 2674 896 charissimi
2698 860 2711 909 ;
2747 843 2859 898 haec
2898 844 2966 897 sit
2992 858 3114 913 spes
3145 853 3342 908 nostra,
3375 843 3488 897 hare
3517 845 3584 898 sit
3611 859 3740 898 con-

2166 934 2356 986 solatio
2400 944 2599 988 nostra.
2641 936 2978 1004 Recipiamus
3032 950 3231 1004 pennas
3276 950 3371 1004 per
3407 935 3738 998 charitatem,

2165 1039 2296 1093 quas
2343 1025 2618 1080 amisimus
2658 1041 2750 1095 per
2795 1025 3159 1095 cupiditatem.
3198 1025 3467 1094 Cupiditas
3501 1027 3642 1079 enim
3669 1026 3743 1077 vi-

2165 1129 2310 1172 scum
2337 1116 2471 1172 facta
2526 1127 2607 1170 est
2651 1132 2942 1186 pennarum
2994 1117 3491 1180 nostrarum;elisit
3533 1133 3628 1170 nos
3679 1118 3742 1171 de

2164 1206 2407 1262 libertate
2429 1208 2567 1262 aeris
2595 1208 2782 1274 nostri,
2833 1207 2882 1262 id
2909 1216 2992 1262 est
3037 1223 3282 1262 aurarum
3313 1208 3518 1260 illarum
3550 1207 3741 1262 libera-

2164 1313 2282 1352 rum
2310 1300 2534 1368 Spiritus
2555 1301 2670 1354 Dei.
2723 1301 2848 1355 Inde
2902 1301 3015 1356 elisi
3067 1301 3390 1372 perdidimus
3432 1315 3652 1370 pennas,
3693 1312 3738 1354 ct

2163 1389 2358 1445 fuimus
2381 1393 2771 1460 quodammodo
2813 1393 3057 1462 captivati
3087 1393 3136 1446 in
3185 1393 3402 1463 aucupis
3432 1401 3692 1460 potestate
3728 1411 3737 1444 :

2162 1479 2286 1534 inde
2314 1494 2410 1535 nos
2454 1483 2709 1552 sanguine
2739 1497 2836 1536 suo
2866 1482 3110 1546 redemit,
3139 1498 3296 1551 quem
3324 1482 3552 1551 fugimus
3571 1491 3626 1534 ιιι
3655 1497 3737 1536 ca-

2162 1587 2426 1641 peremur.
2475 1573 2651 1627 Nutrit
2689 1573 2842 1628 nobis
2882 1588 3083 1642 pennas
3136 1572 3202 1626 de
3254 1573 3532 1642 prmccptis
3589 1572 3733 1634 suis;

2161 1662 2409 1732 erigimus
2434 1678 2524 1718 eas
2547 1663 2656 1731 jam
2687 1663 2801 1717 sine
2845 1664 3007 1718 visco.
3033 1661 3144 1715 Non
3174 1677 3410 1716 amemus
3455 1676 3619 1723 mare,
3647 1660 3733 1714 sed

2161 1753 2397 1806 volemus
2418 1752 2468 1806 in
2499 1761 2734 1809 extrema
2754 1754 2934 1807 maris.
2961 1751 3126 1807 Nemo
3153 1751 3379 1821 trepidet
3407 1767 3422 1816 ;
3465 1750 3557 1805 sed
3583 1766 3736 1804 nemo

2160 1842 2227 1898 de
2277 1845 2460 1912 pennis
2490 1847 2614 1912 _suis
2682 1854 2966 1915 praesumat
2997 1863 3008 1899 :
3037 1846 3156 1916 quia
3204 1853 3258 1900 et
3309 1854 3570 1914 pennatos
3594 1845 3609 1874 ¹
3638 1843 3735 1899 nisi

2161 1939 2273 2009 ipse
2302 1941 2487 2011 erigat,
2517 1942 2620 1996 nisi
2647 1946 2760 2012 ipse
2789 1943 3036 2009 deducat,
3066 1943 3514 2012 prmeipitabimur
3539 1945 3592 1998 in
3613 1960 3733 2013 pro-

2161 2030 2317 2086 funda
2347 2035 2524 2099 maris,
2545 2035 2724 2089 lassati
2747 2044 2801 2090 et
2829 2034 3049 2106 fatigati,
3079 2036 3226 2104 quasi
3256 2045 3640 2104 prresumentes
3668 2037 3738 2090 de

2159 2125 2358 2179 viribus
2390 2128 2603 2180 nostris.
2659 2127 2802 2196 Opus
2829 2143 2956 2198 ergo
2977 2135 3058 2181 est
3098 2137 3155 2180 ut
3184 2127 3474 2182 habeamus
3512 2141 3733 2196 pennas,

2157 2224 2211 2270 ct
2239 2231 2371 2285 opus
2396 2227 2476 2271 est
2507 2229 2560 2272 ut
2586 2217 2699 2287 ipse
2723 2218 2980 2280 deducat;
3013 2218 3222 2287 adjutor
3252 2219 3392 2273 enim
3423 2229 3605 2272 noster
3632 2229 3731 2273 est.

2159 2304 2422 2359 llabemus
2447 2307 2667 2361 liberum
2698 2307 2973 2361 arbitrium
3006 2325 3020 2373 ;
3060 2307 3153 2362 sed
3181 2307 3270 2361 illo
3301 2308 3416 2377 ipso
3446 2308 3617 2362 libero
3645 2322 3732 2361 ar-

2154 2395 2313 2450 bitrio
2338 2407 2588 2466 quantum
2618 2413 2921 2468 possumus,
2972 2400 3070 2452 nisi
3105 2415 3203 2454 nos
3244 2399 3463 2469 adjuvet
3519 2399 3607 2454 ille
3647 2399 3736 2469 qui

2149 2494 2345 2564 jubet?
2378 2495 2573 2549 Etenim
2610 2495 2734 2549 illuc
2760 2512 2936 2549 manus
2963 2505 3048 2549 tua
3073 2495 3283 2549 deducet
3323 2512 3420 2561 me,
3448 2504 3492 2549 et
3521 2495 3740 2554 adducetL

2152 2603 2230 2640 me
2255 2589 2459 2642 dextera
2487 2598 2590 2642 tua.

2225 2679 2309 2733 M.
2341 2677 2358 2750 [
2388 2693 2513 2732 vers.
2542 2679 2625 2732 11.
2650 2675 2669 2749 ]
2695 2677 2762 2732 Ει
2787 2677 3583 2748 consideranslonginquitatem
3612 2677 3741 2746 vine,

2148 2771 2275 2841 quid
2319 2771 2416 2826 sibi
2456 2771 2635 2826 dixit?
2675 2770 2741 2823 Et
2761 2771 2888 2837 dixi,
2926 2769 3163 2824 Fortasse
3204 2771 3417 2824 tenebrat
3461 2771 3730 2823 conculca-

2149 2860 2270 2914 bunt
2299 2878 2393 2914 me.
2445 2861 2584 2916 Ecce
2631 2861 2772 2916 enim
2796 2861 2905 2930 jam
2948 2861 3147 2916 credidi
3191 2862 3243 2915 in
3295 2860 3597 2926 Christum,
3624 2863 3736 2930 jam,

2147 2953 2322 3022 erigor
2347 2953 2548 3008 duabus
2573 2952 2672 3006 alis
2700 2953 2924 3022 gemina:
2951 2955 3246 3020 cbaritatis,
3288 2963 3342 3008 ct
3378 2954 3611 3010 abundat
3636 2955 3731 3007 ini-

2147 3043 2320 3111 quitas
2349 3043 2514 3112 hujus:
2536 3043 2713 3098 saeculi
2741 3053 2821 3109 ;et
2854 3045 3102 3113 quoniam
3146 3043 3434 3098 abundavit
3459 3044 3728 3113 iniquitas.

2148 3132 2440 3202 refrigescit
2481 3132 2714 3188 eharitas
2770 3130 3076 3187 multorum.
3115 3134 3202 3188 Sic
3249 3133 3381 3188 dixit
3427 3133 3728 3188 Dominus:

2150 3223 2397 3288 Quoniam
2435 3223 2705 3278 abundabit
2740 3225 3010 3294 iniquitas,
3037 3226 3320 3296 refrigescet
3344 3224 3566 3278 eharitas
3602 3226 3732 3280 muf-

2146 3325 2330 3369 torum.
2381 3314 2437 3370 ln
2497 3317 2592 3370 ista
2624 3316 2728 3370 vita
2771 3317 2907 3370 inter
2933 3323 3072 3368 tanta
3124 3315 3394 3381 scandala,
3426 3315 3567 3370 inter
3622 3324 3727 3370 tam

2146 3405 2306 3472 multa
2361 3415 2594 3475 peccata,
2651 3407 2789 3461 inter
2864 3414 3034 3460 tantas
3076 3405 3257 3460 turbas
3297 3405 3728 3476 quotidianarum

2147 3496 2514 3559 tentationum,
2545 3496 2967 3565 quotidianarum
2994 3497 3390 3566 suggestionum
3443 3496 3728 3562 malarum,

2145 3585 2269 3654 quid
2297 3584 2454 3652 facio,
2489 3585 2700 3653 inquit?
2724 3585 2990 3654 quomodo
3031 3586 3344 3654 perveniam
3391 3586 3457 3640 ad
3489 3595 3728 3642 extrema

2145 3675 2354 3730 maris?
2379 3675 2546 3730 Audio
2575 3676 2877 3730 terribiliter
2906 3691 2935 3729 a
2968 3677 3218 3744 Domino,
3275 3677 3527 3740 Quoniam
3569 3677 3728 3730 abun-

2145 3769 2282 3822 dabit
2307 3769 2562 3838 iniquitas,
2594 3768 2876 3838 refrigescet
2923 3769 3143 3822 cltaritas
3190 3770 3466 3822 multorum
3492 3785 3511 3823 :
3537 3769 3729 3825 deinde

2145 3859 2387 3928 subjecit,
2410 3861 2509 3926 Qui
2526 3860 2904 3932 perseveraverit
2933 3877 3085 3930 usque
3128 3860 3181 3913 in
3222 3860 3394 3928 ﬁnem,
3427 3861 3508 3913 hic
3559 3861 3728 3914 salvus

2145 3951 2234 4002 erit
2256 3950 2467 4020 (Matth.
2482 3967 2626 4016 sxw,
2649 3951 2735 4018 1'2,
2752 3953 2866 4022 15).
2892 3951 3186 4006 Attendeus
3209 3951 3589 4022 longitudinem
3607 3954 3724 4018 vite,

2144 4040 2252 4093 dixi
2284 4041 2432 4106 mihi,
2468 4041 2704 4096 Fortasse
2753 4042 2963 4095 tenebra:
2990 4042 3353 4096 conculcabunt
3404 4059 3503 4099 me.
3535 4042 3601 4095 Et
3627 4058 3728 4096 nos:

2145 4132 2445 4185 itluminatio
2473 4134 2491 4162 ’
2522 4133 2574 4185 in
2603 4132 2793 4190 deliciis
2838 4132 2977 4186 meis.
3009 4131 3169 4186 Facta
3197 4141 3280 4188 est
3304 4132 3431 4185 mihi
3468 4147 3573 4187 nox
3604 4133 3724 4187 illu-

2145 4225 2406 4278 minatio:
2446 4225 2566 4294 quia
2630 4225 2684 4278 in
2742 4233 2900 4278 nocte
2953 4239 3040 4278 me
3091 4224 3508 4294 desperaverant
3570 4238 3726 4294 posse

2147 4318 2375 4372 transire
2403 4326 2605 4371 tantum
2634 4331 2799 4382 mare,
2849 4324 2903 4370 et
2933 4324 3132 4370 tantam
3184 4315 3322 4374 viam
3373 4329 3653 4385 superare,
3675 4324 3734 4382 et

2144 4410 2327 4462 venire
2365 4408 2429 4461 ad
2457 4419 2750 4462 extremum
2802 4407 3188 4476 perseverando
3235 4421 3401 4476 usque
3451 4407 3502 4459 in
3545 4406 3722 4459 finem.

2145 4498 2354 4554 Gratias
2384 4499 2458 4553 illi
2487 4499 2573 4568 qui
2604 4514 2689 4552 me
2711 4499 2951 4569 qumsivit
2975 4499 3271 4568 fugitivum,
3309 4499 3396 4568 qui
3429 4507 3574 4568 terga
3606 4512 3721 4552 mea

2145 4589 2336 4659 flagelli
2387 4589 2536 4659 plaga
2562 4590 2839 4659 percussit,
2871 4589 2959 4658 qui
3001 4605 3084 4644 me
3115 4589 3372 4653 vocando,
3409 4589 3477 4643 ab
3509 4589 3731 4650 interitu.

2145 4681 2433 4747 revocavit,
2458 4681 2546 4750 qui
2586 4680 2709 4734 fecit
2755 4679 2882 4733 mihi
2938 4680 3288 4748 illuminatam
3339 4690 3570 4734 noctem.
3614 4679 3724 4734 Nox

2145 4783 2226 4834 est
2252 4773 2392 4827 enim
2420 4771 2670 4842 quamdiu
2703 4773 2799 4825 ista
2831 4773 2939 4825 vita
2973 4773 3163 4842 agitur.
3195 4771 3471 4838 Quomodo
3509 4780 3592 4827 est
3622 4786 3722 4824 nox

2147 4864 2482 4918 illuminata?
2526 4863 2658 4929 Quia
2723 4861 2965 4918 Christus
3034 4863 3309 4918 descendit
3356 4865 3411 4920 in
3491 4874 3722 4919 noctem.

2145 4954 2366 5023 Accepit
2385 4955 2624 5008 Christus
2639 4968 2853 5006 carnem
2883 4953 2949 5008 de
2981 4953 3084 5007 isto
3114 4955 3334 5020 smeulo,
3365 4965 3418 5008 et
3456 4955 3724 5010 illumina-

2147 5044 2222 5097 vit
2252 5043 2402 5098 nobis
2429 5051 2660 5098 noctem.
2687 5043 2996 5098 Perdiderat
3017 5045 3157 5098 enim
3200 5045 3508 5100 drachmam
3540 5046 3725 5099 mulier

2148 5134 2234 5200 illa
2263 5151 2276 5197 ;
2307 5134 2550 5188 accendit
2588 5134 2857 5189 lucernam
2887 5133 2904 5203 (
2935 5133 3061 5187 Luc.
3081 5151 3171 5199 xv,
3198 5135 3232 5190 8
3261 5136 3300 5206 ).
3331 5135 3599 5204 Sapientia
3636 5137 3722 5190 Dei

2150 5225 2452 5294 perdiderat
2470 5225 2797 5284 drachmam.
2821 5225 2956 5293 Quid
2991 5235 3072 5280 est
3099 5226 3350 5281 drachma
3382 5228 3403 5279 ?
3446 5227 3722 5293 Nmnmus,

2149 5317 2199 5372 iu
2230 5333 2335 5386 quo
2357 5333 2572 5371 nummo
2594 5317 2766 5386 imago
2805 5326 2921 5372 crat.
2946 5317 3110 5387 ipsius
3143 5317 3481 5387 Imperatoris
3533 5319 3718 5371 nostri.

2149 5407 2339 5462 Factus
2372 5416 2453 5462 est
2472 5408 2612 5463 enim
2639 5406 2799 5461 homo
2845 5407 2911 5462 ad
2941 5408 3220 5478 imaginem
3247 5409 3337 5462 Dei
3361 5407 3514 5478 (Gen.
3546 5425 3582 5474 ι,
3605 5408 3719 5478 27),

2146 5509 2202 5554 et
2225 5500 2472 5570 perierat.
2518 5499 2586 5554 Et
2615 5498 2741 5569 quid
2779 5499 2900 5556 fecit
2959 5501 3150 5556 mulier
3199 5503 3445 5572 sapiens?
3469 5501 3731 5566 Accendit

2214 5679 2234 5715 ι.
2255 5684 2353 5723 Am.
2382 5681 2435 5724 et
2478 5674 2644 5738 plures
2669 5683 2797 5735 Mss,
2821 5679 3013 5739 pennati
3042 5689 3060 5726 :
3083 5689 3297 5729 moxaue
3328 5679 3449 5727 corb
3490 5683 3596 5735 δίδη
3628 5671 3718 5727 nisi

2150 5743 2249 5789 inse
2275 5743 2423 5789 reatu.

2189 5753 2249 5787 ise.
2275 5751 2326 5785 re
2359 5750 2423 5786 at.

2170 5755 2183 5801 1
2220 5805 2236 5832 λ
2263 5750 2370 5852 tadlql.
2405 5801 2689 5856 illuminatio
2721 5822 2840 5859 mea.
2870 5811 3027 5862 Abest.
3051 5825 3172 5872 nunt,
3194 5827 3219 5861 a
3244 5816 3348 5858 MSS-
3370 5816 3418 5859 t'l
3448 5822 3472 5858 Il
3498 5818 3623 5862 ΙιΧΧ-
