4080 6464
330 320 473 397 i795

330 448 619 504 lucernam.
670 443 910 498 Lucerna
957 439 1025 493 de
1083 438 1192 491 luto
1238 441 1357 500 est,
1389 434 1480 489 sed
1520 433 1678 487 habet
1726 431 1900 484 lucem

326 547 427 609 qua
455 535 751 590 inveniatur
778 533 1049 586 drachma.
1076 529 1311 582 Lucerna
1338 540 1464 595 ergo
1492 521 1783 593 sapientiae,
1812 534 1902 574 ea-

328 633 390 683 ro
411 625 629 691 Christi,
661 624 728 678 de
783 623 893 675 luto
941 621 1073 675 facta
1106 628 1228 682 est;
1267 615 1360 671 sed
1392 614 1564 669 Verbo
1600 626 1699 666 suo
1744 611 1903 674 lucet,

332 719 532 773 invenit
550 715 806 787 perditos.
854 712 921 766 Et
959 728 1060 765 nos:
1103 708 1404 764 illuminatio
1429 707 1481 760 in
1518 703 1707 759 deliciis
1742 704 1864 755 meis
1889 717 1908 756 :

331 809 465 864 facta
490 816 571 863 est
598 806 725 860 mihi
774 820 875 859 nos
924 804 975 858 in
999 802 1224 856 deliciis.
1266 796 1477 854 Deliciaé
1520 802 1720 850 nostra:
1752 793 1908 847 Chri-

330 909 463 954 stus.
494 898 679 953 Videte
702 891 1146 966 quemadmodum
1164 890 1230 946 de
1262 890 1353 944 illo
1379 888 1537 943 modo
1565 885 1904 956 gaudeamus.

329 994 605 1050 Clamores
622 991 709 1047 isti
740 990 924 1055 vestri,
947 988 1134 1059 gaudia
1162 986 1259 1040 ista
1289 993 1460 1039 vestra
1482 979 1618 1036 unde
1638 984 1777 1043 sunt,
1825 972 1907 1031 ni-

330 1086 372 1139 si
397 1085 463 1139 de
489 1083 738 1140 delieiis?
768 1081 921 1138 Unde
942 1078 1115 1134 autem
1145 1078 1259 1132 isne
1279 1072 1499 1135 delicixe.
1525 1072 1623 1126 nisi
1655 1072 1774 1140 quia
1804 1078 1909 1124 nox

332 1175 625 1229 tlluminata
674 1180 755 1227 est
784 1213 799 1239 ,
866 1170 966 1225 nisi
1005 1169 1126 1239 quia
1174 1167 1325 1222 nobis
1361 1166 1602 1220 Christus
1657 1161 1912 1216 Dominus

333 1267 648 1338 medicatur
669 1262 693 1319 ?
717 1264 848 1332 Quia
874 1260 1118 1333 quaesivit
1158 1274 1251 1312 vos
1298 1264 1575 1324 antequam
1604 1252 1912 1323 quaereretis

332 1365 548 1421 eum,et
575 1357 776 1412 inVcnit
819 1370 911 1409 vos
967 1361 1028 1408 ut
1068 1350 1377 1406 inveniretis
1407 1358 1550 1403 eum.
1580 1344 1644 1399 Et
1670 1344 1914 1399 uexillu-

332 1449 540 1502 minatio
562 1449 615 1500 in
632 1446 823 1500 deliciis
847 1444 987 1498 meis.

405 1540 492 1594 15.
539 1536 705 1609 [vei-s.
753 1534 886 1607 12.]
936 1532 1187 1601 Quoniam
1237 1529 1447 1584 tenebrw
1479 1540 1579 1581 non
1629 1523 1916 1580 oblencbra-

332 1627 521 1683 buntur
544 1636 665 1680 ate.
698 1626 777 1679 Tu
808 1638 959 1694 «ergo
1001 1622 1106 1676 noli
1160 1619 1438 1676 tenebrare
1457 1614 1702 1670 tenebras
1749 1622 1911 1677 tuas;

332 1732 385 1776 et
415 1721 561 1775 Deus
586 1720 703 1775 illas
727 1733 832 1773 non
862 1716 1123 1782 tenebrat,
1146 1714 1237 1769 sed
1270 1713 1436 1782 magis
1459 1711 1759 1766 illuminat:
1790 1707 1912 1777 quia

336 1814 627 1869 illidictnm
650 1819 732 1867 est
767 1811 820 1866 in
844 1810 947 1864 alio
976 1808 1191 1878 psalmo,
1219 1804 1298 1860 Tu
1325 1801 1632 1859 illuminabis
1661 1802 1915 1854 lucernam

334 1921 520 1971 meam,
555 1902 768 1956 Domine
798 1902 819 1965 ζ
852 1900 985 1953 Deus
1010 1911 1165 1961 meas,
1197 1890 1501 1950 illuminabis
1533 1891 1754 1946 tenebras
1783 1904 1916 1943 meas

335 1993 669 2065 (Psal.xvn,
700 1991 770 2046 29
803 1992 841 2061 ).
877 1982 975 2058 Qui
1001 1996 1177 2043 autem
1197 1986 1474 2041 tenebrant
1497 1982 1741 2038 tenebras
1770 1986 1913 2047 suas,

335 2102 465 2157 quas
494 2086 636 2141 Dens
664 2100 769 2140 non
814 2082 1109 2139 tenebrat?
1162 2080 1416 2135 Homines
1468 2076 1613 2142 mali,
1667 2075 1914 2130 homines

335 2177 575 2249 pchersi
604 2194 616 2229 :
645 2190 768 2230 cum
804 2183 1046 2244 peccant,
1099 2172 1281 2241 utique
1326 2166 1559 2224 tenebra:
1601 2173 1763 2231 sunt;
1791 2165 1915 2218 dmn

337 2282 441 2324 non
462 2268 787 2323 confitentur
840 2274 1055 2336 peccata
1101 2272 1220 2333 Quae
1260 2260 1516 2323 fecerunt,
1563 2258 1658 2315 sed
1705 2259 1919 2327 insuper

338 2356 649 2422 defendunt,
702 2356 978 2411 tene'brant
1021 2352 1267 2408 tenebras
1319 2364 1464 2405 suas.
1532 2350 1672 2419 Ergo
1713 2349 1822 2419 jam
1873 2349 1917 2402 si

339 2448 594 2520 peccasti,
646 2448 699 2501 in
745 2445 979 2501 tenebris
1031 2457 1136 2498 es:
1183 2441 1275 2497 sed
1328 2439 1631 2495 conﬁtendo
1674 2440 1919 2494 tenebras

326 2541 481 2604 'tuas,
504 2537 795 2594 mereberis
821 2535 1106 2591 illuminari
1130 2531 1376 2587 tenebras
1407 2539 1557 2595 tuas;
1585 2526 1919 2583 defendendo

340 2637 521 2684 autem
575 2628 821 2683 tenebras
843 2635 979 2691 tuas,
1029 2622 1324 2679 tenebraris
1379 2621 1626 2675 tenebras
1680 2628 1819 2673 tuas.
1853 2616 1920 2670 Et

341 2720 556 2790 quando
574 2719 763 2779 evades
787 2733 817 2772 a
863 2716 1159 2786 duplicibus
1193 2714 1442 2780 tenebris,
1466 2713 1555 2783 qui
1581 2712 1634 2766 in
1664 2711 1918 2780 simplici-

343 2812 444 2866 bus
474 2812 751 2868 laborabas
777 2812 801 2865 'l
826 2810 978 2866 Unde
1018 2818 1193 2863 autem
1225 2806 1478 2860 Dominus
1531 2818 1635 2857 non
1680 2803 1922 2858 tenebrat

343 2902 589 2956 tenebras
619 2911 825 2955 nostras
849 2900 872 2953 ?
899 2900 1030 2968 Quia
1084 2910 1188 2952 non
1229 2912 1325 2951 nos
1368 2896 1494 2950 sinit
1551 2894 1804 2964 impunita
1837 2893 1924 2946 lla-

342 2992 469 3049 bcre
503 3002 753 3063 peccata:
785 2992 1013 3062 ﬂagellat
1041 3004 1137 3045 nos
1158 2989 1227 3047 in?
1252 2989 1366 3042 istis
1394 2986 1681 3048 laboribus,
1728 2993 1920 3039 eteru.

341 3085 421 3141 dit
439 3085 704 3150 nos.'l‘ota
740 3070 1093 3139 ista‘miseria
1111 3066 1322 3150 generis
1351 3077 1567 3132 humani
1616 3077 1668 3130 in
1708 3090 1807 3144 qua
1829 3089 1925 3144 ge-

342 3175 440 3230 mit
481 3173 733 3241 mundus,
765 3172 1039 3235 noveritis,
1074 3169 1285 3233 fratres,
1338 3169 1459 3237 quia
1508 3166 1661 3221 dolor
1702 3164 1923 3219 medici—

341 3267 480 3321 nalis
501 3274 600 3332 cst,
625 3280 731 3318 non
773 3261 1039 3319 sententia
1071 3259 1343 3329 poenaliSu
1374 3256 1570 3311 Videtis
1620 3254 1742 3324 quia
1771 3252 1922 3307 dolor

340 3357 558 3427 ubique,
590 3349 784 3427 ubique
830 3362 1023 3418 metus,
1066 3351 1260 3421 ubique
1287 3348 1597 3413 necessitas,
1628 3345 1819 3415 ubique
1845 3344 1924 3399 la-
1994 3348 1999 3355 '

343 3450 523 3505 bores.
554 3447 757 3505 Crescit
794 3446 1032 3510 avaritia,
1065 3442 1158 3499 sed
1187 3443 1237 3496 in
1269 3439 1442 3495 malis.
1473 3438 1531 3495 Si
1562 3437 1628 3493 ad
1658 3436 1760 3493 hoc
1789 3435 1927 3490 Deus

343 3539 434 3596 hic
462 3540 657 3594 talibus
681 3538 902 3608 ﬂagellis
922 3536 1060 3591 eruit
1103 3547 1222 3599 nos,
1248 3540 1307 3586 ut
1336 3545 1440 3585 non
1479 3528 1825 3584 tenebrentur
1845 3533 1925 3581 te-
2006 3538 2009 3541 '

345 3633 528 3688 nebrae
564 3639 803 3696 nostrzn;
839 3641 1185 3700 agnoscamus
1227 3637 1326 3680 nos
1385 3624 1484 3678 sub
1526 3635 1683 3692 paena
1734 3616 1927 3687 ﬂagelli

348 3739 490 3788 esse,
508 3732 561 3777 et
589 3721 965 3778 benedicamus
992 3718 1161 3772 Deum
1185 3716 1494 3770 miscentem
1547 3708 1928 3765 amaritudines

347 3813 615 3868 dulcedini
644 3812 765 3865 vita:
814 3808 1136 3879 temporalis,
1189 3821 1256 3861 ne
1306 3802 1673 3872 temporalium
1715 3800 1930 3854 delicia-

351 3918 470 3957 rum
500 3902 850 3959 delectatione
892 3898 1095 3965 caicati,
1141 3910 1249 3952 non
1303 3892 1666 3949 desideremus
1710 3890 1929 3945 delicias

350 4004 598 4058 aeternas,
622 4006 722 4048 nec
758 3991 983 4047 velimus
1026 3988 1162 4042 ﬁniri
1211 4001 1356 4041 mare
1383 3994 1437 4040 et
1475 3984 1711 4038 habitare
1741 3982 1792 4035 in
1834 3994 1930 4035 no-

353 4084 570 4139 vissima
594 4082 812 4137 maris‘.
836 4080 1065 4135 Steviant
1095 4092 1222 4148 ergo
1246 4076 1437 4131 ﬂuctus
1488 4073 1651 4127 maris
1682 4088 1699 4138 ;
1731 4081 1931 4142 quanto

354 4174 477 4244 plus
504 4172 730 4226 sazviunt
769 4170 960 4224 ﬂuctus
998 4168 1193 4233 maris,
1225 4176 1371 4220 tanto
1397 4180 1454 4219 se
1479 4164 1565 4218 illa
1597 4178 1717 4217 cum
1744 4162 1932 4230 pennis

353 4264 603 4321 columba
647 4263 981 4333 suspendit’.
1009 4261 1123 4315 Non
1170 4273 1297 4329 ergo
1327 4257 1568 4312 tenebrat
1613 4255 1758 4308 Deus
1787 4262 1933 4307 tene-

357 4356 480 4411 bras
505 4365 714 4409 n03tras
738 4373 751 4418 ;
777 4358 896 4429 quia
920 4353 1104 4407 miscet
1130 4348 1334 4418 ﬂagella
1381 4346 1610 4417 peccatis
1634 4343 1855 4407 nostris,
1878 4351 1933 4397 et

357 4445 734 4500 amaritudines
764 4443 936 4513 pravis
954 4440 1319 4496 dulcedinibus
1348 4437 1562 4492 nostris.
1590 4433 1705 4488 Non
1724 4447 1821 4486 nos
1849 4441 1931 4486 te-

358 4539 644 4594 nehremus
665 4535 908 4591 tenebras
952 4542 1160 4587 nostras
1207 4526 1541 4584 defendendo
1592 4532 1809 4593 peccata
1838 4535 1934 4575 no-

357 4640 467 4684 stra
498 4646 512 4694 ;
551 4637 605 4684 et
625 4630 731 4682 ‘nox
763 4623 1074 4680 illuminatio
1103 4622 1157 4675 in
1190 4618 1394 4675 deliciis
1427 4615 1648 4671 nostris.
1683 4612 1935 4679 Quoniam

359 4720 573 4774 tenebris:
585 4734 684 4773 non
703 4713 1146 4771 obtenebrabuutuf
1158 4728 1190 4764 a
1215 4720 1279 4763 te.

433 4808 523 4865 16.
563 4808 630 4861 Et
669 4823 770 4861 nox
808 4816 1044 4875 tanquam
1091 4799 1197 4855 dies
1236 4797 1622 4853 illuminabitur.
1655 4793 1774 4848 Nam
1815 4802 1930 4847 tan-
1999 4815 2006 4823 τ

358 4916 515 4971 quam
539 4900 644 4953 dies
666 4914 685 4952 :
708 4898 824 4953 dies
863 4895 1016 4950 nobis
1057 4890 1377 4962 prosperitas
1406 4887 1582 4945 surculi
1606 4927 1620 4952 ,
1650 4900 1749 4940 nox
1780 4884 1935 4938 nobis

361 4993 656 5047 adversitas
684 4988 862 5043 saeculi
893 5004 906 5040 :
937 4984 1031 5040 sed
1061 4984 1105 5039 si
1121 4994 1501 5052 cognoscamus
1517 4978 1706 5031 merito
1744 4990 1935 5043 pecca-

365 5097 538 5141 torum
567 5091 870 5138 nostrorum
911 5094 1007 5133 nos
1033 5075 1379 5131 adversitates
1407 5070 1534 5142 pati,
1564 5077 1616 5122 et
1644 5068 1814 5121 dulcia
1842 5081 1931 5121 no-

366 5175 448 5229 bis
468 5174 577 5229 sint
603 5170 806 5241 ﬂagella
833 5167 1025 5232 Patris,
1053 5182 1118 5220 ne
1143 5164 1214 5218 sit
1238 5176 1419 5217 amara
1445 5157 1702 5214 sententia
1720 5156 1932 5225 judicis;
2026 5172 2027 5175 η

365 5267 441 5323 sic
464 5265 773 5320 habebimus
801 5259 1048 5315 tenebras
1075 5256 1244 5311 noctis
1272 5251 1449 5321 hujus,
1472 5247 1737 5320 quomodo
1759 5247 1939 5300 lumen

366 5358 537 5413 noctis
567 5354 743 5425 hujus.
783 5353 839 5408 Si
867 5366 972 5406 nos
1013 5359 1121 5413 est,
1152 5344 1418 5417 quomodo
1459 5342 1527 5397 ibi
1561 5341 1647 5394 lux
1674 5338 1795 5394 est?
1825 5338 1936 5393 Nox
2002 5348 2005 5355 ‘

366 5459 483 5517 est,
512 5449 633 5518 quia
672 5453 879 5502 erratur
927 5443 1010 5497 hic
1054 5456 1083 5494 a
1130 5452 1324 5509 genere
1368 5436 1597 5488 humano
1627 5449 1640 5485 :
1675 5446 1781 5483 nox
1831 5438 1933 5496 est,

430 5576 548 5646 {ste
566 5572 797 5641 meliores
817 5577 923 5618 Mss.
950 5572 1005 5615 At
1026 5564 1159 5623 Edd.,
1198 5560 1339 5625 ﬁnire
1376 5572 1528 5619 mare,
1566 5563 1613 5608 et
1649 5555 1866 5606 habitare
1886 5555 1936 5605 in

368 5648 618 5686 ηοῐσιδδιηιο
638 5647 802 5684 maris.
1070 5684 1080 5690 _
1089 5684 1097 5690 _
1107 5683 1117 5690 _
1433 5679 1443 5690 ,

430 5678 619 5745 feeit}.
638 5678 902 5753 'ii's'i,"imo
923 5703 973 5741 se
993 5683 1152 5753 milia
1171 5697 1286 5732 cum
1301 5679 1466 5753 pennis
1484 5678 1715 5751 columba:
1737 5691 1932 5743 suspen-

371 5760 459 5810 dit;
485 5742 713 5818 iniam
734 5742 834 5816 illa,
858 5746 1238 5804 subaudiendum
1262 5742 1337 5795 ρει
1359 5742 1628 5793 novissiim.

1354 317 1745 376 ENARIlA'I‘IU
1786 315 1849 370 IN
1889 313 2208 372 PSALMUM
2243 308 2566 376 CXXXVIII.

3450 332 3581 402 tisi

2008 429 2127 499 quia
2176 431 2409 487 nondum
2458 435 2701 491 venimus
2744 438 2808 492 ad
2858 440 3005 497 illum
3058 444 3220 513 diem,
3271 464 3428 520 quem
3474 470 3582 516 non

2009 533 2243 577 coarctat
2283 524 2563 581 hesternos
2588 537 2641 583 et
2669 533 2931 588 crastinus
2961 551 2975 600 ;
3005 538 3098 591 sed
3133 549 3215 594 est
3240 541 3354 598 dies
3393 563 3585 616 perpo-

2012 622 2131 667 tuus
2150 654 2165 679 ,
2199 615 2315 670 si'ne
2340 624 2484 683 ortu,
2515 619 2635 688 quia
2660 622 2776 676 sine
2801 637 3011 679 occasu.
3043 626 3156 683 Nox
3197 641 3278 686 est
3303 604 3428 706 ergo
3457 604 3581 706 hic}

2010 705 2101 759 sed
2132 708 2413 776 quamdam
2456 709 2624 765 lucem
2656 727 2805 768 suam
2835 731 2937 770 nox
2984 719 3081 774 ista
3123 721 3307 790 habet,
3339 705 3393 781 et
3432 737 3583 785 tene-

2011 795 2133 890 bras
2163 814 2307 854 suas.
2339 803 2512 868 Quare
2555 804 2622 858 sit
2658 808 2972 875 generaliter
3012 826 3114 866 nox
3162 813 3391 873 diximus
3420 837 3432 873 :
3461 836 3581 890 qua:

1996 884 2093 940 ‘est
2122 888 2206 941 IUX
2238 890 2408 944 noctis
2446 889 2647 960 hujus?
2684 889 3018 965 Prosperitas
3044 910 3098 955 et
3127 900 3350 960 felicitas
3390 884 3578 965 s'eenli

2013 973 2192 1068 hujus,
2231 978 2477 1047 gaudium
2510 982 2821 1052 temporale,
2864 985 3037 1042 honor
3066 995 3404 1062 temporalis,
3432 1000 3585 1068 quasi

2013 1063 2100 1120 lux
2133 1075 2214 1120 est
2243 1070 2412 1124 noctis
2441 1070 2617 1141 hujus.
2646 1074 2960 1132 Adversitas
2999 1089 3175 1136 autem
3204 1093 3258 1138 et
3285 1063 3583 1144 amari-tudo

2013 1155 2405 1214 tribulationum
2434 1163 2515 1215 vel
2545 1164 2844 1234 ignobilitas
2863 1208 2877 1234 ,
2910 1178 3156 1240 tanquam
3202 1177 3435 1232 tenebras
3461 1181 3586 1234 sunt

2015 1248 2186 1302 noctis
2217 1248 2392 1319 hujus.
2441 1252 2496 1306 In
2542 1254 2642 1310 hac
2684 1267 2839 1313 nocte
2861 1300 2877 1326 ,
2909 1259 2958 1313 in
2991 1260 3089 1317 hac
3116 1267 3434 1323 mortalitate
3463 1269 3583 1325 vita:

2015 1338 2260 1396 humana:
2308 1341 2502 1398 habent
2547 1346 2789 1405 homines
2834 1350 3043 1418 lucem,
3095 1354 3289 1411 habent
3342 1358 3585 1417 homines

1996 1431 2261 1486 tenebras
2289 1449 2303 1493 ;
2345 1433 2516 1489 lucem
2548 1439 2981 1507 prosperitatem,
3013 1445 3256 1501 tenebras
3292 1448 3587 1505 adversita-

2017 1532 2140 1577 tem.
2182 1523 2287 1580 Sed
2321 1525 2407 1580 ubi
2450 1528 2655 1582 venerit
2684 1529 2926 1588 Christus
2962 1534 3242 1604 Dominus,
3287 1548 3341 1595 et
3381 1540 3588 1598 habita—
3674 1526 3683 1535 ’

2015 1616 2152 1669 verit
2189 1616 2418 1670 animam
2452 1633 2545 1686 per
2574 1612 2753 1684 fidem,
2785 1620 2837 1676 et
2877 1626 3177 1692 promiserit
3205 1621 3360 1684 aliam
3389 1628 3583 1701 lucem,

2016 1715 2070 1760 et
2109 1707 2444 1778 inspiraverit
2481 1719 2537 1765 et
2572 1711 2849 1769 donaverit
2879 1716 3213 1785 patientiam,
3245 1730 3299 1776 et
3328 1727 3590 1782 monuerit

2017 1796 2284 1854 hominem
2313 1802 2417 1854 neu
2439 1800 2686 1856 delectari
2707 1803 2992 1874 prosperis,
3020 1822 3086 1863 ne
3112 1808 3380 1881 frangatur
3404 1814 3590 1870 adver-

2017 1888 2129 1956 sis;
2159 1891 2344 1961 incipit
2370 1893 2530 1949 homo
2557 1883 2726 1951 fidelis
2751 1896 3113 1955 indiﬂ‘erenter
3142 1904 3213 1956 uti
3244 1905 3440 1960 mundo
3464 1906 3586 1972 isto,

2018 1995 2118 2035 nec
2146 1979 2326 2037 extolli
2352 1978 2563 2053 quando
2594 2001 2679 2041 res
2705 1988 2976 2058 prospera:
3005 1990 3268 2057 accidunt,
3296 2009 3395 2049 nee
3424 1994 3590 2066 frangi

2018 2074 2231 2144 quando
2255 2091 2344 2131 res
2368 2076 2605 2132 adversa)
2627 2087 2770 2145 sunt,
2794 2082 2885 2137 sed
2914 2083 3105 2154 ubique
3128 2085 3408 2142 Dominum
3432 2088 3595 2145 bene-

2018 2162 2230 2235 dicere;
2260 2184 2366 2223 non
2392 2171 2560 2224 solum
2589 2173 2796 2241 quando
2817 2160 3063 2241 abundat,
3086 2176 3179 2231 sed
3202 2179 3358 2233 etiam
3381 2165 3592 2250 quando

2017 2260 2248 2327 amittit;
2300 2277 2404 2316 non
2449 2263 2618 2317 solum
2669 2264 2879 2335 quando
2927 2282 3088 2323 sanus
3132 2277 3246 2335 est,
3293 2271 3386 2325 sed
3430 2273 3591 2328 etiant

2019 2352 2230 2422 quando
2273 2358 2530 2425 mgrotat;
2576 2364 2633 2410 ut
2678 2356 2748 2411 sit
2791 2356 2842 2411 in
2890 2355 2981 2412 illo
3021 2356 3145 2414 vera
3186 2357 3273 2415 illa
3315 2363 3589 2417 cantatio:

2018 2432 2318 2497 Benedicam
2356 2442 2633 2499 Dominum
2675 2448 2726 2501 in
2769 2434 2904 2502 omni
2946 2458 3164 2518 tempore
3184 2465 3206 2515 ;
3242 2467 3436 2520 semper
3479 2453 3592 2507 laus

2018 2534 2130 2604 ejus
2163 2533 2215 2587 in
2244 2551 2329 2588 ore
2369 2551 2477 2589 meo
2504 2534 2672 2606 (Psal.
2698 2553 2889 2606 xxxm,
2918 2538 3008 2610 2).
3041 2539 3095 2594 Si
3127 2555 3253 2611 ergo
3281 2558 3507 2611 semper,
3539 2551 3595 2597 et

2020 2624 2233 2693 quando
2276 2625 2414 2680 lucet
2456 2641 2560 2680 nox
2605 2628 2738 2693 ista,
2768 2640 2821 2683 et
2859 2630 3068 2699 quando
3108 2631 3331 2686 obscura
3361 2642 3442 2687 est
3484 2648 3593 2688 nos

2023 2714 2119 2771 ista
2147 2732 2162 2782 ;
2211 2716 2422 2787 quando
2452 2718 2652 2774 arridet
2681 2722 3004 2790 prosperitas
3023 2763 3037 2787 ,
3070 2723 3278 2792 quando
3319 2724 3484 2778 tristis
3514 2732 3597 2779 est

2021 2807 2349 2875 adversitas,
2389 2824 2601 2879 semper
2628 2811 2694 2864 sit
2738 2810 2851 2865 laus
2889 2812 3003 2881 ejus
3044 2813 3094 2866 in
3139 2828 3232 2869 ore
3266 2822 3355 2868 tuo
3384 2832 3397 2871 :
3428 2822 3481 2869 et
3508 2808 3598 2869 liet

2026 2901 2115 2955 tibi
2142 2901 2282 2971 quod
2313 2903 2471 2980 modo
2496 2903 2693 2958 dictum
2725 2915 2832 2971 est,
2861 2906 3004 2960 Sicut
3036 2908 3246 2962 tenebrae
3274 2894 3383 2980 ejus
3404 2951 3418 2974 ,
3450 2910 3522 2964 sic
3550 2908 3598 2965 et

2026 2984 2194 3044 lumen
2220 2991 2343 3062 ejus.
2390 2977 2506 3046 Non
2538 3008 2621 3048 me
2661 2984 2975 3050 conculcant
3018 2997 3249 3053 tenebra:
3291 2977 3440 3069 ejus,
3472 3001 3594 3069 quia

2027 3098 2129 3136 non
2158 3098 2242 3136 me
2269 3082 2477 3137 extollit
2511 3083 2691 3138 lumen
2721 3084 2855 3153 ejus.

2097 3175 2184 3229 17.
2227 3163 2363 3229 Ecce
2390 3175 2554 3229 habes
2607 3176 2784 3230 lumen
2827 3175 2991 3245 ipsius
3024 3176 3073 3231 in
3117 3177 3218 3233 Job
3255 3178 3598 3233 :abundabat

2025 3265 2273 3321 omnibus
2311 3266 2491 3321 rebus.
2543 3263 2655 3319 Lux
2702 3265 2874 3320 noctis
2916 3263 2969 3319 iu
3018 3262 3163 3320 illius
3203 3268 3397 3322 divitiis
3427 3270 3597 3337 prima

2025 3348 2342 3413 describitur
2371 3358 2628 3429 :quantis
2671 3357 2832 3413 rebus
2874 3368 2928 3413 et
2972 3369 3166 3428 quanta
3206 3360 3356 3429 cepia
3401 3359 3599 3415 redun-

2027 3448 2203 3514 dabat,
2233 3448 2322 3503 lux
2347 3458 2461 3503 erat
2489 3448 2660 3504 noctis
2685 3448 2821 3519 ejus.
2854 3438 3063 3504 Putavit
3093 3450 3335 3505 inimicus
3358 3447 3601 3520 propter-

2028 3555 2089 3595 ea
2153 3539 2301 3593 illum
2336 3540 2496 3595 talem
2524 3540 2696 3594 virum
2724 3540 2902 3595 colere
2933 3537 3094 3594 Deum
3113 3582 3126 3606 ,
3158 3541 3279 3610 quia
3307 3541 3395 3595 illa
3425 3525 3602 3597 omnia

2029 3629 2315 3683 donaverat
2344 3629 2393 3683 ei
2419 3646 2433 3696 ;
2473 3638 2528 3684 et
2554 3630 2743 3699 petivit
2773 3638 2827 3683 ut
2853 3628 3186 3683 auferrentur
3213 3628 3279 3683 ab
3311 3644 3376 3684 eo
3404 3646 3417 3682 :
3450 3628 3603 3684 facta:

2030 3723 2153 3773 sunt
2182 3719 2415 3773 tenebrat
2444 3719 2613 3775 noctis
2648 3716 2791 3774 illius
2818 3734 2935 3789 qum
2964 3719 3132 3788 primo
3160 3718 3386 3773 habebat
3408 3718 3600 3774 lucem;

2030 3805 2259 3865 Noverat
2290 3817 2465 3864 tamen
2494 3811 2584 3865 ille
2604 3851 2618 3876 ,
2649 3811 2760 3865 sive
2800 3809 2889 3863 lux
2930 3809 2999 3863 ibi
3029 3819 3204 3875 esset,
3235 3809 3346 3864 sive
3375 3809 3605 3863 tenebrae

2033 3903 2174 3957 illam
2203 3911 2411 3956 noctem
2444 3917 2585 3967 esse,
2618 3902 2668 3955 in
2700 3916 2801 3970 qua
2835 3902 3259 3970 peregrinaretur
3284 3916 3313 3954 a
3343 3900 3447 3953 Deo
3476 3900 3604 3965 suo;

1998 4068 2001 4071 _
2032 4003 2085 4047 et
2116 3992 2339 4045 habebat
2374 3991 2680 4045 interiorem
2714 3991 2881 4044 lucem
2914 3990 3083 4058 ipsum
3115 3990 3276 4044 Deum
3306 4003 3480 4053 suum,
3515 4004 3609 4058 per

2033 4100 2189 4155 quam
2238 4074 2409 4138 lucem
2462 4084 2766 4139 interiorem
2820 4078 3180 4139 indiﬂ‘erenter
3231 4082 3451 4153 haberet
3496 4082 3608 4138 sive

2033 4176 2281 4231 tenebras
2309 4176 2478 4230 noctis
2506 4175 2667 4241 illius,
2697 4175 2810 4230 sive
2833 4175 3027 4229 lucem.
3060 4174 3342 4244 Proptcrea
3366 4216 3382 4241 ,
3405 4175 3524 4243 quia
3553 4172 3609 4229 in

2034 4269 2151 4322 luce
2178 4268 2348 4321 noctis
2378 4267 2536 4329 illius,
2563 4266 2612 4320 id
2643 4276 2725 4321 est
2752 4267 2802 4321 in
2830 4281 3008 4321 rerum
3034 4263 3373 4334 abundantia,
3394 4266 3611 4321 colebat

2037 4354 2200 4411 Deum
2224 4398 2237 4425 ,
2270 4357 2459 4412 ablatis
2488 4358 2558 4410 illi
2590 4357 2836 4411 omnibus
2864 4356 3024 4411 rebus
3043 4397 3057 4421 ,
3090 4366 3431 4428 posteaquam
3459 4355 3611 4411 factae

2034 4460 2159 4504 sunt
2186 4450 2416 4505 tenebra:
2455 4438 2628 4516 illius,
2662 4449 2787 4519 quid
2830 4449 2964 4504 dixit
3006 4436 3138 4504 ille?
3177 4447 3424 4504 Dominus
3453 4436 3612 4515 dedit,

2037 4539 2285 4593 Dominus
2306 4531 2545 4623 abstulit;
2572 4541 2700 4593 sicut
2723 4530 2941 4593 Domino
2967 4538 3179 4610 placuit,
3203 4540 3275 4593 ita
3295 4530 3485 4608 factum
3511 4537 3614 4593 est:

1998 4706 2005 4712 _
2035 4633 2099 4686 sit
2139 4648 2319 4686 nomen
2372 4618 2577 4684 Domini
2619 4618 2928 4685 benedictum
2960 4624 3078 4702 (Job
3105 4630 3176 4703 ις).
3207 4630 3265 4686 In
3302 4641 3457 4686 nocte
3498 4634 3612 4687 sum

2036 4721 2265 4793 quadam
2293 4722 2414 4783 vita:
2448 4722 2606 4790 hujus
2637 4739 2649 4775 :
2682 4722 2938 4777 Dominus
2965 4736 3116 4777 meus
3136 4763 3150 4786 ,
3181 4720 3382 4791 inquit,
3413 4720 3615 4775 habitat

2036 4829 2131 4868 cor
2155 4829 2331 4869 meum
2358 4829 2373 4879 ;
2421 4801 2739 4867 illuminavit
2768 4812 2896 4866 mihi
2928 4813 3129 4867 solatiis
3170 4811 3483 4882 quibusdam
3514 4825 3614 4864 no-

2037 4911 2176 4958 ctem
2200 4904 2374 4967 istam,
2396 4902 2608 4972 quando
2631 4902 2778 4957 dedit
2806 4904 2987 4973 copias
3012 4917 3188 4958 rerum
3215 4901 3613 4971 temporalium:

2039 4994 2300 5049 subtraxit
2344 4994 2511 5063 ipsam
2544 4995 2715 5049 lueem
2755 4994 3130 5064 temporalem,
3174 5001 3229 5048 et
3270 4993 3420 5062 quasi
3462 5002 3614 5048 tene-

2038 5087 2187 5142 brata
2231 5095 2313 5141 cst
2358 5101 2482 5139 nox.
2532 5084 2639 5141 Sed
2681 5087 2800 5156 quia
2847 5085 2976 5138 sicut
3019 5083 3231 5137 tenebraz
3266 5084 3410 5156 ejus,
3452 5084 3524 5136 sic
3567 5094 3616 5137 et

2040 5177 2206 5231 lumen
2243 5178 2352 5248 ejus
2380 5160 2669 5236 :Dontjnus
2713 5176 2881 5241 dedit,
2914 5174 3164 5228 Dominus
3203 5172 3447 5237 abstulit;
3490 5174 3618 5227 sicut

2040 5268 2260 5323 Domino
2307 5269 2531 5339 placuit,
2576 5269 2648 5323 ita
2691 5272 2879 5338 factum
2921 5274 2992 5319 est
3031 5280 3049 5318 :
3085 5264 3148 5317 sit
3177 5280 3374 5317 nomem
3410 5262 3618 5321 Domini

2040 5360 2369 5414 benedictum.
2414 5358 2530 5412 Non
2561 5373 2678 5411 sum
2718 5356 2882 5410 tristis
2912 5354 2965 5408 in
2994 5364 3146 5409 nocte
3171 5352 3271 5408 bac
3291 5395 3306 5420 ,
3338 5354 3460 5423 quia
3490 5354 3617 5408 sicut

2040 5451 2253 5506 tenebra:
2282 5452 2409 5519 ejus,
2436 5450 2508 5502 sic
2536 5458 2582 5502 et
2623 5446 2792 5501 lumen
2818 5448 2944 5518 ejus.
2982 5445 3270 5515 Utrumque
3310 5444 3520 5507 transit,
3563 5455 3620 5498 ut

2040 5545 2131 5615 qui
2158 5543 2392 5614 gaudent
2419 5550 2668 5610 tanquam
2697 5552 2803 5593 non
2830 5537 3122 5608 gaudentes
3141 5537 3267 5603 sint,
3297 5545 3349 5590 et
3375 5535 3462 5605 qui
3490 5534 3621 5589 ﬂeht

2041 5614 2288 5704 tanquam
2320 5647 2424 5687 non
2453 5633 2637 5686 ﬂentes
2666 5631 2773 5683 sint
2800 5634 2816 5697 (
2843 5627 2861 5682 I
2888 5627 3005 5683 Cor.
3034 5614 3127 5698 vn,
3156 5626 3264 5698 50)
3289 5643 3304 5693 ;
3335 5626 3458 5697 quia
3487 5626 3618 5679 sicut

2042 5725 2252 5782 teucbra:
2277 5726 2405 5796 ejus,
2429 5725 2499 5779 sic
2526 5733 2572 5779 et
2600 5723 2764 5777 lumen
2791 5722 2920 5793 ejus.
