4038 6462
497 363 636 419 1795

567 475 655 530 l8.
697 471 867 545 iners.
902 468 1022 542 15.]
1067 466 1314 535 Quoniam
1357 474 1409 518 tu
1449 463 1710 535 possrdisti
1749 481 1887 516 renes
1915 471 2068 527 meos,

494 565 729 621 Domine.
777 561 890 616 Non
923 561 1038 614 sine
1079 573 1260 623 causa,
1307 556 1451 611 Sicut
1493 553 1704 615 tenebra:
1742 554 1872 624 ejus,
1919 555 1989 606 sic
2031 562 2078 607 et

496 658 660 711 lumen
683 657 810 726 ejus.
846 653 988 706 Intus
1016 660 1096 705 est
1123 663 1400 719 possessor
1423 663 1436 698 :
1461 660 1566 699 non
1596 645 1766 699 solum
1794 660 1885 698 cor
1911 651 2074 707 tenet,

494 747 589 803 sed
620 747 777 802 etiam
810 757 1002 807 renes;
1052 756 1154 794 non
1187 739 1355 794 Solum
1384 737 1761 807 cogitationes,
1795 735 1888 789 sed
1917 736 2077 789 etiam

495 835 893 891 delectationes.
930 832 1044 900 Ipse
1071 845 1198 899 ergo
1231 827 1466 898 possidet
1503 825 1642 880 unde
1671 840 1756 879 me
1789 824 2079 879 delectaret

495 925 694 995 aliquid
728 925 860 978 lucis
903 923 953 976 in
1000 931 1192 985 nocte;
1227 921 1339 987 ipse
1368 926 1512 974 tenet
1549 933 1704 972 renes
1746 932 1892 970 meos
1926 936 1937 968 :
1972 931 2076 971 non

494 1015 620 1070 novi
648 1015 902 1069 delectari
932 1012 1032 1066 nisi
1060 1011 1128 1065 de
1155 1010 1273 1064 luce
1305 1010 1557 1063 interiore
1584 1006 1856 1076 sapientia:
1888 1007 2074 1074 ipsius.

493 1107 631 1174 Quid
662 1107 841 1176 ergo?
888 1121 991 1159 non
1033 1103 1315 1158 delectaris
1363 1102 1432 1156 de
1476 1099 1830 1170 prosperitate
1874 1113 2073 1164 rerum,

492 1201 560 1256 de
587 1200 844 1255 felicitate
877 1209 1195 1268 temporum,
1228 1195 1296 1249 de
1325 1192 1634 1254 honoribus,
1665 1189 1732 1244 de
1762 1189 1977 1250 divitiis,
2009 1187 2077 1244 de

495 1291 726 1345 familia?
756 1290 871 1344 Non
900 1288 1153 1349 delector,
1182 1285 1368 1355 inquit.
1400 1281 1610 1351 Quare?
1638 1281 1768 1348 Quia
1795 1282 1920 1334 sicut
1943 1291 2078 1334 tene-

492 1383 596 1437 brat
617 1385 746 1453 ejus,
772 1383 842 1436 sic
862 1394 908 1436 et
935 1383 1102 1435 lumen
1125 1381 1249 1448 ejus.
1281 1377 1432 1434 Unde
1459 1375 1550 1429 tibi
1575 1376 1671 1428 ista
1700 1372 2071 1436 indifferentia,

493 1482 550 1526 ut
593 1473 730 1528 sicut
776 1473 1008 1526 tenebrae
1050 1468 1198 1538 ejus,
1245 1467 1320 1522 sic
1366 1467 1436 1521 sit
1480 1465 1572 1519 tibi
1615 1474 1669 1519 et
1712 1465 1886 1516 lumen
1919 1463 2075 1530 ejus?

493 1563 674 1619 unde?
728 1562 981 1628 Quoniam
1027 1571 1079 1613 tu
1127 1559 1392 1630 possedisti
1434 1573 1578 1610 rencs
1622 1571 1790 1616 meos,
1821 1553 2075 1620 Domine;

490 1655 752 1725 suscepisti
782 1671 859 1707 me
883 1669 944 1708 ea:
963 1661 1102 1706 utero
1126 1650 1299 1704 matris
1325 1664 1466 1702 mea}.
1499 1649 1628 1702 Dum
1653 1661 1826 1701 essem
1851 1647 1899 1699 in
1925 1656 2076 1700 utero

492 1747 678 1801 matris
725 1760 893 1810 mete,
946 1759 1050 1796 non
1103 1740 1465 1796 indifferenter
1519 1738 1775 1792 habebam
1832 1738 2075 1793 tenebras

494 1838 636 1891 illius
681 1837 853 1891 noctis
891 1842 946 1889 et
991 1834 1160 1887 lucem
1211 1832 1351 1886 illius
1399 1829 1588 1884 noctis.
1637 1829 1847 1884 Etenim
1897 1839 2076 1882 uterus

493 1931 677 1984 matris
705 1943 868 1993 meae,
899 1924 1229 1981 consuetudo
1260 1923 1489 1978 civitatis
1518 1937 1649 1976 mea:
1691 1920 1809 1974 fuit.
1840 1920 1969 1986 Quae
1996 1928 2077 1974 est

490 2019 578 2073 illa
617 2019 846 2073 civitas?
893 2018 1020 2084 Qure
1064 2031 1161 2069 nos
1205 2015 1376 2083 primo
1423 2013 1605 2082 genuit
1653 2013 1704 2066 in
1748 2013 2074 2081 captivitate.

488 2109 742 2164 Novimus
765 2107 1109 2179 Babyloniam
1141 2105 1282 2159 illam
1308 2103 1374 2158 de
1401 2119 1502 2173 qua
1526 2103 1778 2158 hesterno
1799 2102 1884 2156 die
1909 2101 2073 2155 loculi

492 2214 710 2262 sumus,
747 2199 886 2253 unde
932 2196 1342 2266 proﬁciscuntur
1389 2207 1577 2247 omnes
1620 2193 1710 2263 qui
1757 2193 1982 2247 credunt
2022 2201 2076 2246 et

488 2289 757 2359 suspirant
781 2289 854 2342 illi
881 2288 1008 2354 luci,
1033 2286 1326 2342 Jerusalem
1349 2285 1555 2340 cmlesti
1575 2285 1614 2336 ί.
1644 2283 1757 2354 Ego
1776 2299 1903 2354 ergo
1925 2282 2071 2339 dixi:

493 2379 570 2434 Ex
601 2389 754 2435 utero
782 2380 965 2433 matris
994 2394 1125 2432 mea:
1153 2386 1435 2446 susceptus
1464 2391 1581 2430 sum
1607 2391 1634 2429 a
1660 2376 1922 2437 Domino;
1954 2376 2075 2432 inde

490 2471 618 2525 mihi
649 2471 881 2525 tcnebra:
913 2469 1083 2524 noctis
1112 2468 1269 2538 hujus
1297 2476 1351 2522 et
1379 2468 1466 2522 lux
1507 2467 1664 2536 lmjus
1702 2468 1874 2522 noctis
1915 2469 2071 2520 indif-

489 2562 717 2617 ferentes
746 2561 897 2616 facta:
937 2569 1078 2614 sunt.
1129 2559 1230 2626 Qui
1274 2566 1452 2613 autem
1487 2567 1570 2612 est
1613 2558 1666 2612 in
1707 2567 1858 2613 utero
1888 2559 2075 2613 matris

489 2652 633 2706 illius
663 2652 964 2723 Babylonia:
985 2695 998 2716 ,
1033 2650 1228 2721 gaudet
1258 2651 1528 2720 prosperis
1557 2648 1767 2718 saeculi,
1813 2648 2076 2721 frangitur

490 2742 901 2797 adversitatibus
924 2742 1102 2796 smculi
1129 2758 1143 2805 ;
1178 2755 1283 2795 non
1312 2741 1461 2794 novit
1488 2740 1720 2810 gaudere
1749 2741 1848 2795 nisi
1875 2741 2073 2812 aliquid

488 2847 811 2902 prosperum
842 2832 1052 2886 eveniat
1080 2831 1369 2886 secundum
1401 2842 1629 2900 tempus,
1655 2847 1752 2886 nec
1779 2832 1924 2886 novit
1947 2847 2075 2886 cou-

493 2922 691 2976 tristari
722 2922 819 2976 nisi
850 2921 1048 2991 aliquid
1074 2921 1353 2976 adversum
1379 2923 1595 2976 eveniat
1623 2923 1912 2978 secundum
1941 2931 2076 2978 tem-

487 3025 607 3081 pus.
655 3011 772 3066 Jam
821 3012 904 3066 cxi
951 3011 1018 3066 de
1065 3022 1216 3066 utero
1260 3012 1587 3083 Babyloniae,
1638 3013 1812 3084 incipe
1857 3023 2076 3072 cantare

489 3102 748 3175 hymnum
775 3104 1000 3157 Domino
1030 3103 1346 3174 :‘egredere,
1373 3113 1427 3158 et
1453 3119 1710 3171 nascere;
1742 3106 1995 3176 suscipiet
2023 3115 2076 3162 te

488 3195 735 3251 Deus'cx
785 3206 938 3251 utero
983 3197 1169 3250 matris
1216 3205 1340 3250 tum.
1389 3195 1519 3265 Quis
1564 3196 1750 3252 Deus?
1799 3197 1938 3252 Deus
1987 3198 2075 3254 ille

486 3289 711 3358 apostoli
736 3289 917 3353 Pauli,
951 3289 1040 3358 qui
1067 3288 1200 3342 dixit
1229 3305 1242 3341 :
1268 3287 1394 3342 Cum
1417 3297 1584 3341 autem
1615 3288 1807 3359 placuit
1828 3287 1957 3352 Deo,
1987 3288 2075 3359 qui

485 3397 565 3434 me
602 3381 876 3451 segregarit
917 3381 979 3434 de
1023 3391 1162 3433 utero
1191 3381 1366 3433 matris
1397 3397 1518 3434 mea:
1539 3423 1552 3446 ,
1585 3383 1803 3434 revelare
1835 3383 1855 3412 ’
1881 3381 2074 3438 Filium

486 3488 637 3525 suum
663 3472 714 3525 in
741 3488 818 3524 me
844 3469 1037 3541 (Galat.
1073 3488 1120 3536 ι,
1161 3472 1222 3526 15
1242 3513 1256 3535 ,
1285 3471 1406 3541 16).
1441 3471 1568 3537 Quae
1593 3472 1732 3525 enim
1761 3481 1876 3526 erat
1903 3484 2074 3529 mater

485 3563 638 3631 ejus?
666 3562 962 3634 Synagoga.
995 3564 1061 3617 Et
1096 3564 1163 3617 ibi
1199 3563 1643 3640 quidvdidicerat,
1675 3566 1773 3619 nisi
1801 3567 1940 3635 quod
1973 3566 2070 3622 ha-

492 3653 692 3708 bebant
737 3661 792 3708 et
845 3653 1143 3708 didicerant
1184 3654 1280 3723 ipsi
1326 3653 1495 3708 Judaei
1533 3662 1589 3708 et
1639 3654 1754 3724 ipse
1798 3655 2072 3724 papulus?

484 3744 688 3800 Nomen
718 3745 769 3799 in
799 3739 900 3798 illis
927 3756 1255 3799 remanserat
1283 3745 1452 3798 laudis
1481 3745 1570 3800 Dei
1602 3762 1616 3811 ;
1655 3743 1785 3800 facta
1814 3757 1988 3801 autem
2017 3747 2072 3802 in

484 3839 562 3894 eis
594 3853 698 3892 non
727 3837 1167 3892 inveniebantur:
1202 3845 1354 3890 erant
1385 3837 1434 3889 in
1480 3837 1557 3890 eis
1580 3837 1738 3890 verba
1773 3837 1884 3900 Dei,
1917 3837 2070 3907 quasi

482 3931 610 3986 folia
639 3932 690 3985 in
722 3931 911 3985 arbore
933 3973 946 3994 ,
979 3941 1031 3984 et
1058 3930 1256 3985 fructus
1301 3945 1580 3999 nusquam.
1612 3929 1791 3984 Talem
1825 3929 2070 3986 arborem

485 4021 591 4088 ﬁci,
625 4023 762 4076 sicut
791 4022 980 4087 nostis,
1013 4037 1132 4075 cum
1164 4021 1417 4074 Dominus
1447 4020 1756 4086 invenisset,
1787 4021 2068 4076 maledicto

481 4113 721 4168 arefecit.
753 4112 962 4168 Invenit
991 4113 1130 4166 enim
1166 4111 1215 4165 in
1249 4126 1310 4164 ca
1341 4111 1483 4175 folia,
1518 4121 1570 4165 et
1597 4109 1822 4164 fructum
1855 4128 1958 4166 non
1991 4113 2070 4166 in-

483 4205 629 4260 venit
661 4222 673 4258 :
705 4202 988 4274 quamdam
1019 4203 1170 4256 nobis
1202 4202 1444 4256 arborem
1479 4201 1756 4271 figurabat.
1797 4201 1928 4256 Nam
1959 4201 2071 4257 fru-

483 4305 661 4350 ctuum
689 4294 903 4349 illorum
935 4302 1144 4362 tempus
1173 4291 1406 4346 nondum
1437 4300 1551 4345 erat
1581 4291 1794 4359 (Matth.
1827 4309 1934 4356 xxx,
1971 4292 2066 4359 l9;

482 4397 527 4440 et
558 4385 720 4440 Marc.
751 4402 822 4450 χι,
851 4387 935 4449 l5,
961 4383 1061 4454 M)
1088 4400 1100 4436 :
1130 4381 1269 4453 quod
1297 4396 1484 4436 omnes
1512 4381 1755 4436 homines
1787 4391 2064 4448 noverant,

483 4477 671 4530 artifex
717 4476 840 4530 coeli
887 4484 942 4529 et
995 4484 1150 4528 teme
1198 4489 1302 4528 non
1358 4473 1620 4528 noverat?
1669 4475 1805 4542 Ergo
1851 4475 1935 4529 ille
1979 4475 2070 4544 qui

484 4566 702 4620 Paulum
731 4565 1026 4634 segregavit
1057 4564 1123 4618 ab
1155 4572 1308 4617 utero
1349 4562 1534 4617 matris
1563 4576 1703 4628 suae,
1747 4563 1860 4630 ipse
1889 4574 1938 4617 et
1971 4577 2070 4619 nos

482 4655 782 4728 segregavit
819 4655 886 4709 ab
914 4663 1067 4708 utero
1099 4653 1281 4706 matris
1314 4661 1530 4706 nostr:e.
1563 4652 1724 4723 Cujus
1753 4655 1936 4707 matris
1967 4670 2068 4709 n0-

481 4761 606 4806 stra:
626 4751 650 4804 ’ἶ
687 4746 839 4802 ἸΙΙὶιιε
867 4746 1193 4819 Babylonite.
1225 4745 1468 4816 Suscepti
1510 4761 1636 4816 ergo
1667 4763 1731 4801 cx
1775 4754 1923 4801 utero
1955 4749 2065 4816 illo,

477 4845 586 4916 jam
616 4843 929 4913 incipiamus
959 4841 1155 4895 habere
1184 4840 1339 4894 aliam
1366 4855 1535 4908 spem.
1564 4840 1828 4914 Promisit,
1856 4840 2067 4911 fratres,

485 4951 648 5007 quare
691 4933 1041 5006 gaudeatis”;
1093 4931 1295 4986 fructus
1340 4930 1496 4986 facite
1537 4933 1688 5001 positi
1735 4934 1784 4986 in
1816 4933 1917 4987 alia
1950 4950 2064 5003 spe.

483 5027 601 5082 Jam
649 5042 752 5081 non
799 5027 1041 5080 novimus
1084 5024 1279 5078 malum
1328 5024 1426 5077 nisi
1469 5024 1740 5079 offendere
1783 5027 1969 5087 Deum,
2015 5035 2069 5082 et

481 5132 587 5172 non
619 5116 834 5186 perduci
875 5116 940 5169 ad
982 5115 1068 5169 illa
1110 5131 1226 5184 qua:
1258 5114 1499 5185 promisit
1526 5132 1538 5178 ;
1573 5130 1669 5169 nec
1701 5117 1942 5169 novimus
1974 5117 2069 5171 bo-

482 5225 608 5264 num
641 5209 739 5262 nisi
781 5207 1073 5278 promereri
1122 5207 1311 5272 Demn,
1359 5216 1411 5260 ct
1454 5205 1667 5274 perduci
1709 5207 1773 5259 ad
1823 5207 1905 5261 illa
1949 5222 2068 5277 qua:

481 5301 762 5373 promittit.
794 5299 930 5368 Quid
957 5299 1042 5353 illa
1071 5299 1207 5353 bona
1234 5297 1414 5352 mundi
1439 5293 1615 5368 hujus,
1639 5306 1692 5353 ct
1714 5299 1848 5351 mala
1880 5298 2066 5354 mundi

545 5436 560 5467 ί
583 5434 784 5498 _Aliquot
806 5441 936 5493 διες»,
973 5431 1194 5484 caelestis.
1229 5437 1282 5481 Et
1313 5445 1423 5480 mox
1449 5434 1627 5496 Regius
1650 5439 1751 5492 Ms,
1792 5440 1886 5494 Ego
1930 5445 2062 5497 ergo,

482 5495 628 5554 dixit,
653 5495 717 5545 ei:
740 5502 889 5552 utero,
917 5503 1012 5544 etc.

544 5561 564 5588 ³
600 5553 701 5605 Am.
744 5565 796 5606 et
828 5565 953 5618 uss,
979 5554 1268 5616 mendicare.
1313 5553 1553 5618 tauloque
1600 5562 1709 5617 post
1755 5563 1859 5604 Mss.
1900 5553 2065 5616 plures

480 5620 726 5674 omittunt,
749 5625 793 5668 et
817 5617 1108 5668 didicerant.

546 5682 567 5713 ³
592 5679 815 5741 Plerique
835 5686 959 5737 Mss,
997 5679 1107 5740 jam
1130 5676 1385 5749 incipimus
1407 5676 1746 5749 ltaberenaliam
1769 5691 1916 5740 spem.
1949 5687 2063 5749 rra-

482 5741 560 5798 si',
605 5739 814 5798 Fratres,
850 5739 1006 5802 quare
1036 5739 1272 5803 gmuletis.
1318 5747 1370 5788 lit
1410 5739 1626 5789 nonnulii
1679 5747 2057 5802 prosequuntur,

486 5806 720 5852 li'urtuose
745 5803 884 5860 agite.

1636 350 1693 406 S.
1737 349 2098 406 AUGUSTI-NI
2142 353 2440 410 EPISL'OPI

3630 366 3759 426 1796

2187 467 2380 536 hujus?
2412 467 2773 526 lndiﬂcreuter
2804 472 3126 536 habeamus;
3157 476 3277 546 quia
3303 477 3412 547 jam
3440 483 3672 552 suscepti
3697 484 3762 540 ab

2183 570 2334 612 utero
2366 561 2502 614 illius
2537 562 2719 616 matris
2760 573 2955 618 nostra:
3002 565 3363 623 indifferenter
3388 585 3448 624 ea
3483 572 3760 635 habentes.

2182 647 2427 715 dicimus,
2472 650 2618 705 Sicut
2659 654 2870 707 tenebra:
2907 657 3047 726 ejus,
3080 661 3154 711 sic
3192 670 3238 712 et
3283 662 3452 716 lumen
3479 666 3609 734 ejus.
3659 666 3762 725 Nec

2185 737 2404 793 felicitas
2432 743 2609 796 saeculi
2643 759 2738 796 nos
2769 744 2888 799 facit
2922 750 3125 813 beatos,
3161 767 3258 804 nec
3284 752 3578 810 adversitas
3607 758 3764 815 mise-

2181 842 2292 882 ros.
2325 830 2469 899 Opus
2497 842 2578 886 est
2614 833 2876 904 justitiam
2923 845 3103 893 tenere
3124 882 3138 904 ,
3170 840 3325 896 ﬁdem
3356 843 3611 915 diligere,
3643 864 3763 919 spc-

2181 933 2301 975 rare
2331 921 2381 975 in
2413 924 2572 978 Deum
2597 965 2613 991 ,
2643 925 2862 996 diligere
2892 929 3085 995 Deum,
3114 932 3332 1001 diligere
3357 944 3411 989 et
3446 937 3763 1004 proximum.

2183 1012 2308 1069 Post
2342 1015 2473 1071 istos
2503 1018 2714 1073 labores
2742 1020 3051 1077 habebimus
3091 1023 3411 1082 indefessam
3444 1028 3642 1096 lucem,
3675 1032 3767 1086 ha-

2184 1105 2425 1162 bebimus
2469 1107 2610 1163 diem
2653 1111 2768 1166 sine
2807 1126 2999 1167 occasu
3030 1132 3042 1167 :
3079 1118 3268 1170 transit
3303 1119 3559 1190 quidquid
3603 1133 3684 1177 est
3714 1123 3765 1178 in

2186 1195 2283 1250 ista
2313 1208 2469 1253 nocte
2497 1199 2726 1255 lucidum
2756 1212 2809 1256 et
2839 1204 3200 1261 tenebrosum.
3233 1207 3484 1273 Quoniam
3513 1221 3567 1266 tu
3594 1231 3764 1283 posse-

2183 1289 2304 1342 disti
2331 1307 2472 1344 renes
2502 1309 2665 1360 meos,
2701 1293 2952 1360 Domine;
2981 1301 3242 1368 suscepisti
3273 1319 3351 1356 nte
3387 1319 3450 1358 ea:
3489 1315 3630 1360 utero
3661 1325 3766 1362 ma-

2185 1381 2274 1434 tris
2305 1398 2444 1434 mete.

2257 1471 2339 1525 l9.
2381 1470 2540 1543 [rers.
2576 1474 2684 1546 14.]
2716 1476 2998 1545 Conﬁtebor
3023 1480 3130 1549 tibi,
3162 1481 3390 1548 Domine,
3416 1490 3654 1555 quoniam
3671 1500 3768 1544 ter-

2182 1568 2391 1621 ribiliter
2431 1571 2725 1638 miri/iratus
2763 1590 2834 1626 es.
2885 1573 3196 1630 Terribiliter
3239 1580 3535 1648 miri/icatus
3576 1601 3629 1637 es
3655 1601 3674 1637 :
3704 1600 3767 1638 co

2185 1659 2300 1728 ipso
2329 1661 2468 1729 quod
2502 1669 2550 1713 te
2583 1663 2838 1718 miramur
2857 1708 2870 1731 ,
2901 1674 2953 1718 tu
2982 1667 3230 1722 terribilis
3257 1685 3353 1735 es;
3386 1686 3508 1727 cum
3537 1684 3768 1731 tremore

2183 1750 2494 1819 gaudemus.
2543 1753 2814 1808 'l‘imctnus
2854 1757 2993 1810 enim
3025 1774 3090 1812 ne
3119 1759 3186 1814 de
3227 1761 3381 1817 donis
3411 1764 3514 1818 tuis
3546 1781 3645 1820 nos
3672 1783 3766 1821 ex-

2185 1841 2432 1894 tollentes
2483 1858 2577 1911 per
2621 1847 2923 1913 superbiam
2950 1889 2965 1913 ,
3009 1864 3312 1906 mereamur
3339 1854 3586 1910 amittere
3629 1858 3765 1925 quod

2187 1931 2485 1986 humilitate
2518 1937 2872 2004 percepimus.
2905 1939 3188 2007 Conﬁtebor
3226 1943 3343 2008 tibi,
3374 1943 3612 2008 Domine,
3643 1966 3767 2017 quo—

2184 2025 2322 2076 niam
2350 2027 2635 2080 terribiiiter
2664 2031 2966 2098 miriﬁcatus
2994 2049 3044 2086 es
3070 2049 3088 2086 :
3117 2035 3368 2090 mirabilia
3398 2053 3551 2108 opera
3579 2050 3696 2106 tua,
3723 2049 3766 2094 et

2182 2117 2355 2170 anima
2382 2136 2491 2171 mea
2524 2124 2774 2190 cognoscit
2822 2125 2982 2179 valde.
3010 2125 3126 2180 Jam
3154 2131 3425 2199 cognoscit
3449 2133 3626 2188 anima
3656 2149 3765 2188 mea

2183 2207 2338 2262 valde
2363 2226 2376 2273 ;
2409 2212 2659 2278 ιιιιυιιίειιιι
2689 2216 2967 2284 suscepisti
2997 2232 3082 2271 me
3109 2233 3175 2273 ex
3207 2228 3361 2276 utero
3386 2224 3572 2278 matris
3601 2239 3765 2280 meae:

2184 2310 2340 2356 antea
2372 2318 2502 2357 vero
2531 2306 2806 2360 miriticata
2838 2318 2917 2362 est
2958 2311 3180 2365 scientia
3227 2321 3314 2368 tua
3359 2330 3425 2369 ex
3463 2331 3586 2383 me;
3622 2319 3766 2372 inva-

2185 2392 2378 2456 luerat,
2409 2409 2508 2448 nec
2534 2405 2770 2463 poteram
2792 2398 2857 2452 ad
2888 2399 3053 2456 illam.
3085 2402 3225 2473 Ergo
3251 2419 3317 2459 ex
3339 2420 3425 2462 me
3451 2407 3765 2476 invaluerat,

2185 2499 2283 2539 nec
2308 2495 2547 2554 poteram
2575 2488 2637 2541 ad
2669 2489 2831 2543 illam.
2863 2491 3018 2548 Unde
3044 2495 3202 2548 modo
3226 2497 3404 2552 anima
3427 2515 3545 2554 mea
3574 2516 3768 2569 cogno-

2183 2581 2286 2634 scit
2308 2581 2462 2636 valde
2482 2623 2496 2644 ,
2527 2583 2626 2636 nisi
2655 2585 2775 2654 quia
2805 2601 2906 2641 nox
2939 2587 3256 2644 illuminatio
3296 2591 3348 2646 in
3391 2591 3602 2649 deliciis
3641 2596 3768 2654 meis

2183 2673 2309 2726 est?
2353 2672 2452 2725 nisi
2495 2673 2618 2743 quia
2649 2677 2793 2730 venit
2833 2677 2961 2731 mihi
2999 2680 3166 2749 gratia
3210 2691 3295 2734 tua
3319 2723 3332 2746 ,
3362 2691 3419 2737 et
3454 2685 3766 2745 illuminavit

2184 2761 2430 2816 tenebras
2463 2765 2650 2818 meas?
2693 2767 2793 2820 nisi
2821 2769 2940 2837 quia
2976 2779 3030 2823 tu
3060 2772 3339 2840 possedisti
3382 2790 3540 2830 renes
3579 2778 3766 2833 meos?

2183 2853 2283 2907 nisi
2315 2856 2437 2924 quia
2468 2865 2520 2908 tu
2553 2859 2834 2928 suscepisti
2862 2876 2948 2916 me
2974 2876 3041 2916 ex
3070 2872 3222 2918 utero
3253 2867 3442 2921 matris
3467 2884 3603 2923 mea:
3624 2871 3649 2923 ἲ

2253 2943 2341 2999 20.
2386 2944 2552 3017 [vers.
2582 2947 2692 3021 15.]
2733 2948 2857 3004 Non
2883 2962 2954 3005 est
2980 2952 3328 3009 absconditum
3365 2974 3420 3012 os
3446 2975 3612 3013 meum
3642 2979 3674 3013 τι
3701 2971 3764 3029 te,

2180 3037 2318 3105 quod
2345 3037 2506 3106 fecisti
2531 3039 2585 3092 in
2614 3042 2928 3097 abscondito.
2958 3044 3032 3100 Os
3059 3061 3214 3101 suum
3245 3049 3375 3104 dicit
3403 3069 3418 3104 :
3445 3053 3586 3121 quod
3618 3056 3766 3125 vulgo

2181 3127 2376 3183 dicitur
2402 3144 2603 3195 essum,
2653 3132 2812 3188 latine
2848 3151 2910 3192 os
2949 3135 3162 3192 dicitur.
3193 3139 3305 3196 lloc
3332 3143 3384 3196 in
3408 3157 3588 3212 grteco
3620 3149 3768 3202 inve-

2180 3219 2324 3274 nitur
2349 3219 2448 3293 (a).
2481 3221 2610 3276 Nam
2656 3240 2934 3294 possemus
2974 3228 3062 3283 hic
3104 3240 3289 3300 putare
3326 3249 3386 3288 os
3427 3250 3580 3301 esse,
3613 3239 3681 3291 ab
3705 3254 3767 3294 eo

2180 3312 2324 3382 quod
2353 3323 2477 3369 sunt
2501 3330 2631 3382 ora;
2675 3332 2782 3372 non
2810 3333 2872 3374 os
2910 3333 3158 3391 correpte
3184 3325 3199 3354 ¹
3220 3364 3235 3388 ,
3275 3325 3343 3380 ab
3372 3341 3438 3380 eo
3468 3330 3611 3397 quod
3648 3338 3768 3386 sunt

2179 3419 2324 3459 ossa.
2353 3403 2476 3460 Non
2500 3417 2572 3461 est
2599 3423 2724 3478 ergo
2751 3410 3120 3479 absconditum,
3151 3415 3340 3485 inquit,
3367 3434 3424 3472 os
3449 3435 3616 3472 meum
3645 3441 3675 3474 α
3701 3431 3762 3489 te,

2180 3495 2317 3566 quod
2340 3497 2502 3566 fecisti
2527 3498 2580 3550 in
2609 3499 2924 3556 abscondito.
2969 3503 3150 3560 Ilabeo
3177 3505 3230 3560 in
3259 3506 3574 3565 abscondito
3600 3513 3767 3581 quod-

2180 3586 2304 3641 dam
2329 3602 2534 3642 ossum.
2576 3588 2668 3645 Sic
2709 3593 2852 3646 enim
2890 3595 3068 3664 potius
3113 3596 3433 3667 loquamur:
3469 3603 3664 3658 melius
3689 3613 3768 3661 est

2180 3679 2575 3750 reprehendant
2605 3697 2705 3737 nos
2746 3688 3099 3754 grammatici,
3131 3705 3286 3758 quam
3331 3708 3435 3747 non
3468 3694 3767 3766 intelligant

2179 3775 2380 3844 populi.
2409 3775 2548 3845 Ergo
2569 3785 2672 3843 est,
2699 3777 2888 3848 inquit,
2917 3781 3182 3850 quoddam
3205 3799 3385 3839 ossum
3415 3802 3596 3843 meum
3627 3791 3766 3845 intus

2180 3864 2234 3920 in
2259 3866 2604 3933 abscondito;
2636 3876 2691 3922 tu
2718 3867 2890 3924 fecisti
2923 3871 3066 3927 intus
3089 3887 3267 3929 ossum
3297 3876 3428 3930 mihi
3461 3878 3514 3932 in
3540 3881 3766 3935 abscon-

2178 3956 2314 4024 dito,
2358 3967 2412 4012 et
2458 3973 2566 4013 non
2610 3969 2692 4014 est
2738 3961 3106 4018 absconditum
3147 3980 3175 4018 a
3220 3973 3290 4021 te.
3348 3965 3403 4021 In
3447 3969 3765 4026 abscondito

2179 4050 2322 4104 enim
2367 4050 2576 4117 fecisti;
2617 4053 2708 4107 sed
2742 4056 2995 4126 numquid
3035 4067 3089 4112 et
3133 4057 3226 4113 tibi
3259 4061 3358 4116 hoc
3393 4062 3763 4119 abscondisti?

2180 4141 2292 4196 Hoc
2319 4157 2498 4197 ossum
2525 4160 2701 4199 meum
2731 4145 2930 4201 factum
2958 4164 2986 4202 a
3020 4158 3070 4204 te
3102 4151 3151 4203 in
3178 4152 3490 4210 abscondito
3520 4158 3762 4213 homines

2180 4247 2285 4286 non
2317 4234 2528 4302 vident,
2562 4237 2808 4292 homines
2838 4254 2946 4294 non
2978 4252 3278 4308 noverunt;
3313 4254 3366 4299 tu
3390 4255 3570 4302 autem
3603 4252 3756 4315 nosti,

2177 4326 2266 4395 qui
2297 4326 2483 4382 fecisti.
2529 4329 2679 4395 Quod
2722 4345 2850 4400 ergo
2885 4347 2944 4388 os
2972 4333 3132 4401 dicit,
3172 4335 3402 4392 fratres?
3450 4339 3761 4408 Quaeramus

2180 4416 2346 4482 illud;
2393 4419 2442 4472 in
2475 4419 2790 4475 abscondito
2819 4433 2922 4478 est.
2965 4426 3068 4481 Sed
3109 4429 3229 4498 quia
3265 4429 3540 4486 christiani
3582 4436 3634 4487 in
3665 4451 3760 4488 no.

2097 4555 2099 4557 .
2177 4509 2320 4562 mine
2357 4509 2565 4564 Domini
2591 4512 2897 4568 Christianis
2943 4517 3240 4587 loquimur,
3269 4521 3431 4576 modo
3459 4525 3758 4582 invenimus

2178 4600 2319 4670 quod
2351 4603 2421 4656 sit
2447 4618 2628 4657 ossum
2656 4604 2983 4674 hujusmodi.
3016 4608 3262 4665 Firmitas
3285 4613 3527 4682 quzedam
3563 4629 3646 4673 est
3676 4618 3757 4672 in-

2178 4693 2380 4757 terior;
2417 4694 2538 4762 quia
2567 4694 2620 4748 in
2656 4697 2865 4751 ossibus
2896 4699 3119 4754 ﬁrmitas
3145 4714 3197 4756 et
3227 4701 3482 4761 fortitudo
3514 4709 3758 4780 intelligi-

2177 4792 2283 4838 tur.
2319 4783 2414 4838 Est
2443 4800 2570 4855 ergo
2613 4788 2854 4857 qum-dam
2895 4790 3085 4844 animm
3109 4781 3352 4850 interior
3387 4795 3640 4862 ﬁrmitas.
3670 4801 3754 4855 ubi

2177 4892 2281 4931 non
2327 4877 2580 4948 frangitur
2607 4881 2646 4932 ³.
2685 4881 2946 4948 Qualibet
2987 4892 3245 4938 tormenta
3267 4926 3281 4952 ,
3312 4888 3560 4956 qucelibet
3588 4892 3757 4946 tribu-

2175 4969 2422 5034 lationes,
2455 4971 2706 5039 quaelibet
2745 4972 2897 5039 hujus
2926 4974 3106 5027 s:rculi
3141 4975 3494 5034 adversitates
3527 4982 3757 5051 undique

2176 5060 2394 5112 smviant
2417 5077 2430 5126 ;
2462 5060 2588 5114 illud
2615 5060 2754 5130 quod
2785 5061 2923 5116 Deus
2954 5063 3006 5116 in
3033 5064 3346 5122 abscondito
3373 5070 3496 5124 fecit
3524 5071 3753 5138 firmum,

2176 5150 2228 5204 in
2260 5151 2414 5205 nobis
2439 5151 2606 5221 frangi
2631 5168 2734 5206 non
2760 5160 2955 5221 potest,
2981 5170 3093 5225 "an
3116 5158 3276 5212 cedit.
3302 5159 3342 5213 Α
3367 5160 3591 5217 Domino
3615 5166 3753 5219 enim

2175 5240 2311 5297 facta
2342 5253 2422 5297 est
2467 5242 2709 5313 quardam
2743 5245 2965 5300 ﬁrmitas
2995 5249 3264 5316 patientia:
3297 5261 3493 5308 nostr-te
3513 5296 3528 5320 ,
3561 5256 3628 5310 de
3655 5274 3754 5327 qua

2175 5333 2368 5390 dicitur
2406 5335 2458 5390 in
2499 5337 2605 5390 alio
2643 5338 2889 5406 psalmo:
2926 5339 3277 5399 Verumtamen
3316 5345 3425 5401 Deo
3462 5349 3754 5420 subjiciatur

2173 5532 2250 5653 pl;
2280 5533 2352 5581 Sic
2381 5537 2487 5581 Mss.
2516 5539 2570 5582 Αι
2592 5540 2690 5582 Am.
2720 5543 2770 5586 et
2792 5542 2887 5598 Er.,
2910 5549 2963 5589 os
2985 5547 3229 5604 corrupte.
3255 5549 3364 5593 [ον.
3402 5557 3563 5597 ossam
3586 5562 3751 5600 corru-

2373 5661 2678 5736 smLettt-s-S.
2708 5668 2762 5712 Αι
2799 5667 2872 5711 Er.
2897 5669 2950 5713 et
2981 5669 3113 5726 hom,
3153 5663 3355 5718 hilarior
3379 5667 3469 5733 vis,
3495 5670 3581 5722 ubi
3601 5670 3751 5736 ﬁrmi?

2168 5721 2238 5779 tas
2262 5729 2354 5764 non
2375 5716 2634 5779 franqitur.

2213 5777 2304 5862 ⁸(ιι)
2331 5777 2520 5851 Osltrtin.
