4080 6468
291 323 429 390 1797

298 449 466 503 anima
493 457 602 496 mea
625 456 643 504 ;
671 438 912 512 quoniam
939 438 1000 492 ab
1027 439 1134 510 ipso
1163 437 1407 508 patientia
1435 452 1546 491 mea
1568 434 1738 506 (Psal.
1765 449 1870 500 LXI,

297 539 384 607 6).
429 535 496 590 Et
540 531 754 586 attende
788 530 1086 602 apostolum
1120 529 1380 610 Paulum,
1407 527 1687 581 habentem
1734 527 1875 580 intus

298 631 396 684 hoc
424 640 590 696 genus
635 622 942 676 ﬁrmitatis:
979 619 1140 685 Quasi
1183 619 1378 684 tristes,
1422 617 1632 688 inquit;
1677 632 1872 686 semper

229 705 238 710 ’
296 729 458 774 autem
484 715 758 787 gaudentes
800 711 879 785 (II
901 711 1017 766 Cor.
1045 727 1132 776 v1,
1165 710 1286 780 I0).
1323 707 1474 763 Unde
1499 712 1642 780 quasi
1669 705 1874 760 tristes?

298 805 642 867 Contumeliis
667 846 680 870 ,
714 803 1012 874 Opprobriis
1037 843 1052 869 ,
1095 799 1549 871 persecutionibus
1569 840 1584 864 ,
1631 799 1872 869 ﬂagellis,

300 902 484 974 plagis,
515 896 948 968 lapidationibus,
980 893 1304 955 carceribus,
1339 891 1562 946 catenis.
1605 890 1735 958 Quis
1771 906 1873 942 non

297 1007 388 1048 eos
447 991 671 1044 miseros
721 995 846 1041 tunc
903 983 1280 1040 existimaret?
1327 982 1433 1037 Nec
1481 982 1554 1036 illi
1603 981 1704 1050 ipsi
1751 996 1876 1050 per-

300 1093 569 1140 secutores
617 1081 866 1136 saevirent
917 1081 968 1132 in
1015 1092 1144 1144 eos,
1192 1075 1292 1130 nisi
1339 1083 1584 1146 putarent
1631 1087 1724 1128 eos
1775 1072 1876 1126 mi-

298 1191 444 1233 seros
493 1174 608 1229 fieri
659 1170 1120 1242 persecutionibus
1172 1167 1300 1222 suis.
1356 1165 1434 1220 Illi
1485 1165 1626 1222 enim
1674 1179 1767 1219 eos
1813 1180 1876 1218 ex

300 1285 388 1326 sua
429 1265 734 1322 inﬁrmitate
778 1263 1133 1334 conjiciebant
1160 1301 1175 1326 ,
1217 1260 1304 1330 qui
1345 1274 1450 1314 non
1490 1258 1754 1313 habebant
1794 1272 1881 1310 os-

299 1375 414 1416 sum
458 1357 827 1412 absconditum
875 1354 1142 1410 interius:
1176 1352 1251 1408 illi
1287 1367 1415 1408 vero
1455 1351 1543 1422 qui
1591 1349 1874 1414 habebant,

299 1452 610 1508 hominibus
639 1450 765 1504 foris
795 1449 974 1503 tristes
1001 1446 1349 1510 videbantur,
1380 1445 1523 1500 intus
1549 1451 1725 1498 autem
1753 1459 1880 1512 gau-

298 1542 494 1596 debant
525 1541 672 1602 Deo;
720 1540 802 1593 cui
835 1553 938 1593 non
970 1547 1085 1592 erat
1113 1535 1480 1592 absconditum
1521 1549 1701 1589 ossum
1735 1535 1878 1604 ipso-

295 1649 441 1697 rum,
471 1631 614 1702 quod
653 1631 850 1685 fecerat
889 1630 941 1685 in
984 1629 1315 1686 abscondito.
1356 1629 1542 1698 Aperit
1568 1637 1742 1683 autem
1783 1628 1882 1682 hoc

295 1737 476 1778 ossum
521 1723 574 1776 in
611 1720 930 1776 abscondito
977 1719 1174 1775 factum
1205 1735 1234 1774 a
1263 1721 1374 1774 Deo
1422 1720 1560 1774 idem
1610 1720 1880 1789 apostolus

300 1815 514 1880 Paulus,
559 1813 643 1868 his
681 1811 901 1868 verbis:
936 1811 1056 1866 Non
1099 1813 1263 1866 solum
1310 1821 1506 1876 autem,
1553 1810 1751 1880 inquit,
1794 1811 1881 1864 sed

299 1909 444 1961 etiam
465 1906 745 1976 gloriamur
771 1905 823 1958 in
851 1903 1275 1958 tribulationibus.
1304 1904 1498 1958 Parum
1525 1911 1606 1958 est
1625 1903 1746 1973 quia
1773 1919 1879 1958 non

299 2013 354 2052 es
385 1996 585 2062 tristis,
614 1995 710 2050 sed
737 2003 791 2050 et
817 1995 1106 2066 gloriaris?
1145 1993 1386 2049 Sufﬁciat
1415 1993 1508 2048 tibi
1541 1995 1741 2048 tristem
1774 2009 1880 2048 non

299 2104 436 2146 esse.
489 2089 682 2144 Parum
731 2098 841 2156 est,
893 2087 1082 2160 inquit,
1129 2087 1446 2144 Christianis
1493 2106 1507 2142 :
1551 2089 1654 2143 tale
1699 2103 1880 2158 assum

299 2181 425 2236 mihi
460 2179 584 2235 fecit
630 2181 679 2234 in
713 2179 1024 2235 abscondito
1051 2221 1066 2246 ,
1112 2191 1170 2234 ut
1202 2194 1386 2249 parum
1432 2179 1500 2233 sit
1542 2195 1645 2233 non
1687 2178 1878 2248 frangi,

297 2272 398 2326 nisi
429 2272 588 2325 etiam
616 2271 831 2341 glorier.
861 2269 1014 2326 Unde
1043 2269 1326 2340 gloriaris?
1357 2268 1423 2322 In
1453 2269 1878 2336 tribulationibus,

301 2370 511 2418 scientes
535 2364 653 2434 quia
685 2363 940 2416 tribulatio
972 2363 1265 2434 patientiam
1297 2371 1552 2432 operatur.
1585 2360 1714 2415 Vide
1753 2376 1884 2430 quo-

303 2455 463 2509 modo
492 2455 714 2509 formata
741 2455 808 2508 sit
834 2455 919 2509 illa
945 2453 1164 2508 ﬁrmitas
1189 2455 1327 2508 intus
1355 2455 1406 2508 in
1433 2453 1592 2509 corde
1619 2472 1630 2502 :
1659 2455 1884 2508 Scicntes

301 2544 541 2611 quoniam
567 2543 824 2597 tribulatio
865 2544 1156 2613 patientiam
1197 2554 1433 2613 operatur
1453 2586 1467 2612 ,
1497 2545 1736 2614 patientia
1767 2561 1882 2612 pro-

303 2637 552 2690 bationem
573 2677 586 2698 ,
619 2635 843 2706 probatio
878 2653 1053 2706 spent;
1097 2653 1211 2704 spes
1239 2647 1406 2689 autem
1435 2655 1534 2690 non
1578 2635 1841 2707 confundit
1865 2651 1884 2688 :

303 2727 544 2794 quoniam
573 2726 791 2780 charitas
833 2725 929 2779 Dei
976 2725 1166 2794 dilfusa
1209 2735 1279 2780 est
1324 2727 1377 2780 in
1422 2727 1656 2780 cordibus
1701 2726 1886 2779 nostris

303 2834 400 2887 per
414 2817 666 2888 Spiritum
685 2827 931 2883 sanctum,
953 2819 1038 2887 qui
1061 2819 1207 2872 datus
1230 2826 1298 2872 est
1318 2819 1642 2888 nobis(Rom.
1669 2835 1723 2883 v,
1739 2815 1881 2890 5-5).

299 2909 387 2965 Sic
414 2909 701 2964 formatum
725 2919 885 2978 atque
909 2911 1173 2964 ftrmatum
1196 2917 1278 2964 est
1305 2924 1482 2963 ossum
1507 2909 1633 2963 illud
1661 2909 1886 2962 abscon-

301 2999 492 3067 ditum,
522 3005 580 3053 ut
605 2998 761 3054 faciat
790 3014 886 3054 nos
914 2999 1072 3054 etiam
1103 2999 1319 3070 gloriari
1354 3001 1403 3053 in
1436 3001 1882 3054 tribulationibus.

295 3091 403 3146 Sed
433 3092 678 3146 videmur
725 3091 1028 3147 hominibus
1075 3093 1291 3157 miseri,
1343 3093 1464 3162 quia
1513 3091 1886 3147 absconditum

300 3191 380 3236 est
405 3182 486 3236 eis
527 3182 668 3252 quod
697 3181 955 3237 habemus
986 3183 1328 3237 intrinsecus.
1361 3181 1480 3235 Non
1509 3191 1580 3236 est
1621 3181 1888 3236 abscondi-

301 3284 404 3328 tum
431 3292 490 3328 os
519 3291 680 3329 meum
711 3293 743 3329 a
775 3285 819 3330 te
840 3317 854 3343 ,
888 3275 1024 3343 quod
1059 3275 1220 3346 fecisti
1249 3276 1300 3328 in
1331 3275 1621 3328 abscondito
1651 3290 1668 3328 :
1701 3285 1746 3328 et
1771 3273 1888 3328 sub-

298 3367 484 3419 stmtia
525 3383 656 3430 utea,
704 3367 755 3420 in
791 3365 1114 3436 inferioribus
1145 3375 1311 3420 terrw.
1361 3366 1504 3421 Ecce
1539 3367 1590 3420 iu
1621 3381 1780 3420 carne
1806 3373 1890 3420 est

297 3457 592 3512 substantia
635 3473 783 3524 mea,
813 3458 869 3512 in
899 3456 1243 3512 inferioribus
1282 3468 1438 3513 terra:
1475 3466 1557 3513 est
1594 3458 1888 3513 substantia

299 3563 456 3616 mea;
494 3559 548 3605 et
587 3549 756 3606 habeo
785 3559 959 3607 tamen
1001 3566 1182 3607 ossum
1220 3551 1571 3617 intrinsecus,
1603 3551 1742 3622 quod
1773 3550 1885 3606 for-

299 3643 453 3696 masti
474 3685 488 3706 ,
519 3643 660 3712 quod
691 3643 846 3698 faciat
887 3659 973 3699 me
999 3659 1105 3698 non
1136 3643 1328 3698 cedere
1358 3643 1606 3698 omnibus
1635 3659 1888 3713 persecu-

301 3731 538 3787 tionibus
567 3734 584 3764 ί
625 3734 889 3788 inferioris
937 3734 1093 3803 hujus
1137 3735 1406 3804 regionis,
1457 3735 1544 3788 ubi
1591 3744 1670 3788 est
1714 3733 1888 3790 adhuc

299 3823 594 3879 substantia
628 3841 766 3880 mea.
809 3825 944 3892 Quid
976 3826 1117 3879 enim
1161 3839 1411 3894 magnum
1440 3833 1520 3877 cst
1548 3825 1592 3877 si
1626 3823 1776 3878 fortis
1804 3834 1888 3878 est

302 3919 568 3988 angelus?
593 3917 838 3988 Magnum
867 3927 948 3972 est
975 3917 1019 3971 si
1051 3917 1202 3971 fortis
1232 3925 1313 3971 cst
1339 3930 1483 3971 caro.
1519 3917 1583 3970 Et
1609 3915 1752 3970 unde
1781 3915 1888 3969 for-

301 4009 368 4064 tis
393 4025 519 4064 caro
541 4052 554 4075 ,
587 4009 726 4064 unde
770 4010 906 4064 forte
937 4023 1028 4063 vas
1057 4009 1216 4063 ﬁctile
1236 4051 1248 4070 ,
1307 4009 1404 4060 nisi
1433 4007 1552 4077 quia
1587 4007 1780 4063 factum
1808 4017 1889 4062 est

300 4099 368 4154 ibi
397 4117 582 4156 ossum
621 4101 670 4156 in
711 4101 1068 4156 abscondito?
1110 4100 1174 4153 Et
1213 4099 1488 4153 substantia
1516 4117 1624 4154 utea
1667 4100 1717 4153 in
1757 4101 1888 4172 infe-

297 4191 517 4246 rioribus
555 4201 719 4246 teme.

365 4281 457 4335 21.
491 4281 638 4354 [vers.
663 4281 772 4354 I6.]
802 4281 940 4350 Quid
961 4281 1027 4336 de
1044 4282 1147 4336 illis
1165 4281 1249 4352 qui
1273 4281 1446 4336 minus
1467 4282 1600 4335 ﬁrmi
1620 4281 1891 4336 sunt?I.o-

299 4373 477 4441 quitur
497 4374 661 4441 enim,
686 4375 869 4442 utjam
895 4374 1286 4438 commendavi,
1311 4374 1573 4428 Christus.
1597 4373 1698 4428 Sed
1723 4373 1886 4428 multa

263 4511 267 4516 .
300 4464 436 4519 dicta
459 4475 580 4519 sunt
599 4482 660 4519 ex
682 4479 905 4534 persona
923 4466 1190 4534 corporis;
1212 4466 1333 4519 audi
1353 4475 1404 4520 et
1421 4481 1485 4520 ex
1509 4481 1730 4534 persona
1755 4465 1890 4534 capi-

306 4559 366 4611 tis
387 4575 399 4611 :
420 4568 474 4612 et
497 4573 601 4612 non
626 4559 772 4628 quasi
797 4559 1089 4628 distinguit,
1115 4569 1170 4611 ut
1192 4557 1405 4611 inducat
1446 4559 1589 4627 ipsas
1613 4573 1886 4626 personas,

305 4649 458 4704 modo
476 4659 654 4718 caput,
675 4651 834 4704 modo
855 4665 1066 4719 corpus.
1095 4649 1149 4704 Si
1168 4650 1307 4704 enim
1331 4649 1624 4718 distinguit,
1648 4650 1797 4719 quasi
1819 4648 1890 4703 di-

299 4739 422 4793 vidit
446 4757 460 4805 ;
487 4755 590 4794 non
612 4741 886 4795 ernntduo
905 4741 955 4794 in
978 4755 1136 4794 carne
1155 4756 1276 4793 una.
1301 4740 1354 4794 Si
1379 4750 1552 4794 autem
1575 4739 1677 4794 duo
1695 4751 1818 4794 sunt
1836 4740 1887 4794 in

299 4843 458 4885 carne
481 4845 582 4884 una
615 4831 630 4900 (
655 4830 842 4899 Epltes.
865 4847 919 4896 v,
943 4831 1000 4884 51
1018 4872 1030 4892 ,
1056 4829 1162 4900 5‘2)
1189 4848 1202 4895 ;
1233 4831 1337 4883 noli
1371 4831 1548 4884 mirari
1576 4831 1617 4884 si
1642 4831 1746 4884 duo
1767 4839 1892 4886 sunt

300 4919 350 4974 in
379 4938 514 4978 voce
542 4939 664 4978 una.
696 4923 918 4990 Quando
951 4924 1205 4976 Dominus
1237 4931 1418 4975 noster
1447 4921 1603 4976 Iesus
1643 4921 1890 4982 Christus

299 5027 490 5080 passus
519 5025 632 5080 est,
678 5015 920 5086 discipuli
963 5015 1198 5069 nondum
1247 5013 1514 5068 habebant
1551 5013 1676 5068 illud
1707 5029 1888 5069 ossum

302 5103 558 5172 interius;
589 5107 820 5161 nondum
845 5107 948 5160 illis
969 5115 1083 5161 erat
1108 5105 1370 5159 ﬁrmatum
1402 5106 1563 5160 robur
1583 5107 1849 5176 patientia:
1873 5125 1885 5160 :

302 5203 354 5250 et
379 5197 618 5254 latebant
647 5215 706 5256 se
729 5241 744 5268 ,
792 5201 1100 5254 nesciebant
1131 5199 1272 5254 vires
1316 5215 1477 5265 snas;
1525 5209 1578 5254 et
1621 5215 1781 5255 ausus
1809 5209 1891 5256 est

303 5285 492 5344 Petrus
516 5291 828 5359 promittere
851 5291 1160 5345 sncietatem
1187 5291 1374 5346 mortis
1399 5303 1516 5345 cum
1541 5291 1748 5345 Domini
1773 5307 1889 5362 pas-

292 5379 471 5449 ;sione,
496 5390 552 5437 et
572 5399 676 5437 non
703 5398 762 5438 se
786 5391 1004 5436 noverat
1027 5392 1285 5452 a-grotus;
1315 5385 1552 5439 medicus
1583 5395 1763 5439 autem
1796 5399 1891 5439 no-

297 5484 449 5542 verat
465 5483 743 5544 mgrotum.
766 5474 900 5540 Quid
921 5483 1093 5528 autem
1118 5474 1310 5530 factum
1335 5477 1452 5529 est?
1478 5475 1680 5542 Tecum,
1701 5477 1886 5546 inquit,

308 5577 458 5632 usque
500 5566 568 5618 ad
605 5574 835 5619 mortem.
883 5565 1036 5617 Amen
1081 5565 1192 5618 dico
1239 5567 1360 5628 tibi;
1409 5569 1696 5636 priusquam
1726 5568 1890 5636 gallus

307 5669 465 5714 cantet
491 5702 504 5726 ,
538 5671 610 5712 ter
637 5675 714 5712 me
739 5659 939 5729 negabis
969 5657 1192 5731 (.lla.‘t.'t.
1227 5675 1344 5712 χχι-ι
1372 5701 1387 5725 ,
1417 5660 1484 5714 5i
1509 5703 1522 5730 ,
1556 5661 1656 5728 35;
1691 5671 1735 5716 cl
1765 5659 1886 5714 Luc.

371 5773 384 5801 ‘
415 5781 495 5821 am
531 5779 580 5822 ct
605 5771 788 5833 aliquot
809 5779 934 5830 Mss,
955 5767 1352 5834 persecrtmibus.

1345 319 1738 378 ENARRATIO
1778 319 1840 374 IN
1883 319 2204 379 PSALMUM
2245 323 2575 382 CXXXVIII.

3430 331 3568 414 nas

1983 449 2134 504 χχιι,
2162 437 2250 502 55,
2284 437 2410 508 54).
2447 438 2742 508 Responsio
2785 437 2975 494 medici
3005 437 3181 496 verior
3205 441 3417 498 inventa
3445 453 3568 512 est,

1982 537 2141 594 quam
2171 527 2354 598 aegroti
2383 527 2748 598 prmsumptio.
2779 527 2854 584 De
2885 527 2966 584 his
2993 544 3120 600 ergo
3149 529 3314 598 dicit,
3350 531 3470 586 Non
3499 543 3574 589 est

1981 615 2328 671 absconditum
2355 634 2410 672 os
2436 635 2601 672 meum
2626 635 2657 671 a
2687 628 2752 686 te,
2781 619 2916 690 quod
2961 622 3123 693 fecisti
3149 623 3201 676 in
3230 623 3521 678 abscondito
3552 641 3574 682 τ

1981 706 2033 760 in
2057 707 2248 777 quibus
2274 717 2356 763 est
2383 709 2552 778 ipsum
2581 723 2642 764 os
2671 709 2936 764 ﬁrmatum
2959 712 3296 780 intrinsecus,
3321 723 3375 768 et
3401 715 3574 770 maxi-

1983 812 2068 852 me
2097 797 2260 854 robur
2287 800 2549 868 passionis
2579 800 2631 854 in
2680 800 2797 871 ipso
2825 802 3048 859 Domino
3077 811 3262 858 nostro
3299 814 3354 860 et
3382 805 3571 862 Salva-

1983 895 2098 943 tore
2122 887 2248 944 Iesu
2275 890 2510 959 Christo,
2543 891 2632 960 qui
2659 907 2776 946 cum
2807 893 3008 958 voluit,
3039 893 3208 962 sedit;
3236 910 3356 950 cum
3382 898 3570 965 voluit,

1981 983 2244 1048 surrexit;
2275 999 2396 1037 cum
2425 983 2627 1052 voluit,
2662 985 2946 1052 domtivit;
2979 1003 3100 1042 cum
3128 989 3325 1054 voluit,
3352 991 3572 1060 evigila-

1986 1069 2098 1136 vit;
2131 1073 2275 1141 quia,
2305 1071 2613 1129 Potestatem
2636 1117 2650 1139 ,
2683 1075 2886 1145 inquit,
2918 1077 3074 1130 habeo
3104 1079 3326 1146 ponendi
3350 1079 3575 1135 animant

1982 1179 2166 1228 meant,
2199 1173 2246 1218 et
2275 1174 2568 1234 potestatem
2595 1167 2752 1221 habeo
2778 1169 2960 1222 iterum
2983 1170 3215 1223 sumendi
3243 1187 3352 1224 eam
3378 1169 3397 1242 (
3413 1169 3570 1227 Joan.

1981 1269 2036 1315 κ,
2070 1250 2192 1324 18).
2221 1253 2356 1322 Quid
2382 1255 2448 1310 de
2475 1255 2580 1310 illis
2607 1259 2661 1311 in
2702 1258 2893 1327 quibus
2921 1274 3026 1313 non
3056 1269 3168 1314 erat
3199 1257 3452 1316 fortitudo
3481 1261 3576 1318 illa

1985 1343 2208 1397 formata
2249 1353 2410 1414 atque
2437 1345 2686 1402 ﬁrmata?
2719 1349 2842 1418 quid
2874 1349 2941 1406 de
2970 1351 3072 1406 illis
3099 1351 3260 1406 dicit?
3289 1351 3422 1408 Vide
3447 1353 3576 1424 quid

1983 1434 2126 1490 dicat
2151 1435 2292 1491 Patri
2319 1437 2430 1492 Deo
2457 1454 2470 1492 :
2493 1437 2854 1510 Imperfectum
2881 1458 3045 1496 meum
3071 1441 3302 1497 viderunt
3325 1443 3456 1498 oculi
3481 1443 3574 1498 tui.

1984 1525 2347 1598 Imperfectum
2375 1545 2560 1596 meum,
2595 1529 2808 1586 Petrum
2839 1547 3014 1588 meum
3045 1535 3382 1605 pollicentem
3405 1545 3459 1592 ct
3485 1551 3578 1595 nc-

1982 1625 2217 1688 gantem,
2241 1629 2656 1689 przesumentem
2679 1631 2732 1676 et
2755 1621 3090 1679 deﬁcientem
3107 1641 3120 1679 :
3137 1627 3382 1682 viderunt
3401 1636 3578 1684 tamen

1985 1723 2104 1764 cum
2125 1711 2262 1764 oculi
2283 1712 2378 1768 tui.
2398 1711 2529 1766 Nam
2548 1712 2688 1782 quod
2709 1728 2830 1768 eum
2850 1725 2904 1769 ct
2921 1715 3033 1786 ipse
3054 1716 3307 1773 Dominus
3323 1719 3576 1788 respexit,

1984 1797 2121 1853 sicut
2151 1800 2405 1869 scriptum
2433 1802 2591 1857 estin
2623 1803 2934 1874 Evangelio,
2959 1806 3067 1875 jam
3094 1816 3214 1876 post
3245 1810 3455 1864 tertiam
3481 1824 3580 1866 ne-

1983 1893 2249 1963 gationem
2282 1896 2637 1950 commonitus
2677 1895 2804 1966 quid
2848 1897 2896 1952 ei
2943 1898 3253 1968 prtedixerit
3283 1899 3538 1956 Dominus
3561 1941 3578 1966 ,

1983 1983 2102 2036 exiit
2133 1988 2271 2054 foras
2293 2026 2308 2052 ,
2339 1994 2386 2038 et
2413 1987 2550 2054 ﬂevit
2581 2003 2752 2039 amare
2783 1985 2934 2058 (Luc.
2967 2003 3105 2056 xxu,
3138 1989 3228 2056 61,
3257 1988 3355 2060 6‘2)
3381 2005 3396 2045 :
3429 1989 3583 2046 ﬁctus

1985 2073 2074 2128 ille
2095 2074 2160 2128 de
2184 2080 2518 2145 respectione
2543 2077 2633 2130 Dei
2665 2075 2763 2131 fuit
2787 2095 2802 2143 ;
2835 2079 2980 2148 quia,
3010 2077 3374 2151 Imperfectum
3393 2097 3580 2145 meum,

1987 2167 2191 2236 inquit,
2229 2169 2457 2222 viderunt
2486 2171 2621 2224 oculi
2650 2171 2741 2224 tui.
2791 2171 2924 2226 Nam
2957 2171 3048 2227 ille
3079 2173 3419 2242 imperfectus
3450 2175 3579 2229 titu-

1987 2257 2118 2312 bans
2148 2258 2198 2312 in
2233 2259 2446 2314 Domini
2474 2261 2723 2330 passione
2749 2303 2764 2326 ,
2794 2263 2980 2332 procul
3010 2264 3172 2318 dubio
3203 2264 3402 2334 periret
3444 2281 3457 2318 :
3491 2265 3584 2321 sed

1987 2350 2238 2406 viderunt
2283 2367 2405 2406 eum
2451 2355 2592 2408 oculi
2641 2355 2747 2418 tui;
2784 2370 2890 2409 non
2937 2355 3108 2410 solum
3157 2355 3367 2426 ipsum,
3401 2356 3494 2412 sed
3532 2365 3586 2413 et

1988 2459 2174 2497 omnes
2201 2445 2288 2514 qui
2321 2444 2616 2514 imperfecti
2649 2444 2883 2516 fuerunt,
2917 2445 3088 2503 donec
3121 2447 3318 2502 Christi
3345 2463 3587 2504 resurre-

1989 2534 2168 2588 ctione
2213 2535 2571 2591 firmarentur.
2603 2537 2862 2608 Apparuit
2891 2539 3032 2592 enim
3063 2539 3233 2594 oculis
3263 2555 3445 2595 eorum
3480 2555 3586 2596 non

1989 2627 2191 2696 peri-ssc
2217 2627 2267 2680 in
2305 2627 2531 2682 Domino
2562 2629 2702 2699 quod
2731 2638 2998 2684 mortuum
3027 2640 3176 2696 erat;
3204 2640 3259 2687 et
3287 2631 3480 2687 factum
3504 2641 3587 2689 est

1990 2731 2050 2771 os
2075 2717 2203 2771 illud
2231 2718 2284 2771 in
2309 2719 2619 2773 abscondito
2643 2735 2848 2786 eorum,
2876 2731 2931 2776 ut
2958 2737 3056 2777 nec
3085 2723 3186 2792 ipsi
3206 2723 3315 2792 jam
3340 2724 3588 2779 timerent

1991 2807 2147 2860 mori.
2181 2806 2542 2880 Imperfectum
2569 2827 2730 2864 meum
2758 2811 2990 2865 uiderunt
3020 2813 3153 2869 oculi
3183 2815 3254 2867 tui
3269 2833 3288 2880 ;
3316 2823 3360 2868 et
3380 2815 3432 2869 in
3457 2815 3586 2872 libro

1993 2905 2077 2949 tuo
2097 2912 2267 2951 omnes
2292 2899 2571 2952 scribentur
2596 2916 2615 2954 :
2647 2915 2752 2954 non
2798 2902 2970 2955 solum
3005 2901 3222 2971 perfecti
3247 2945 3262 2969 ,
3299 2904 3392 2959 sed
3421 2905 3583 2960 etiam

1993 2987 2308 3057 imperfecti.
2333 2987 2448 3044 Non
2473 2989 2695 3044 timeant
2717 2991 3032 3060 imperfecti,
3059 3001 3260 3047 tantum
3281 2994 3584 3063 proﬁciant.

1989 3079 2102 3136 Nec
2128 3084 2246 3152 quia
2279 3081 2409 3150 dixi,
2437 3081 2552 3137 Non
2587 3084 2842 3150 timeant,
2875 3095 3058 3140 ament
3089 3086 3542 3156 imperfectionem
3569 3128 3585 3154 ,

1991 3185 2044 3230 et
2071 3175 2139 3230 ibi
2167 3186 2484 3231 remaneant
2511 3177 2599 3232 ubi
2629 3177 2831 3232 inventi
2857 3186 3000 3231 sunt.
3030 3177 3256 3233 Tantum
3284 3181 3586 3249 proficiant,

1997 3277 2253 3336 quantum
2282 3269 2332 3321 in
2361 3269 2490 3336 ipsis
2516 3277 2616 3322 est.
2650 3267 2896 3335 Quotidie
2923 3268 3138 3335 addant,
3169 3271 3405 3340 quotidie
3431 3285 3588 3326 accc-

1992 3357 2121 3413 dant
2162 3377 2173 3412 :
2221 3368 2395 3414 tamen
2441 3376 2470 3414 a
2519 3375 2743 3428 corpore
2787 3360 2996 3414 Domini
3049 3376 3152 3416 non
3199 3361 3486 3428 recedant;
3528 3373 3588 3418 ut

1993 3450 2044 3504 in
2067 3465 2174 3504 uno
2198 3465 2444 3519 corpore,
2469 3461 2522 3504 ct
2545 3451 2593 3504 in
2621 3451 2703 3505 his
2728 3452 2981 3506 membris
3006 3453 3358 3522 compaginati
3383 3455 3589 3522 possint

1992 3542 2187 3598 mereri
2216 3542 2283 3598 de
2310 3558 2366 3597 sc
2393 3543 2588 3598 dictam
2629 3558 2748 3599 esse
2775 3558 2962 3598 vocem
3003 3545 3158 3598 istam
3181 3589 3193 3610 ,
3227 3544 3588 3616 Imperfectum

1993 3653 2156 3690 nteant
2186 3636 2412 3689 uiderunt
2457 3637 2588 3691 oculi
2631 3637 2744 3702 tui;
2791 3637 2922 3690 etin
2964 3636 3094 3690 libro
3135 3647 3220 3691 tuo
3251 3653 3421 3692 omnes
3461 3637 3588 3692 scri-

1993 3725 2191 3778 bentur.

2063 3815 2157 3870 22.
2193 3816 2296 3870 Per
2322 3817 2454 3868 diem
2483 3817 2720 3869 errabant
2745 3859 2758 3882 ,
2787 3825 2832 3870 et
2858 3833 3002 3870 nemo
3025 3818 3076 3870 in
3105 3818 3193 3872 eis.
3223 3817 3345 3872 Dies
3378 3819 3461 3873 hic
3489 3819 3586 3874 ad-

1995 3909 2098 3963 huc
2125 3920 2240 3963 erat
2272 3909 2525 3962 Dominus
2556 3917 2738 3962 noster
2767 3908 2925 3963 Jesus
2955 3909 3196 3964 Christus
3227 3927 3239 3961 :
3271 3911 3409 3967 unde
3437 3911 3586 3967 dice-

1995 4002 2103 4064 bat,
2139 4001 2423 4066 Ambulnte,
2454 4001 2573 4053 dum
2601 4001 2732 4054 diem
2764 4001 2952 4056 habetis
2983 4000 3159 4072 (loan.
3195 4018 3284 4068 xu,
3318 4003 3387 4058 55
3407 4003 3445 4073 ).
3479 4003 3584 4060 Sed

1995 4109 2083 4162 per
2113 4091 2246 4145 diam
2271 4092 2507 4144 errabant
2533 4091 2826 4159 imperfecti
2856 4091 3039 4160 ipsius.
3069 4092 3392 4148 Putaverunt
3416 4103 3468 4149 et
3487 4095 3586 4164 ipsi

1995 4185 2276 4238 Dominum
2308 4193 2548 4238 nostrum
2581 4183 2762 4238 Jesum
2793 4183 3061 4238 Christum
3091 4187 3459 4242 tantummodo
3487 4187 3584 4240 ho-

1995 4278 2192 4332 minem
2225 4293 2344 4332 esse
2369 4294 2383 4343 ;
2417 4292 2520 4332 non
2551 4276 2748 4332 habere
2775 4277 2826 4331 in
2856 4293 2914 4333 se
2939 4279 3201 4334 occultam
3230 4279 3582 4347 divinitatem,

1995 4387 2100 4424 non
2127 4385 2244 4424 esse
2272 4371 2479 4424 occulte
2509 4370 2675 4424 Deum
2699 4413 2714 4436 ,
2745 4369 2839 4424 sed
2866 4370 2966 4424 hoc
2994 4371 3167 4426 solum
3193 4387 3311 4428 esse
3340 4374 3480 4443 quod
3505 4374 3583 4427 vi-

1994 4461 2218 4515 debatur
2242 4477 2254 4512 :
2283 4461 2384 4513 hoc
2404 4469 2458 4514 et
2478 4461 2576 4528 ipsi
2609 4467 2946 4530 putaverunt.
2975 4461 3106 4516 Nam
3132 4471 3186 4516 et
3211 4463 3324 4532 ipse
3355 4465 3544 4520 Petrus
3563 4481 3576 4496 ·

1997 4551 2085 4626 (de
2109 4553 2197 4605 illo
2219 4553 2358 4606 enim
2379 4551 2711 4622 potissimum
2741 4553 3023 4622 loquimur,
3049 4555 3100 4609 in
3124 4571 3227 4626 quo
3251 4557 3404 4612 nobis
3425 4560 3584 4614 etiam

1995 4659 2100 4697 non
2142 4642 2434 4713 desperata:
2483 4643 2804 4699 infirmitatis
2850 4647 2864 4676 ¹
2908 4646 3208 4716 exemplum
3255 4649 3584 4718 pr0positum

1995 4735 2098 4804 est)
2131 4752 2147 4788 :
2177 4734 2385 4789 dixerat
2415 4735 2638 4789 Domino
2665 4735 2804 4790 idem
2837 4736 3046 4802 Petrus,
3066 4753 3188 4793 cum
3207 4741 3586 4810 interrogasset

1995 4827 2120 4898 quid
2159 4829 2302 4882 illum
2335 4829 2572 4883 dicerent
2611 4828 2855 4884 homines
2889 4847 2900 4882 :
2949 4829 3026 4884 Tu
3066 4848 3118 4885 es
3146 4831 3375 4886 Christus
3417 4830 3584 4888 Filius

1995 4919 2092 4975 Dei
2120 4921 2234 4975 vivi.
2265 4921 2331 4976 Et
2377 4921 2581 4975 dixerat
2631 4923 2679 4976 ei
2713 4923 2968 4978 Dominus
3003 4940 3015 4974 τ
3047 4921 3236 4978 Beatus
3274 4940 3357 4986 es,
3402 4923 3582 4980 Simon

1995 5009 2221 5079 Barjona
2243 5051 2256 5072 ,
2299 5012 2418 5081 quia
2452 5029 2552 5066 non
2597 5012 2685 5066 tibi
2725 5013 2956 5066 reuelauit
2986 5030 3104 5068 caro
3143 5024 3189 5068 et
3219 5016 3426 5084 sanguis
3449 5059 3463 5082 ,
3495 5018 3584 5070 sed

1997 5097 2152 5154 Pater
2177 5117 2316 5154 meus
2341 5101 2426 5169 qui
2455 5103 2508 5156 in
2538 5103 2674 5156 ctelis
2703 5111 2794 5156 est.
2829 5104 3037 5170 Quare?
3066 5103 3196 5172 Quia
3224 5105 3435 5160 dixerat
3459 5121 3580 5162 eum

1995 5191 2186 5244 Filium
2217 5191 2329 5246 Dei.
2357 5193 2428 5246 lbi
2460 5194 2616 5262 paulo
2641 5202 2796 5263 post,
2831 5193 3018 5248 eodem
3054 5194 3194 5262 loco,
3221 5197 3272 5248 in
3305 5195 3416 5264 ipsa
3449 5213 3582 5252 con-

1997 5283 2230 5338 tcxlione
2256 5283 2536 5338 verborum
2564 5327 2578 5349 ,
2610 5285 2772 5352 cmpit
2811 5284 3069 5339 Dominus
3111 5285 3178 5341 de
3214 5287 3459 5356 passione
3489 5305 3583 5344 sua

1973 5375 2166 5430 -futura
2197 5377 2396 5432 dicere.
2445 5378 2536 5432 Ille
2561 5387 2736 5432 autem
2771 5379 2957 5434 Petrus
2981 5421 2996 5443 ,
3028 5381 3118 5451 qui
3142 5381 3250 5453 jam
3277 5382 3424 5438 illum
3453 5398 3589 5440 con-

1997 5465 2167 5520 fcssus
2211 5467 2382 5522 fuerat
2421 5467 2613 5522 Filium
2661 5469 2790 5530 Dei.
2827 5471 3001 5525 timuit
3045 5487 3110 5528 ne
3149 5473 3285 5528 sicut
3313 5472 3455 5529 ﬁlius
3485 5475 3583 5529 ho-

1999 5558 2156 5612 minis
2187 5568 2508 5634 moreretur.
2538 5559 2660 5612 Erat
2693 5559 2857 5615 Filius
2898 5561 3032 5628 Dei,
3065 5573 3178 5618 erat
3209 5573 3262 5620 et
3295 5563 3434 5620 ﬁlius
3477 5564 3578 5620 ho-

2001 5780 2016 5822 ι
2057 5713 2087 5790 ξ.
2108 5717 2170 5759 ua
2194 5711 2407 5773 quinque
2435 5719 2538 5761 atss.
2571 5711 2652 5762 alii
2677 5725 2796 5765 vero
2819 5727 2928 5764 cum
2957 5715 3091 5778 Edd.,
3129 5717 3397 5782 desperata:
3427 5715 3581 5778 ﬁrmi-

2019 5787 2128 5822 (ιδιά.

2019 5787 2128 5822 (Πιῶ
