4080 6476
496 355 634 432 iia'a

493 493 655 548 minis
684 508 697 544 :
727 487 892 545 Filius
921 487 1034 554 Dei,
1060 486 1110 540 in
1141 483 1308 537 forma
1341 479 1454 545 Dei,
1483 476 1700 548 a‘qualis
1731 474 1905 536 Patri;
1941 471 2078 524 Illius

493 569 750 651 hominis,
771 599 823 637 1n
858 581 1022 634 forma
1051 577 1190 632 servi
1220 571 1476 648 (Philipp.
1508 587 1564 638 ιι,
1594 569 1648 633 6,
1671 569 1751 636 7),
1780 581 1880 636 qua
1906 564 2080 618 minor

496 677 564 732 sit
602 677 754 730 Patre
785 672 975 741 (Joan.
1009 685 1130 734 xw,
1161 665 1288 738 98).
1321 663 1592 718 Venturus
1633 665 1749 740 erat
1776 655 1839 710 ad
1873 653 2079 724 passio-

495 787 617 825 nem
650 769 830 836 utique
857 782 921 820 ex
947 763 1116 818 forma
1148 760 1283 814 servi
1315 775 1327 822 ;
1359 755 1484 825 quid
1514 753 1687 808 timuit
1717 747 1904 804 Petrus
1931 761 1998 800 ne
2027 743 2078 798 in

498 862 664 916 forma
688 857 825 914 servi
853 856 1050 926 periret
1077 854 1241 908 forma
1269 849 1380 912 Dei,
1410 855 1462 902 et
1493 861 1595 900 non
1625 843 1798 912 potius
1826 851 2082 926 prtesum-

498 955 600 1024 psit
631 953 752 1023 quia
782 967 847 1005 ex
875 949 1040 1003 forma
1075 946 1167 1000 Dei
1207 931 1555 999 revivisceret
1583 935 1751 991 forma
1782 931 1964 1024 servi?
1993 917 2082 983 Ait

495 1021 571 1102 illi
607 1065 620 1101 :
647 1021 788 1098 Absit
818 1060 848 1096 a
879 1052 943 1108 te,
977 1027 1229 1104 Domine;
1260 1035 1508 1108 prapitius
1535 1031 1622 1084 tibi
1649 1037 1773 1083 esto.
1804 1027 1869 1080 Et
1893 1021 2081 1079 Domi-

497 1143 618 1204 nus,
645 1137 732 1206 qui
761 1117 904 1189 illum
935 1127 1147 1194 beatum
1178 1129 1383 1184 dixerat
1411 1126 1462 1179 in
1492 1124 1578 1178 illa
1606 1135 1737 1175 voce
1763 1137 1776 1172 :
1815 1116 1954 1171 Vade
1973 1123 2084 1186 post

498 1246 576 1282 me
599 1269 614 1296 ,
643 1237 852 1281 satanas
877 1267 890 1291 ,
924 1222 1086 1292 inqttit
1116 1238 1129 1286 ;
1161 1235 1316 1289 neque
1345 1217 1476 1270 enim
1503 1213 1639 1285 sapis
1664 1227 1775 1280 quae
1802 1209 1898 1263 Dei
1925 1215 2042 1296 sunt
2065 1245 2079 1268 ,

495 1321 584 1374 sed
613 1335 724 1389 qua:
751 1325 868 1370 sunt
906 1316 1164 1368 hominum
1210 1309 1420 1382 (Matth.
1447 1322 1534 1360 xv:
1561 1346 1574 1368 ,
1610 1298 1829 1371 15-23).
1862 1296 2081 1352 Jamdu-

497 1415 626 1468 dum
653 1412 774 1482 quia
796 1411 1022 1473 dixerat,
1053 1407 1128 1460 'I'u
1157 1423 1208 1460 es
1241 1402 1470 1458 Christus
1515 1399 1678 1452 Filius
1710 1395 1803 1480 Dei
1829 1393 1922 1446 vivi
1945 1409 1962 1455 ,'
1989 1407 2085 1445 au-

499 1504 650 1569 divil,
681 1503 796 1556 Non
828 1501 914 1554 tibi
937 1499 1168 1553 revelari!
1189 1511 1307 1549 caro
1337 1503 1382 1548 et
1411 1491 1634 1562 sanguis,
1659 1488 1746 1542 sed
1776 1485 1932 1538 Pater
1947 1499 2084 1536 meus

499 1600 588 1672 qui
612 1599 663 1649 in
693 1596 829 1650 cwlis
851 1603 920 1648 est
945 1609 961 1646 :
986 1591 1103 1646 ideo
1129 1589 1338 1664 petraq‘,
1362 1571 1480 1640 ideo
1506 1571 1709 1646 beatus.
1733 1579 1886 1672 Modo
1908 1585 2082 1632 autem

499 1667 622 1760 quia
653 1703 757 1742 non
786 1703 850 1741 ex
877 1684 1050 1739 Patris
1075 1679 1420 1744 revelatione,
1454 1675 1546 1730 sed
1577 1689 1641 1728 ex
1667 1667 1841 1728 carnis
1865 1669 2087 1726 inﬁrmi-

500 1771 608 1835 tate
647 1775 1016 1850 responderat,
1049 1785 1260 1829 satanas
1290 1768 1584 1840 appellatus
1610 1776 1724 1828 est;
1763 1763 1882 1817 Non
1908 1763 2084 1840 sapis,

501 1873 672 1942 inquit
695 1913 710 1938 ,
741 1887 853 1941 qua:
879 1869 975 1924 Dei
1001 1876 1149 1934 sunt,
1180 1864 1266 1920 sed
1303 1878 1417 1936 qua:
1458 1869 1572 1915 sunt
1602 1853 1877 1912 hominum.
1905 1855 1974 1909 Et
2002 1855 2087 1908 hic

502 1973 622 2019 erat
646 1962 911 2026 Christus,
944 1958 1132 2013 fratres
1161 1958 1330 2009 :iuter
1360 1953 1478 2008 illos
1505 1950 1888 2028 ambulaverat,
1915 1947 2087 2024 ventis

501 2054 856 2124 imperaverat
881 2050 998 2122 (Id.
1033 2065 1124 2103 vui
1149 2090 1163 2112 ,
1187 2045 1292 2114 ΞΒ)
1320 2087 1348 2122 ,θ
1367 2053 1489 2098 ante
1516 2041 1698 2096 oculos
1728 2041 1964 2109 ipsorum
1989 2039 2090 2093 ﬂu-

500 2154 619 2200 ctus
648 2144 944 2200 calcaverat
975 2139 1093 2208 (Id.
1141 2154 1230 2192 stv
1255 2179 1268 2202 ,
1299 2135 1402 2204 95')
1430 2177 1442 2200 ,
1474 2143 1598 2188 ante
1640 2132 1822 2188 oculos
1854 2131 2087 2200 ipsorum

499 2234 909 2307 quatriduauum
931 2241 1194 2285 mortumu
1218 2227 1562 2283 suscitaverat
1585 2223 1762 2297 (Joan.
1785 2239 1856 2290 ιι,
1872 2221 2083 2294 59-44),

500 2335 624 2380 ante
649 2325 832 2378 oculos
861 2323 1094 2392 ipsorum
1123 2328 1266 2396 tanta
1299 2316 1550 2372 miracula
1577 2315 1803 2379 fecerat;
1837 2323 1890 2370 et
1915 2322 2088 2369 tamen

499 2409 897 2486 trepidaverunt
925 2414 977 2468 in
1006 2411 1252 2482 passione
1280 2409 1394 2479 ejus
1417 2449 1431 2474 ,
1465 2407 1614 2479 quasi
1641 2407 1943 2461 amisissent
1967 2421 2088 2461 eum

499 2507 568 2563 de
607 2522 712 2578 quo
757 2505 954 2560 frustra
997 2487 1468 2576 prmsumpseraut.
1517 2498 1624 2554 Sed
1670 2515 1757 2569 per
1786 2497 1918 2551 diem
1958 2513 2096 2551 erra-

501 2599 621 2654 bant
642 2599 661 2629 ¹
685 2607 730 2653 et
757 2613 899 2652 nemo
921 2598 972 2650 in
1001 2597 1089 2650 eis.
1115 2595 1284 2649 Nemo
1309 2606 1544 2663 prorsus,
1570 2605 1669 2646 nec
1695 2590 1810 2660 ipse
1835 2589 1922 2660 qui
1945 2589 2091 2644 dixe-

499 2699 598 2756 rat,
627 2689 809 2744 chum
837 2703 990 2758 usque
1009 2687 1076 2740 ad
1098 2695 1326 2739 mortem.
1353 2683 1568 2738 Dixerat
1586 2682 1726 2738 enim
1747 2681 1848 2735 illis
1874 2697 1888 2734 :
1921 2680 2094 2736 Veniet

501 2776 646 2850 hora,
669 2790 722 2833 ut
745 2797 821 2834 me
842 2778 1136 2850 relinquatis
1161 2777 1340 2841 solum,
1368 2786 1412 2829 et
1435 2785 1512 2828 eat
1534 2774 1872 2844 unusquisque
1893 2774 1942 2827 in
1963 2776 2094 2826 viain

501 2889 644 2927 suam
670 2888 688 2926 :
715 2871 802 2926 sed
829 2887 928 2924 non
958 2886 1068 2923 sum
1107 2869 1246 2922 solus
1271 2909 1284 2932 ,
1312 2867 1429 2937 quia
1447 2882 1650 2944 mecum
1678 2875 1749 2919 est
1779 2863 1935 2918 Pater
1966 2861 2089 2934 (Id.

505 2965 612 3028 invi,
646 2961 770 3034 ⁸52).
801 2961 934 3016 Cum
977 2959 1066 3014 illo
1098 2967 1212 3014 erat
1241 2958 1416 3022 Pater,
1447 2965 1500 3012 et
1532 2959 1645 3025 ipse
1669 2955 1788 3009 cum
1818 2955 2008 3020 Patre;
2041 2964 2095 3010 et

503 3037 557 3110 in
591 3056 680 3112 illo
707 3056 883 3118 Pater,
914 3061 968 3108 et
997 3052 1108 3122 ipse
1137 3051 1189 3104 in
1215 3049 1406 3114 Patre;
1437 3057 1486 3104 et
1515 3049 1628 3118 ipse
1665 3058 1717 3102 et
1745 3047 1900 3102 Pater
1930 3063 2094 3102 unum

501 3149 620 3222 (Id.
655 3166 688 3204 κ
710 3193 725 3219 ,
756 3149 825 3205 50
849 3190 864 3214 ,
908 3149 976 3203 58
997 3147 1054 3218 );
1089 3155 1142 3201 et
1188 3145 1261 3206 illi
1293 3145 1581 3198 timuerunt
1622 3139 1742 3196 cum
1771 3149 2090 3196 moreretur.

501 3229 692 3310 Quare,
733 3241 832 3294 nisi
859 3240 980 3309 quia
1006 3253 1102 3308 per
1130 3237 1267 3292 diem
1297 3241 1630 3310 erraverunt,
1659 3241 1713 3286 et
1739 3247 1898 3288 nemo
1919 3231 2017 3286 fuit
2038 3233 2092 3286 in

499 3333 619 3388 eis?
643 3331 746 3388 Per
773 3332 904 3385 diem
931 3331 1166 3383 errabant
1189 3369 1203 3392 ,
1233 3337 1278 3380 et
1307 3342 1450 3380 nemo
1475 3325 1527 3378 in
1552 3325 1642 3378 eis.

569 3426 662 3479 25.
706 3423 868 3496 [vers.
918 3405 1041 3494 l1]
1081 3420 1186 3476 Sed
1231 3417 1356 3488 quid
1385 3427 1500 3484 est,
1534 3419 1770 3470 errabant
1797 3415 1886 3486 per
1913 3413 2046 3468 diem
2069 3414 2095 3468 ?

501 3497 766 3588 Numquid
794 3516 1076 3587 peribunt?
1104 3515 1168 3568 Et
1197 3513 1281 3567 ubi
1310 3522 1410 3576 est,
1437 3510 1794 3581 Imperfectum
1823 3525 1988 3584 meum
2015 3508 2094 3561 vi-

503 3611 682 3664 derunt
708 3610 841 3662 oculi
867 3611 972 3674 tui,
999 3617 1046 3660 et
1075 3607 1124 3660 in
1153 3605 1279 3658 libro
1307 3615 1392 3680 tuo.
1415 3618 1584 3656 onmes
1611 3600 1925 3678 scribentur?
1951 3599 2094 3669 Ergo

503 3700 716 3772 quando
747 3715 839 3770 per
864 3699 1003 3753 diem
1052 3696 1398 3752 erraverunt?
1425 3694 1554 3748 Cum
1597 3692 1682 3747 hic
1730 3691 1958 3761 positum
1993 3691 2095 3744 Do-

504 3794 704 3848 minum
733 3807 840 3846 non
869 3789 1264 3845 intellexerunt.
1297 3787 1362 3841 Et
1387 3785 1510 3856 quid
1541 3784 1821 3855 sequitur?
1849 3782 1980 3837 Mihi
2002 3799 2095 3836 au-

503 3896 602 3940 tem
629 3884 772 3938 valde
801 3882 1118 3950 honori/icati
1145 3889 1260 3934 sunt
1288 3879 1436 3932 amici
1463 3878 1568 3944 tui,
1613 3877 1764 3930 Deus.
1799 3876 1961 3930 [idem
1994 3875 2093 3945 ipsi

504 3979 594 4048 qui
619 3991 712 4048 per
727 3975 870 4030 diem
893 3981 1224 4038 erraverunt,
1256 3981 1307 4026 et
1335 3985 1494 4024 nemo
1512 3969 1610 4023 fuit
1637 3970 1688 4022 in
1716 3969 1811 4032 eis,
1832 3969 1985 4022 amici
2016 3967 2091 4022 tui

506 4069 632 4124 facti
661 4077 804 4134 sunt,
827 4075 882 4122 et
904 4065 1056 4120 valde
1082 4065 1210 4119 mihi
1243 4061 1576 4117 honoriﬁcati
1607 4071 1748 4114 sunt.
1774 4061 1992 4115 Factum
2015 4069 2096 4114 est

505 4163 560 4218 in
589 4163 666 4216 eis
693 4175 753 4216 os
781 4159 909 4214 illud
937 4167 1055 4228 post
1083 4155 1526 4212 resurrectionem
1559 4153 1764 4207 Domini
1792 4154 1842 4206 in
1869 4152 2096 4206 abscon-

509 4253 640 4312 di'o,
666 4261 716 4306 ct
745 4266 840 4320 pro
861 4251 976 4320 ejus
1003 4249 1213 4302 nomine
1243 4246 1384 4316 passi
1413 4253 1558 4310 sunt,
1587 4245 1638 4298 in
1667 4244 1818 4322 cujus
1846 4244 2095 4314 passione

509 4341 926 4414 trepidaverunt.
993 4340 1122 4394 Mihi
1176 4349 1340 4394 autem
1406 4339 1552 4392 valde
1613 4337 1929 4404 ltouori/icati
1981 4345 2096 4389 sunt

509 4437 658 4490 amici
687 4436 757 4488 lui
781 4477 795 4501 ,
828 4434 964 4487 Deus
983 4450 1000 4498 ,°
1028 4433 1172 4486 valde
1215 4431 1483 4500 confortali
1522 4439 1638 4483 sunt
1668 4429 1979 4498 principatus
2008 4443 2094 4480 eo-

509 4543 643 4584 rum.
666 4527 812 4581 Facti
837 4527 874 4579 A
887 4525 1097 4594 posloli,
1123 4525 1244 4577 facti
1271 4524 1430 4577 duces
1456 4521 1733 4589 Ecclesiae,
1760 4521 1878 4575 facti
1903 4521 2096 4575 arietes

511 4617 767 4672 ducentes
794 4611 1014 4687 greges,
1047 4615 1190 4668 valde
1219 4613 1486 4686 confortati
1526 4619 1639 4666 sunt
1668 4612 1979 4684 principatus
2007 4627 2094 4665 eo-

511 4726 644 4764 rum.
1037 4777 1042 4782 _

581 4801 670 4855 24.
715 4799 875 4872 [vers.
919 4797 1045 4872 18.]
1095 4797 1436 4850 Dinumerabo
1476 4811 1580 4862 eos,
1621 4801 1666 4848 et
1705 4809 1856 4864 super
1891 4809 2098 4848 arenant

513 4893 1002 4964 multiplicabuntur.
1034 4891 1134 4946 Per
1161 4890 1280 4944 illos
1311 4889 1402 4959 qui
1433 4903 1527 4958 per
1569 4887 1708 4942 diem
1749 4895 2094 4954 erraverunt,

512 4996 564 5040 ct
597 5000 753 5040 nemo
774 4993 888 5039 erat
914 4984 964 5038 in
989 4984 1086 5046 eis,
1114 4997 1239 5036 ecce
1261 4989 1382 5034 nata
1401 4988 1483 5054 est
1501 4987 1644 5032 tanta
1663 4979 1762 5034 ista
1792 4976 2094 5045 multitudo,

512 5093 630 5148 quae
655 5077 766 5146 jam
796 5074 933 5129 sicut
959 5087 1119 5127 arena
1146 5070 1416 5126 numerari
1453 5085 1556 5123 non
1597 5078 1804 5138 potest,
1834 5069 1932 5122 nisi
1967 5069 2095 5122 Deo.

511 5167 655 5222 Dixit
684 5166 826 5220 enim
846 5205 861 5230 ,
895 5163 1062 5234 Super
1091 5179 1294 5216 arenam
1319 5160 1807 5228 multiplicabuntur;
1837 5169 1888 5214 et
1921 5167 2096 5213 tamen

511 5258 740 5325 dixerat,
771 5253 1112 5310 Dinumerabo
1137 5269 1238 5307 eos.
1265 5252 1342 5306 llli
1370 5251 1466 5322 ipsi
1495 5251 1784 5317 numerati,
1813 5267 1964 5320 super
1988 5265 2099 5302 are-

514 5365 632 5404 nam
661 5347 1164 5418 multiplicabuntur.-
1183 5345 1242 5400 Εἰ
1272 5345 1466 5414 quippe
1495 5359 1654 5398 arena
1689 5357 1964 5397 numerata
1995 5351 2096 5407 cst,

515 5444 600 5497 cui
629 5440 890 5496 numerati
912 5448 1034 5494 sunt
1053 5437 1229 5507 capilli
1259 5437 1448 5505 capitis
1471 5434 1638 5488 nostri
1661 5431 1876 5510 (Matth.
1901 5449 1954 5498 x,
1985 5431 2097 5503 '50).

515 5519 859 5596 Dinumerabo
884 5547 986 5596 eos,
1021 5540 1065 5583 et
1094 5543 1245 5597 super
1269 5543 1474 5580 arenam
1505 5523 2004 5598 multiplicabuntur.

585 5623 677 5679 25.
725 5624 1004 5678 Exsurrexi
1024 5664 1037 5688 ,
1077 5632 1120 5676 et
1164 5621 1330 5673 adhuc
1364 5636 1476 5673 sum
1512 5629 1690 5673 tecum.
1725 5615 2026 5684 Ea'sttrretri,
2055 5624 2100 5668 ct

581 5755 596 5789 ¹
635 5755 802 5804 Plu'rcs
825 5763 929 5804 Mss.
951 5767 1045 5814 non
1068 5755 1266 5810 haheat,
1286 5751 1396 5801 ideo
1420 5755 1570 5814 petra.

580 5819 600 5852 ²
617 5820 690 5870 sic
712 5818 934 5882 plerique
957 5813 1059 5866 Mss.
1087 5817 1196 5864 add.
1225 5829 1362 5877 vero,
1385 5813 1627 5864 errabant.

1725 361 1780 418 s.
1823 329 2188 414 ancusriut
2229 317 2528 406 EPlSCOPl

3637 322 3770 404 issi)

2185 465 2350 518 adhuc
2377 480 2486 518 sum
2514 471 2693 528 tecum,
2725 461 2849 532 quid
2877 461 2999 516 est?
3025 460 3142 518 Iam
3175 475 3366 532 passus
3391 477 3506 519 sum
3527 507 3545 533 ,
3579 461 3770 534 inquit,

2185 556 2426 626 sepultus
2455 571 2572 610 sum
2600 571 2614 620 ;
2646 568 2772 610 ecce
2791 555 3019 619 surrexi,
3043 563 3097 610 et
3125 555 3297 610 adhuc
3323 573 3408 612 me
3435 572 3539 612 non
3573 557 3774 612 intelli-

2185 658 2314 719 gunt
2354 647 2556 703 secum.
2587 647 2764 700 Adhuc
2788 657 2948 700 tecum
2971 664 3079 702 sum
3106 690 3118 711 ,
3143 648 3193 702 id
3221 657 3335 716 est,
3379 650 3614 704 nondum
3651 665 3775 706 cum

2186 741 2347 810 ipsis;
2377 741 2500 810 quia
2547 739 2782 794 nondum
2825 737 3137 809 agnoscunt.
3179 741 3268 796 Sic
3305 743 3448 798 enim
3489 743 3682 814 legitur
3725 745 3777 800 in

2187 831 2509 901 Evangelio,
2555 834 2678 900 quia
2714 835 2836 901 post
2876 829 3319 888 resurrectionem
3353 829 3560 890 Domini
3606 839 3778 890 nostri
3869 899 3880 907 _

2185 922 2312 978 Jesu
2337 923 2568 989 Christi,
2597 924 2697 980 sibi
2727 933 3067 994 apparentem
3095 941 3202 981 non
3230 929 3482 990 continuo
3507 943 3780 1000 cognove-

2187 1023 2310 1068 runt
2333 1011 2542 1086 (Matth.
2577 1009 2742 1070 xsvtu
2767 1057 2780 1082 ,
2815 1014 2924 1088 17).
2965 1017 3059 1072 Est
3083 1025 3140 1072 et
3163 1017 3300 1072 alius
3334 1034 3544 1086 sensus,
3571 1020 3780 1076 Exsur-

2186 1103 2294 1159 ma
2317 1147 2332 1171 ,
2363 1115 2410 1160 et
2445 1105 2611 1161 adhuc
2635 1109 2746 1162 sum
2773 1119 2936 1163 tecum
2963 1126 2982 1164 :
3011 1121 3068 1164 ut
3103 1110 3206 1167 hoc
3233 1121 3442 1183 tempus
3471 1113 3782 1184 significare

2187 1196 2442 1262 voluerit,
2484 1197 2590 1266 quo
2623 1198 2798 1255 adhuc
2841 1201 2894 1254 in
2922 1202 3131 1256 occulto
3155 1211 3238 1257 est
3265 1203 3332 1258 ad
3357 1187 3637 1260 dexteram
3679 1206 3784 1260 Pa-

2190 1286 2306 1353 tris,
2337 1297 2615 1358 antequam
2647 1291 2913 1346 reveletur
2939 1292 2991 1346 in
3015 1293 3259 1352 claritate
3289 1311 3392 1367 qua
3418 1299 3676 1353 venturus
3696 1310 3784 1354 est

2187 1373 2252 1431 ad
2274 1379 2618 1446 judicandum
2647 1381 2714 1438 de
2740 1383 2872 1438 vivis
2897 1393 2949 1438 et
2976 1379 3218 1440 mortuis.

2257 1469 2348 1525 26.
2379 1469 2660 1550 [vet-349,
2689 1461 2804 1548 20.]
2837 1475 2905 1530 Et
2927 1471 3118 1533 deinde
3139 1478 3266 1534 dicit
3292 1475 3418 1550 quid
3449 1471 3654 1539 interea
3686 1477 3785 1554 per

2191 1559 2357 1616 totum
2391 1563 2490 1618 Iloc
2515 1563 2744 1636 tempus,
2771 1567 2896 1622 dum
2924 1569 3036 1638 jam
3063 1574 3422 1628 resurrexitet
3454 1576 3630 1630 adhuc
3655 1592 3780 1632 cum

2189 1651 2346 1708 Patre
2371 1663 2452 1709 est
2471 1697 2484 1719 ,
2511 1655 2740 1726 patiatur
2763 1657 2848 1712 hic
2869 1673 2963 1727 per
2976 1663 3409 1719 commixtionem
3435 1663 3782 1734 peccatorum

2189 1742 2242 1796 in
2270 1758 2496 1813 corpore
2525 1763 2622 1800 suo
2642 1788 2656 1811 ,
2689 1747 2830 1816 quod
2859 1759 2940 1804 est
2969 1737 3207 1806 Ecclesia
3228 1795 3240 1817 ,
3274 1753 3329 1810 et
3357 1749 3452 1824 per
3475 1758 3782 1826 separatio-

2190 1853 2312 1894 nem
2347 1840 2738 1896 luereticorum.
2767 1843 3017 1914 Sequitur
3042 1848 3184 1901 enim
3215 1857 3268 1904 et
3289 1848 3420 1904 dicit
3444 1869 3458 1904 :
3492 1851 3554 1906 Si
3581 1847 3788 1906 occide-

2189 1930 2282 1994 ris,
2307 1927 2465 1995 Deus,
2501 1941 2779 2000 peccatores
2799 1949 2819 1996 ;
2859 1933 2966 1988 Viri
2991 1937 3312 2006 sanguinum,
3341 1939 3592 1995 declinate
3618 1959 3650 1994 a
3679 1935 3783 2006 me,

2191 2023 2425 2092 quoniam
2455 2024 2588 2076 dices
2615 2025 2667 2078 in
2697 2027 3016 2096 cogitatione,
3042 2028 3300 2100 Accipient
3329 2031 3380 2084 in
3417 2034 3638 2086 vanitate
3661 2015 3792 2088 ciri-

2193 2123 2318 2166 tates
2360 2130 2515 2167 suas.
2557 2114 2774 2171 Videtur
2815 2119 2891 2172 sic
2926 2121 3170 2176 connecti
3199 2120 3332 2175 ordo
3358 2123 3686 2178 verborum:
3720 2107 3788 2180 Si

2193 2205 2452 2272 Occideris,
2479 2205 2636 2275 Deus,
2660 2217 2963 2277 peccatores,
2981 2212 3225 2282 accipient
3247 2212 3296 2266 in
3319 2214 3538 2269 vanitate
3557 2216 3788 2270 ciuitates

2193 2305 2330 2352 suas.
2363 2298 2418 2354 Si
2447 2300 2588 2354 enim
2616 2301 2822 2356 o'ccisos
2861 2303 2970 2357 vult
3013 2303 3234 2374 intelligi
3259 2346 3272 2368 .
3305 2321 3426 2362 cum
3467 2323 3564 2377 per
3593 2305 3786 2377 super-

2197 2387 2336 2445 biam
2357 2405 2460 2462 qua
2489 2391 2883 2459 intumescunt,
2913 2393 3160 2450 amittunt
3189 2395 3412 2467 gratiam
3440 2414 3542 2469 qua
3576 2393 3786 2454 vivunt.

2196 2480 2422 2552 Spiritus
2448 2485 2579 2538 enim
2609 2495 2809 2540 sanctus
2835 2486 3118 2557 disciplima
3155 2477 3356 2560 effugiet
3377 2481 3580 2558 ﬁcium,
3609 2503 3656 2546 et
3683 2509 3790 2544 auo

2196 2577 2320 2646 feret
2345 2593 2396 2629 se
2424 2593 2454 2628 a
2479 2579 2864 2648 cogitationibus
2897 2596 3010 2651 qua?
3048 2591 3162 2636 sunt
3189 2584 3297 2636 sine
3321 2573 3576 2638 intellectu
3599 2586 3624 2655 (
3647 2585 3784 2654 Sap.

2199 2667 2251 2732 1,
2287 2666 2365 2737 5).
2398 2667 2485 2722 Sic
2517 2667 2831 2725 occiduntur
2871 2681 3212 2741 peccatores,
3241 2675 3362 2744 quia
3393 2676 3658 2731 obscurati
3704 2667 3792 2730 in-

2197 2756 2482 2830 telligentia
2509 2761 2808 2818 alienantur
2827 2779 2854 2817 a
2871 2765 2974 2818 vita
3001 2765 3122 2820 Dei1
3151 2765 3365 2835 (Ep/tes.
3391 2783 3461 2832 tv,
3483 2767 3593 2836 l8).
3614 2768 3792 2821 Amit-

2198 2859 2314 2906 tunt
2339 2854 2479 2908 enim
2507 2854 2898 2912 confessionem
2929 2867 3144 2927 propter
3169 2859 3456 2914 elationem
3487 2878 3500 2912 :
3524 2869 3686 2928 atque
3713 2862 3790 2916 ita

2196 2941 2250 3001 in
2281 2947 2358 3001 eis
2401 2947 2588 3002 occisis
2627 2945 2686 3002 fit
2721 2949 2860 3018 quod
2906 2951 3157 3020 scriptum
3185 2959 3286 3018 est,
3321 2953 3364 3005 Α
3401 2963 3632 3020 mortuo,
3665 2964 3786 3008 tan-

2195 3055 2346 3107 quam
2374 3040 2460 3108 qui
2485 3057 2582 3093 non
2605 3041 2701 3106 sit,
2742 3043 2868 3110 perit
2896 3044 3143 3112 confessio
3169 3046 3187 3115 (
3218 3044 3376 3099 Eccli.
3410 3063 3540 3114 xvn,
3569 3033 3686 3118 26).
3717 3048 3790 3108 Et

2197 3129 2274 3184 sic
2302 3131 2566 3200 accipiunt
2591 3133 2644 3184 in
2669 3133 2886 3187 uanitate
2917 3127 3137 3190 ciuitates
3167 3153 3305 3201 suas,
3340 3137 3390 3191 id
3419 3146 3524 3206 est,
3556 3141 3788 3210 populos

2197 3233 2321 3274 suos
2348 3237 2512 3276 vanos
2531 3263 2546 3288 ,
2578 3238 2763 3278 eorum
2794 3219 3077 3280 vanitatem
3118 3237 3417 3294 sectantes;
3448 3244 3570 3284 cum
3615 3229 3786 3285 inﬂati

2193 3305 2410 3380 justititc
2446 3313 2659 3368 nomine
2703 3315 3026 3384 persuadent
3053 3327 3112 3372 ut
3147 3318 3388 3390 disrupto
3417 3320 3630 3377 unitatis
3671 3323 3791 3376 vin-

2197 3403 2337 3466 culo.
2369 3419 2462 3459 eos
2491 3415 2736 3475 tanquam
2760 3407 3014 3476 justiores
3044 3412 3169 3466 cteci
3198 3421 3250 3466 et
3291 3415 3522 3483 imperiti
3553 3430 3789 3486 sequan-

2198 3491 2302 3550 tur.
2336 3495 2402 3550 Et
2439 3500 2558 3567 quia
2614 3501 2923 3571 plerumque
2969 3502 3090 3558 hinc
3129 3503 3405 3560 inveniunt
3443 3509 3782 3564 occasionem

2197 3587 2478 3656 separandi
2505 3604 2564 3644 se
2591 3591 2659 3646 ab
2685 3591 2885 3646 unitate
2910 3591 3129 3661 Christi,
3161 3594 3288 3649 dum
3313 3597 3484 3652 malos
3507 3611 3784 3664 accusant,

2197 3694 2316 3734 cum
2345 3682 2537 3751 quibus
2577 3697 2635 3738 se
2673 3687 3104 3742 communionem
3145 3689 3286 3744 nolle
3334 3689 3534 3747 habere
3579 3694 3790 3750 conlin-

2195 3783 2328 3844 gunt
2356 3790 2370 3840 ;
2402 3783 2456 3830 et
2483 3776 2604 3844 quia
2655 3777 2771 3831 fieri
2819 3787 3022 3846 potest,
3061 3790 3118 3835 ut
3159 3797 3267 3834 non
3295 3791 3498 3838 tantum
3527 3784 3791 3841 infament

2198 3867 2512 3924 innocentes
2534 3909 2550 3936 ,
2579 3885 2711 3938 quos
2735 3875 2984 3940 tanquam
3013 3873 3184 3928 malos
3209 3891 3267 3930 se
3301 3874 3484 3946 fugere
3511 3877 3789 3945 simulant,

2197 3961 2292 4018 sed
2321 3962 2482 4016 etiam
2525 3978 2646 4017 vera
2685 3963 2750 4018 de
2785 3965 3098 4034 quihusdam
3127 3967 3278 4023 malis
3305 3967 3389 4023 sui
3419 3951 3682 4026 similibus
3709 3973 3790 4026 di-

2197 4063 2339 4120 cant,
2371 4054 2509 4108 inter
2537 4070 2670 4124 quos
2697 4056 2926 4110 triticum
2954 4058 3150 4114 Christi
3177 4071 3390 4115 servato
3417 4063 3634 4117 unitatis
3671 4065 3792 4118 viu-

2198 4143 2319 4200 cltlo
2344 4145 2510 4215 gemit
2537 4163 2550 4199 :
2585 4157 2862 4216 propterea
2893 4150 3242 4220 interposuit,
3291 4151 3396 4206 Viri
3437 4155 3746 4225 sanguinali:
3769 4196 3786 4220 ,

2199 4235 2445 4290 declinate
2469 4253 2500 4290 a
2538 4254 2635 4304 me,
2661 4239 2900 4308 quoniam
2937 4241 3072 4295 dices
3104 4242 3155 4294 in
3189 4243 3506 4313 cogitatione,
3541 4247 3792 4315 accipient

2199 4329 2251 4382 in
2287 4331 2505 4384 uanitate
2536 4332 2756 4385 civitates
2786 4349 2942 4398 suas;
2972 4333 3020 4385 id
3051 4321 3150 4398 est,
3185 4333 3302 4388 ideo
3327 4319 3590 4390 seducent
3617 4337 3670 4390 in
3699 4351 3788 4390 se-

2201 4421 2528 4490 parationem
2559 4424 2821 4492 prepriam
2867 4426 3087 4494 populos
3125 4441 3284 4494 suos,
3315 4429 3548 4483 vanitate
3571 4431 3790 4500 propria

2199 4513 2619 4583 corrumpeudos
2642 4555 2656 4578 ,
2687 4515 2804 4584 quia
2835 4525 2889 4569 tu
2930 4517 2982 4569 in
3017 4517 3318 4586 coqitatioue
3343 4518 3498 4586 dices,
3531 4517 3641 4572 Viri
3665 4537 3792 4573 san—

2199 4604 2431 4674 guiuum,
2459 4604 2707 4658 declinate
2729 4622 2761 4658 a
2787 4622 2903 4660 me:
2947 4616 3002 4660 ut
3039 4608 3244 4664 scilicet
3291 4610 3482 4664 merito
3525 4611 3794 4680 superbia:

2200 4703 2508 4766 peccatores
2538 4696 2592 4750 in
2621 4698 2806 4767 spiritu
2834 4699 2994 4752 occisi
3022 4741 3034 4764 ,
3069 4710 3349 4769 propterea
3372 4702 3620 4758 civitates
3641 4718 3790 4768 suas,

2201 4789 2304 4845 hoc
2331 4799 2408 4846 est
2445 4791 2666 4860 pepulos
2693 4806 2840 4856 suos,
2867 4792 2916 4844 iu
2939 4807 3134 4848 vanum
3161 4795 3444 4864 accipiant,
3477 4794 3578 4874 hoc
3609 4804 3716 4860 est,
3743 4798 3792 4848 in

2201 4885 2401 4940 erroris
2427 4885 2710 4939 vanitatem
2751 4884 3052 4954 separando
3075 4886 3354 4942 traducant
3374 4929 3387 4951 ,
3415 4897 3482 4963 (et
3513 4889 3668 4958 quasi
3709 4891 3795 4942 ol-

2203 4963 2334 5032 l'ensi
2353 4977 2730 5033 commixtione
2755 4979 3046 5047 palearum,
3071 4979 3306 5050 disrupta
3331 4981 3532 5036 unitate
3557 4981 3797 5034 triticum

2202 5063 2481 5138 deserant;
2514 5072 2634 5141 quia
2675 5071 2845 5141 ipsum
2883 5071 3148 5138 triticum,
3178 5071 3228 5125 id
3259 5080 3343 5126 est
3379 5071 3546 5126 bonos
3568 5073 3757 5126 fideles
3779 5115 3794 5136 ,

2202 5171 2384 5218 monet
2415 5171 2474 5216 ut
2504 5171 2627 5216 ante
2667 5162 3062 5217 Ventila‘tioncm
3085 5203 3099 5228 ,
3133 5173 3252 5230 qua:
3291 5163 3578 5216 novissima
3617 5163 3798 5218 futura

2203 5263 2323 5321 est,
2367 5269 2472 5309 non
2501 5253 2684 5326 aperte
2726 5267 2785 5308 se
2822 5269 2852 5306 a
2893 5252 3047 5306 malis
3085 5239 3360 5322 segreget,
3407 5268 3476 5308 ne
3514 5253 3690 5308 adhuc
3719 5255 3802 5308 eis

2205 5348 2523 5402 commistos
2550 5347 2762 5402 deserat
2791 5347 2993 5412 bonos;
3025 5345 3120 5401 sed
3150 5359 3248 5417 per
3277 5347 3470 5402 bonam
3503 5361 3802 5402 conversa—

2207 5439 2403 5494 tionem
2439 5446 2494 5492 et
2531 5423 3029 5491 dissimulitmlinem
3061 5438 3180 5492 vitae
3214 5437 3607 5508 quodammodo
3642 5440 3802 5492 tacite

2207 5531 2311 5584 illis
2331 5529 2528 5596 dicat”,
2563 5527 2669 5580 Viri
2697 5529 3018 5598 sanguinum,
3053 5529 3299 5582 declinata
3327 5546 3358 5582 a
3388 5545 3484 5582 me.
3519 5529 3631 5584 lloc
3653 5531 3800 5584 enim

2272 5624 2288 5652 ι
2315 5624 2385 5670 Sic
2411 5628 2507 5668 Am.
2536 5627 2712 5676 etstss.
2741 5628 2792 5668 At
2817 5627 2889 5667 Er.
2917 5627 2968 5668 et
2991 5626 3121 5680 Lov.,
3147 5635 3179 5669 a
3201 5619 3278 5669 cia
3303 5619 3407 5670 Dei.

2271 5685 2290 5714 ²
2315 5685 2446 5740 add,
2474 5684 2613 5732 tacite
2645 5683 2738 5746 illis
2761 5680 2892 5746 dicat
2915 5694 3089 5746 corpus
3115 5681 3309 5746 Christi,
3359 5681 3458 5732 Viri
3489 5683 3797 5746 sanguinum,

2211 5754 2306 5796 etc.
2345 5753 2398 5795 at
2421 5753 2660 5809 Mssnon
2695 5745 2894 5808 habent,
2929 5743 3102 5809 corpus
3124 5743 3304 5798 Christi
3332 5757 3350 5796 .'
3383 5745 3524 5808 cujus
3546 5743 3652 5796 loco
3681 5751 3796 5796 sub-

2217 5809 2425 5869 auditur,
2451 5814 2484 5858 t:
2499 5806 2681 5858 iticum.
