4038 6462
301 343 428 397 1801

293 455 369 520 eis
393 476 523 517 voce
549 455 638 518 Dei
665 457 811 530 dicit,
853 466 972 532 ιιιιω
1011 471 1112 515 vox
1143 461 1194 515 in
1222 460 1540 530 cogitatione
1582 468 1684 525 est,
1731 458 1868 512 sicut

293 562 410 610 eam
442 555 578 610 Deus
606 553 734 609 dicit
758 553 810 609 in
838 553 1154 623 cogitatione
1179 554 1346 607 Sancti
1394 551 1572 623 populi
1619 552 1722 605 sui.
1755 549 1867 606 Viri

291 658 467 704 autem
494 647 806 717 sanguinum
833 645 920 716 qui
951 653 1094 712 sunt,
1123 645 1222 700 nisi
1261 645 1348 714 qui
1388 637 1614 700 oderunt
1642 643 1864 708 fratres;

291 741 425 796 sicut
451 739 684 795 Joannes
710 738 876 794 dicit:
909 739 1008 803 Qui
1046 739 1152 793 odit
1189 743 1395 810 fratrem
1419 754 1583 802 suum,
1616 735 1868 790 homicida

291 839 364 886 est
392 831 436 900 (Ι
460 829 615 884 Joan.
637 845 714 898 ιιι,
738 829 865 899 ι5)ι
895 829 1005 886 l-loc
1039 845 1166 900 ergo
1193 845 1296 884 non
1327 829 1677 899 intelligentes
1703 827 1864 884 occisi

292 931 616 992 peccatores,
647 923 912 992 quomodo
949 923 1087 978 dicat
1119 923 1260 978 Deus
1289 923 1440 978 malis
1465 923 1516 976 iu
1546 922 1866 993 cogitatione

294 1014 572 1077 bonoum,
613 1012 715 1068 Viri
756 1016 1076 1085 sanguiuum,
1126 1015 1370 1070 declinate
1407 1031 1439 1068 a
1479 1031 1574 1077 me,
1615 1021 1865 1068 accusant

294 1121 344 1160 tn
366 1107 445 1160 eis
460 1107 884 1160 communionem
907 1107 1163 1162 malorum
1181 1114 1194 1171 ;
1215 1115 1269 1160 et
1283 1122 1340 1160 se
1357 1115 1450 1177 per
1466 1106 1557 1160 has
1574 1106 1865 1160 calumnias

289 1197 608 1270 separando,
634 1199 898 1268 accipiunt
918 1200 968 1252 in
985 1198 1202 1254 vanitate
1219 1201 1436 1254 civitates
1454 1207 1591 1253 suos.
1614 1199 1735 1252 Hzcc
1757 1213 1859 1252 vox

289 1295 410 1360 qua
428 1286 584 1343 modo
601 1291 650 1344 in
673 1291 986 1360 Cogitatione
1005 1293 1260 1347 bonorum
1283 1290 1474 1346 dicitur
1494 1289 1662 1353 malis,
1680 1299 1862 1360 aperta

289 1383 392 1435 erit
420 1383 470 1436 in
497 1373 582 1436 illa
603 1373 709 1449 die,
734 1383 944 1453 quando
963 1383 1042 1438 eis
1064 1383 1254 1438 dicitur
1277 1395 1306 1436 a
1329 1381 1498 1452 capite
1521 1381 1634 1452 ipso
1657 1392 1861 1438 nostro:

293 1473 568 1543 Nunquam
587 1475 699 1528 novi
721 1492 804 1529 vos
815 1491 836 1540 ;
875 1475 1110 1529 discedite
1127 1493 1158 1528 α
1179 1491 1274 1539 me,
1297 1491 1466 1530 omnes
1483 1475 1569 1546 qui
1587 1475 1864 1546 aperantini

289 1560 596 1638 iniquitatent
625 1567 833 1641 (Matth.
859 1584 953 1636 vtt,
981 1561 1094 1638 23).

360 1659 451 1714 27.
492 1659 653 1733 [vers.
691 1660 820 1735 21.]
857 1661 1006 1717 Nunc
1044 1671 1217 1716 autem
1260 1660 1384 1715 dicit
1413 1676 1608 1730 corpus
1645 1659 1859 1728 Clu-isti,

289 1752 434 1822 quod
460 1763 539 1808 est
561 1753 790 1808 Ecclesia
816 1771 828 1806 :
858 1751 990 1822 Quid
1020 1757 1099 1809 est
1143 1751 1283 1824 quod
1325 1743 1452 1808 mihi
1479 1753 1863 1808 calumniantur

288 1847 528 1916 superbi,
561 1846 708 1917 quasi
754 1861 839 1901 me
885 1841 1151 1902 maculent
1192 1845 1362 1901 aliena
1393 1848 1626 1916 peccata,
1657 1857 1708 1901 et
1736 1862 1861 1915 pro.

287 1944 472 2006 pterea
520 1930 814 2006 separando
856 1944 934 2002 se,
980 1937 1237 2006 accipiunt
1285 1937 1336 1991 in
1382 1938 1601 1991 vanitate
1641 1936 1860 1991 civitates

285 2028 449 2082 suas?
477 2015 660 2082 Nonne
686 2045 768 2083 eos
793 2021 878 2094 qui
919 2029 1124 2082 oderant
1149 2027 1214 2092 te,
1246 2028 1474 2094 Domine,
1509 2030 1625 2084 odio
1668 2025 1863 2084 habui?

287 2110 484 2188 thnid
513 2135 540 2172 a
569 2134 656 2175 me
682 2119 887 2190 pejores
915 2120 1131 2188 exigunt
1157 2121 1314 2174 etiam
1339 2115 1668 2191 corporalem
1694 2136 1722 2174 a
1750 2136 1862 2175 ma-

284 2205 352 2263 lis
381 2209 783 2278 separationem,
827 2212 885 2266 ut
925 2219 1048 2264 ante
1095 2221 1300 2282 tempus
1343 2210 1532 2266 messis
1559 2208 1714 2267 simul
1739 2229 1858 2268 cum

283 2301 500 2354 tieaitiis
544 2300 844 2357 erudiretur
887 2309 940 2356 et
985 2301 1212 2356 tritictlm
1264 2299 1391 2373 (Id.
1441 2308 1553 2369 x'ul,
1608 2302 1742 2375 50);
1804 2314 1860 2360 ut

280 2397 410 2445 ante
443 2400 648 2460 tempus
675 2392 1028 2446 ventilationis
1073 2385 1287 2462 perdam
1333 2395 1700 2450 sustinentiam
1731 2396 1860 2451 tole-

281 2482 434 2536 raudi
479 2483 677 2551 paleam
726 2482 834 2553 (Id.
882 2500 956 2548 ιιι,
1006 2481 1127 2548 12);
1169 2497 1224 2537 ιιι
1253 2493 1535 2555 antequam
1564 2488 1738 2542 omnia
1768 2497 1857 2558 ge-

279 2591 409 2629 nera
436 2577 654 2647 piscium
681 2578 744 2640 ad
777 2579 931 2632 linem
963 2579 1139 2633 smculi
1171 2589 1414 2658 tanquam
1442 2579 1507 2635 ad
1536 2581 1680 2636 littus
1706 2596 1858 2651 Sepa-

277 2667 450 2721 rauda
483 2669 803 2736 perveniant,
851 2670 979 2724 retia
1007 2672 1150 2740 pacis
1177 2672 1496 2742 unitatisque
1524 2672 1853 2742 disrumpam

277 2758 393 2828 (Id.
437 2775 548 2824 Jun,
594 2760 724 2833 47‘)?
763 2759 1025 2830 Numquid
1059 2762 1318 2817 malorum
1361 2775 1484 2818 sunt
1513 2763 1854 2819 Sacramenta

273 2865 396 2918 quae
423 2851 664 2920 accipio?
701 2851 955 2922 numquid
984 2869 1166 2908 eorum
1195 2854 1315 2908 vita:
1342 2853 1596 2926 factisque
1620 2871 1854 2912 consen-

273 2943 460 3000 tiendo
504 2941 873 3001 communicet
917 2945 1103 3006 Nonne
1151 2963 1233 3006 eos
1276 2952 1361 3022 qui
1401 2949 1612 3008 oderant
1647 2960 1710 3019 te,
1742 2948 1854 3006 Do.

271 3034 425 3099 mine,
475 3035 590 3090 odio
634 3035 815 3103 habui;
849 3049 896 3093 et
938 3057 1090 3105 super
1130 3035 1342 3097 inimicis
1380 3044 1477 3098 tuis
1506 3045 1855 3100 tabescebam?

269 3143 452 3182 nonne
496 3144 614 3184 cum
643 3129 806 3185 -zelus
851 3132 1040 3188 domus
1088 3138 1188 3189 tua:
1233 3129 1536 3193 comederet
1563 3153 1648 3194 me
1681 3135 1851 3208 (Psal.

269 3225 459 3286 Lavin,
510 3221 652 3292 10),
701 3216 942 3278 videbam
992 3227 1320 3296 insensatos,
1373 3239 1428 3285 et
1475 3224 1852 3287 tabescebam‘!

267 3324 452 3364 nonne
498 3321 550 3366 et
591 3314 802 3368 taedium
832 3312 1099 3371 detinebat
1138 3333 1222 3373 me
1251 3334 1280 3373 a
1310 3317 1673 3389 peccatoribus
1701 3322 1856 3378 dere-

265 3396 631 3472 linquentibus
659 3404 825 3476 legem
855 3412 995 3461 tuam
1025 3401 1192 3478 (Psal.
1221 3417 1403 3477 cxvtn,
1427 3406 1550 3479 159,
1581 3413 1698 3480 158,
1722 3413 1853 3484 53)?

265 3491 368 3558 Qui
396 3493 541 3548 enim
580 3505 704 3550 sunt
747 3496 942 3553 inimici
976 3499 1074 3564 tui,
1105 3501 1203 3555 nisi
1243 3503 1332 3572 qui
1358 3504 1462 3558 vita
1493 3519 1586 3559 sua
1618 3506 1853 3563 indicant

263 3592 428 3654 Quam
477 3586 686 3642 oderint
727 3589 893 3669 legem
926 3592 1103 3646 tuam?
1127 3585 1236 3649 Hos
1264 3607 1393 3667 ergo
1431 3613 1550 3652 cum
1591 3596 1848 3669 odissem,

261 3691 364 3732 cur
394 3677 524 3733 mihi
553 3664 942 3737 calumniantur
962 3684 1050 3754 qui
1080 3686 1344 3756 accipiunt
1386 3687 1440 3742 in
1479 3691 1694 3745 vanitate
1731 3692 1853 3746 civi-

262 3775 393 3826 tates
433 3789 570 3837 suas,
602 3774 741 3843 quod
773 3775 900 3829 mihi
945 3775 1189 3846 imputari
1237 3780 1442 3848 possint
1483 3797 1667 3839 eorum
1714 3799 1846 3855 pec-

259 3873 404 3931 cata,
439 3880 575 3934 quos
599 3866 836 3930 oderam,
881 3877 934 3923 ct
973 3881 1134 3939 super
1161 3870 1350 3941 quibus
1393 3866 1509 3928 zelo
1537 3874 1726 3930 domus
1754 3874 1850 3933 Dei

262 3954 644 4011 tabescebam?
685 3955 788 4013 Sed
833 3953 922 4014 ubi
963 3971 1064 4025 est,
1115 3952 1318 4032 Ditigite
1361 3963 1589 4020 inimicos
1617 3961 1850 4021 vestros!

259 4044 344 4104 An
395 4053 519 4122 quia
565 4063 754 4108 vestros
796 4048 966 4122 dixit,
1000 4067 1104 4110 non
1139 4057 1265 4111 Dei?
1307 4049 1624 4130 Beuefttcite,
1657 4059 1846 4131 inquit,

259 4141 332 4193 eis
359 4145 448 4210 qui
475 4145 686 4199 oderunt
711 4163 797 4201 vos
818 4163 838 4202 :
867 4163 973 4202 non
1013 4149 1106 4214 ait,
1137 4151 1225 4220 qui
1256 4142 1482 4205 oderunt
1510 4146 1696 4208 Deum.
1727 4153 1850 4210 Ideo

260 4225 363 4285 iste
391 4241 608 4286 secutus
633 4230 822 4300 dixit‘,
852 4228 1038 4293 Nonne
1061 4256 1142 4293 eos
1171 4241 1257 4309 qui
1279 4237 1491 4296 oderunt
1519 4252 1584 4310 ιθ,
1615 4243 1847 4311 Domine,

256 4320 378 4374 odio
405 4319 598 4377 habui?
622 4339 726 4379 non
751 4323 908 4393 dixit,
935 4329 1022 4398 qui
1049 4325 1277 4386 oderunt
1321 4347 1427 4388 me.
1467 4333 1536 4388 Et
1563 4351 1714 4406 super
1739 4332 1840 4390 ini-

255 4415 402 4468 micis
429 4415 528 4469 tuis
554 4415 861 4472 tabescebam
885 4435 902 4473 :
930 4421 1027 4476 tuis
1067 4421 1228 4487 dixit;
1276 4439 1404 4493 non,
1434 4427 1586 4481 meis.
1617 4421 1720 4483 Sed
1751 4429 1846 4498 qui

254 4518 356 4559 nos
375 4512 657 4574 propterea
675 4507 921 4578 oderunt,
945 4518 1000 4566 et
1016 4521 1292 4582 propterea
1316 4509 1510 4571 inimici
1530 4517 1680 4573 nobis
1697 4521 1843 4585 sunt,

253 4596 379 4663 quia
414 4596 524 4651 Deo
553 4600 835 4667 servimus,
865 4602 989 4672 quid
1027 4597 1169 4658 aliud
1214 4620 1371 4677 quam
1421 4621 1541 4662 eum
1593 4607 1842 4677 oderunt,

254 4691 307 4741 et
337 4688 462 4756 ejus
506 4689 701 4744 inimici
748 4693 908 4746 sunt?
945 4692 1208 4765 Numquid
1255 4711 1382 4767 ergo
1429 4698 1562 4754 tales
1606 4700 1711 4755 ἱιιῖ.ι
1737 4699 1848 4756 lcos

255 4783 479 4828 nostros
522 4780 738 4850 diligere
784 4795 891 4838 non
933 4783 1263 4842 debemus’?
1311 4791 1417 4843 Aut
1473 4805 1576 4844 non
1633 4798 1848 4861 prepter

257 4863 432 4920 Deum
465 4867 884 4936 persecutionem
912 4877 1203 4946 patiuntur,
1225 4879 1415 4948 quibus
1440 4881 1664 4936 dicitur:
1691 4882 1848 4940 Orate

253 4973 352 5025 pro
397 4954 803 5030 persequentibus
827 4977 911 5016 vos
937 4963 1146 5030 (Matth.
1174 4985 1229 5032 ν,
1269 4969 1398 5038 ﬂ)?
1443 4971 1582 5042 Ergo
1626 4975 1842 5030 attende

252 5047 403 5117 quod
435 5052 693 5118 sequitur.

325 5138 422 5193 28.
466 5137 616 5212 [ιυενι.
640 5139 757 5214 22.]
798 5140 1028 5215 Perfecto
1055 5141 1170 5200 odio
1197 5146 1400 5202 oderam
1424 5150 1556 5206 illos.
1581 5152 1715 5221 Quid
1738 5165 1839 5223 est,

255 5233 487 5301 perfecto
513 5233 665 5288 odio.’
700 5233 926 5291 Oderam
966 5236 1017 5292 iu
1047 5239 1125 5294 eis
1155 5239 1455 5310 iniquitates
1479 5259 1684 5313 eorum,
1716 5247 1841 5302 dili-

251 5322 454 5388 gebam
478 5323 832 5380 conditionem
862 5334 1021 5382 tuam.
1051 5328 1162 5384 Hoc
1182 5339 1264 5386 est
1293 5332 1523 5401 perfecto
1548 5335 1670 5390 odio
1693 5337 1840 5392 odiso

252 5427 334 5477 se,
361 5422 424 5466 ut
448 5429 544 5470 nec
570 5425 781 5485 pmpter
803 5419 922 5473 vitia
948 5416 1188 5477 homines
1213 5422 1412 5488 oderis,
1438 5442 1534 5481 nec
1565 5427 1687 5483 vitia
1715 5446 1842 5500 pro-

251 5511 379 5590 pter
411 5503 654 5560 homines
677 5507 882 5578 diligas.
921 5508 1052 5563 Nam
1095 5527 1218 5568 ecce
1258 5513 1376 5568 vide
1401 5516 1524 5585 quid
1551 5517 1799 5590 adjungat
1822 5560 1840 5590 ,

254 5586 472 5648 Inimici
495 5599 615 5667 [acti
639 5611 757 5653 sunt
784 5602 924 5655 mihi.
949 5603 1063 5658 Non
1086 5605 1195 5675 jam
1227 5615 1427 5663 tantum
1459 5610 1572 5679 Dei,
1601 5586 1694 5668 sed
1716 5586 1841 5670 suos

318 5729 336 5757 ι
377 5733 477 5785 επ,
498 5744 712 5782 securus.
738 5741 794 5782 ιι.

317 5787 343 5819 θ
375 5800 453 5839 ste
475 5800 570 5841 Αιη.
599 5801 670 5844 ttr.
699 5805 746 5844 et
772 5796 935 5858 ιιιιιπυε
958 5805 1059 5848 uss.
1088 5803 1155 5848 Αι.
1180 5807 1306 5863 μοι,
1330 5815 1413 5856 nos
1437 5807 1678 5860 debemus.

545 5877 766 5938 επιστ.
815 5886 859 5942 Α
875 5892 1093 5943 εει-ετ.
1139 5883 1244 5944 ιν.

1309 336 1703 394 ΕΜιιιιΑτιο
1743 337 1806 392 IN
1849 334 2168 392 PSALMUM
2207 334 2534 392 CXXXVIII.

3405 353 3548 410 i809.

1973 454 2218 510 inimicos
2259 457 2507 512 ostendit.
2551 460 2829 528 Quomodo
2858 479 2984 534 ergo
3018 464 3068 519 in
3100 465 3176 520 eis
3203 467 3460 541 implebit,
3490 487 3544 531 et

1968 547 2111 618 quod
2138 549 2250 618 ipse
2278 549 2428 618 dixit,
2460 549 2646 606 Nonne
2667 569 2750 608 eos
2777 555 2863 625 qui
2884 556 3091 610 oderant
3120 567 3185 621 te,
3213 560 3330 614 odio
3366 562 3544 621 habui.

1969 646 2026 693 et
2050 639 2189 710 quod
2221 640 2472 696 Dominus
2502 645 2772 714 praecepit,
2803 645 3008 716 Diligite
3049 649 3278 704 inimicos
3311 661 3498 708 vestros
3519 661 3548 713 τ

1968 730 2246 796 Quomodo
2276 732 2512 802 implebit
2535 735 2654 803 hoc,
2685 737 2781 791 nisi
2809 737 2899 792 illo
2926 740 3160 808 perfecto
3180 742 3336 809 odio;
3363 755 3420 799 ut
3443 744 3544 802 hoc

1969 819 2021 874 in
2049 821 2126 875 eis
2149 822 2320 877 oderit
2343 825 2484 894 quod
2511 825 2675 896 iniqui
2715 834 2857 892 sunt,
2891 829 2992 885 hoc
3031 833 3216 902 diligat
3261 835 3402 905 quod
3447 836 3545 890 ιιοε-

1967 912 2138 966 mines
2167 915 2323 967 sunt?
2347 915 2477 970 Nam
2499 927 2552 971 et
2579 928 2816 990 tempore
2840 921 3044 979 Veteris
3071 924 3416 991 Testamenti,
3436 941 3542 998 quo

1967 1005 2257 1060 visibilibus
2300 1009 2568 1077 suppliciis
2627 1014 2854 1068 carnalis
2898 1016 3125 1084 populus
3175 1020 3538 1088 coercebatur,

1968 1095 2127 1151 homo
2148 1099 2213 1154 ad
2235 1099 2434 1156 Novum
2457 1103 2856 1161 Testamentum
2887 1124 2980 1179 per
2999 1109 3400 1182 intelligentiam
3420 1131 3543 1186 pcr-

1969 1190 2162 1255 tineus,
2185 1190 2410 1247 famulus
2433 1194 2522 1248 Dei
2547 1195 2770 1268 Moyses,
2794 1201 3060 1269 quomodo
3093 1203 3276 1258 oderat
3313 1221 3538 1274 peccau-

1966 1287 2065 1346 tes,
2094 1296 2212 1336 cum
2246 1296 2340 1351 pro
2366 1283 2444 1338 eis
2469 1286 2685 1345 orabat?
2709 1298 2761 1343 et
2785 1291 3050 1359 quomodo
3070 1308 3174 1348 non
3190 1294 3392 1361 oderat,
3417 1312 3538 1352 cum

1964 1389 2057 1428 eos
2078 1375 2367 1440 occidi-bat,
2396 1377 2492 1430 nisi
2519 1380 2638 1446 quia
2667 1380 2898 1448 perfecto
2918 1384 3041 1438 odio
3080 1384 3268 1442 oderat
3301 1391 3434 1444 eos?
3461 1390 3538 1445 Ea

1965 1481 2193 1535 namque
2220 1466 2545 1536 perii-ctione
2575 1470 2652 1525 sic
2677 1473 2863 1527 oderat
2901 1475 3228 1546 iniquitatem
3258 1487 3413 1548 quam
3445 1497 3541 1552 pu-

1964 1557 2160 1619 niebat,
2191 1565 2247 1611 ut
2271 1555 2516 1624 diligeret
2541 1559 2920 1618 humanitatem
2942 1581 3038 1634 pro
3063 1583 3162 1637 qua
3189 1572 3394 1624 orabat.

2031 1647 2123 1704 29.
2164 1647 2312 1722 fam.
2343 1650 2460 1724 23.]
2497 1651 2630 1706 Cum
2662 1667 2790 1724 ergo
2818 1671 3010 1727 corpus
3034 1657 3230 1715 Christi
3257 1662 3324 1716 ab
3363 1664 3539 1734 impiis

1962 1745 2017 1793 et
2055 1739 2250 1808 iniquis
2288 1741 2448 1796 etiam
2487 1745 2834 1812 corporaliter
2885 1747 2937 1802 in
2988 1747 3095 1804 line
3144 1753 3533 1821 separandum.

1963 1845 2104 1884 nunc
2135 1831 2272 1886 inter
2299 1847 2392 1887 eos
2420 1834 2628 1888 interim
2657 1847 2864 1905 gemat;
2894 1847 2948 1893 et
2975 1847 3096 1894 cum
3127 1841 3199 1896 illi
3225 1845 3384 1899 occisi
3411 1861 3536 1916 pec—

1962 1930 2170 1976 eatores
2198 1931 2447 1994 tanquam
2479 1925 2547 1980 de
2576 1928 2836 1982 malorum
2865 1932 3239 1988 communione
3265 1934 3416 1990 bonis
3442 1951 3538 1991 ca-

1962 2012 2290 2083 lumniando,
2313 2026 2366 2072 et
2383 2033 2443 2074 se
2459 2020 2606 2088 quasi
2631 2036 2726 2089 per
2740 2023 3074 2078 occasionem
3096 2025 3354 2081 malarum
3371 2031 3539 2100 magis

1961 2119 1991 2159 a
2015 2105 2166 2160 bonis
2185 2117 2238 2162 et
2255 2108 2626 2164 innocentibus
2643 2113 2957 2180 separando,
2994 2117 3353 2187 slc‘accipiant
3369 2119 3420 2174 in
3444 2131 3539 2174 va-

1961 2202 2124 2256 nitate
2149 2202 2389 2257 civitates
2414 2218 2559 2269 suas,
2585 2214 2641 2258 ut
2669 2206 2820 2261 multi
2849 2207 2973 2262 mali
2999 2209 3174 2264 adhuc
3202 2221 3422 2280 restent,
3447 2216 3536 2284 qui

1960 2307 2144 2347 eorum
2177 2294 2562 2362 separationem
2594 2311 2697 2350 non
2735 2308 3041 2368 sequantur,
3085 2300 3179 2355 sed
3207 2316 3237 2355 a
3268 2301 3420 2358 bouis
3451 2319 3539 2358 us-

1959 2401 2062 2456 que
2109 2387 2160 2440 in
2205 2387 2364 2442 linem
2411 2389 2688 2456 tolerandi,
2732 2391 2782 2445 in
2822 2392 3010 2448 eadem
3050 2395 3400 2463 permixtione
3444 2413 3534 2451 re-

1961 2485 2248 2532 maneant:
2281 2479 2406 2548 quid
2439 2479 2578 2534 inter
2620 2479 2733 2535 lure
2777 2483 2886 2552 agit
2927 2497 3119 2552 corpus
3161 2482 3378 2552 Christi,
3423 2485 3538 2542 sive

1959 2576 2262 2631 centenum,
2307 2571 2418 2624 sive
2463 2587 2803 2640 sexagenum,
2855 2575 2967 2630 sive
3007 2577 3264 2631 triccnum
3309 2577 3535 2634 fructum

1959 2658 2186 2714 atierens
2205 2675 2325 2714 cum
2358 2662 2633 2716 tolerantia
2682 2664 2889 2735 (Matth.
2924 2676 3032 2730 snt,
3060 2667 3158 2731 25;
3187 2678 3234 2720 et
3263 2667 3388 2722 Luc.
3420 2685 3533 2736 vin,

1959 2750 2090 2820 15)?
2134 2750 2269 2817 Quid
2299 2754 2404 2822 agit
2453 2755 2690 2823 proxima
2727 2755 2922 2810 Christi
2969 2758 3018 2811 iu
3069 2759 3246 2813 medio
3285 2761 3533 2818 ﬁliarum.

1957 2841 2094 2896 sicut
2114 2841 2278 2896 lilium
2306 2843 2357 2897 itt
2388 2843 2562 2898 medio
2589 2845 2862 2914 spinarum
2890 2847 3058 2919 (Cant.
3084 2864 3140 2915 ιι,
3160 2849 3252 2920 2)?
3270 2851 3397 2919 Qua:
3412 2861 3540 2908 sunt

1958 2949 2117 2990 voces
2141 2935 2295 3005 ejus?
2314 2950 2432 3006 qua;
2467 2937 2827 2992 conscientia?
2853 2954 2973 3008 «tua:
3007 2942 3211 3010 species
3249 2941 3366 2996 ﬁlia:
3396 2945 3537 3013 regis

1957 3027 2281 3087 intrinsecus
2322 3026 2494 3099 (Psal.
2527 3042 2675 3095 xuv,
2709 3028 2838 3097 l4)?
2866 3030 3003 3092 Ecce
3029 3030 3150 3092 nudi
3186 3031 3310 3109 quid
3351 3032 3533 3088 dicati

1955 3121 2127 3176 Proba
2148 3137 2243 3190 me,
2267 3117 2426 3192 Deus,
2455 3131 2501 3178 et
2526 3121 2648 3180 scito
2672 3137 2759 3180 eor
2784 3143 2968 3181 meum.
2989 3127 3066 3182 Tu
3093 3131 3250 3194 Deus,
3274 3143 3327 3184 tu
3347 3124 3532 3200 proba,

1957 3225 2011 3271 tu
2037 3218 2203 3281 scito;
2234 3233 2337 3272 non
2369 3217 2545 3283 homo,
2582 3235 2684 3274 non
2713 3220 3014 3287 haereticus,
3043 3225 3130 3292 qui
3170 3238 3267 3278 nec
3309 3225 3536 3293 probare

1955 3310 2120 3376 novit,
2153 3325 2251 3364 nec
2297 3312 2436 3365 scire
2483 3320 2658 3380 potest
2695 3327 2789 3368 cor
2830 3327 3027 3380 meum,
3060 3316 3149 3371 ubi
3178 3326 3230 3371 tu
3259 3317 3451 3387 pruinis
3477 3328 3536 3374 et

1955 3399 2062 3454 scis
2091 3401 2212 3470 quia
2244 3417 2346 3455 non
2378 3404 2706 3458 consentiam
2753 3403 2903 3459 factis
2930 3405 3212 3474 malorum,
3256 3418 3312 3464 et
3341 3410 3414 3464 illi
3443 3425 3534 3466 me

1953 3501 2139 3562 putant
2183 3495 2526 3550 contaminari
2555 3506 2713 3567 posse
2743 3499 2972 3566 peccatis
3013 3499 3237 3554 aliorum
3273 3518 3285 3554 :
3319 3512 3374 3555 ut
3403 3502 3532 3558 dum

1951 3597 2052 3654 ego
2077 3585 2128 3639 in
2158 3585 2439 3656 longinqua
2491 3588 2914 3658 peregrinatione
2945 3604 3063 3644 mea
3107 3589 3243 3646 iacio
3290 3593 3429 3662 quod
3477 3595 3534 3650 in

1952 3676 2058 3730 alio
2083 3677 2285 3746 psalmo
2309 3693 2484 3748 gemo,
2519 3679 2570 3734 id
2601 3689 2703 3748 est,
2730 3696 2852 3735 cum
2881 3682 2944 3736 iis
2971 3683 3062 3752 qui
3090 3683 3315 3739 oderant
3343 3701 3528 3756 pacem

1952 3783 2070 3824 sum
2091 3769 2106 3800 ¹
2138 3769 2388 3839 paciﬁcus
2415 3770 2588 3840 (Psal.
2612 3787 2756 3836 exis,
2787 3772 2860 3843 7),
2903 3773 3073 3828 donec
3113 3779 3417 3846 perveniam
3462 3779 3532 3833 ad

1953 3858 2096 3914 illam
2122 3860 2377 3916 visionem
2423 3861 2587 3931 pacis,
2632 3862 2773 3932 quod
2806 3863 3186 3933 interpretatur
3211 3865 3528 3934 Jerusalem,

1952 3967 2068 4022 qua:
2096 3962 2177 4007 est
2205 3962 2372 4009 mater
2398 3955 2636 4009 omnium
2680 3963 2956 4023 nostrum,
3007 3955 3193 4011 civitas
3232 3967 3430 4012 aeterna
3475 3958 3530 4014 in

1952 4042 2136 4109 ctelis;
2162 4044 2259 4115 ipsi
2282 4044 2534 4116 litigando
2556 4053 2612 4100 et
2633 4045 3004 4101 calumniando
3023 4061 3188 4118 seque
3209 4050 3526 4119 separando,

1951 4134 2229 4203 accipiant,
2260 4150 2363 4190 non
2392 4135 2544 4206 plane
2574 4136 2626 4191 in
2651 4137 2966 4202 aeternitate,
2995 4137 3090 4194 sed
3127 4141 3180 4193 in
3209 4140 3424 4195 vanitate
3449 4143 3528 4196 cia

1949 4225 2125 4280 vitales
2153 4242 2289 4280 suas.
2326 4225 2495 4280 Proba
2528 4242 2656 4298 ergo
2684 4244 2781 4291 me,
2809 4227 2963 4295 Deus,
2995 4240 3042 4283 et
3065 4231 3189 4284 scito
3213 4247 3300 4286 cor
3324 4249 3486 4288 meum
3506 4250 3530 4299 ε

1949 4327 2174 4372 scrutare
2195 4333 2289 4383 me,
2313 4327 2359 4371 et
2382 4334 2623 4386 cognosce
2639 4321 2840 4374 semitas
2863 4333 3018 4376 meas.
3051 4321 3242 4394 thuid
3268 4322 3408 4379 hoc?
3436 4327 3529 4380 At-

1953 4409 2110 4466 tende
2132 4408 2256 4478 quid
2285 4411 2544 4479 sequitur.

2020 4503 2108 4557 30.
2152 4501 2298 4574 [vei-3.
2321 4501 2436 4574 24s]
2478 4501 2542 4555 Et
2563 4502 2692 4570 vide,
2716 4502 2904 4574 inquit,
2929 4505 2974 4559 si
2992 4505 3072 4559 uia
3090 4505 3369 4578 iniquitatis
3389 4508 3454 4562 sit
3475 4509 3528 4562 in

1951 4609 2050 4661 me,
2075 4603 2118 4648 et
2142 4592 2304 4648 deduc
2325 4611 2402 4648 me
2421 4596 2471 4647 in
2493 4595 2571 4648 via
2591 4605 2798 4650 teterna.
2831 4595 3090 4666 Scrutare,
3115 4597 3302 4670 inquit,
3321 4602 3527 4655 semitas

1949 4702 2105 4752 meas,
2132 4685 2180 4739 id
2210 4696 2288 4740 εει
2318 4686 2537 4741 consilia
2566 4697 2619 4742 et
2647 4687 2993 4758 cogitationes
3039 4704 3224 4744 meas:
3255 4703 3302 4744 et
3341 4692 3457 4746 vide
3482 4693 3531 4747 si

1948 4777 2028 4828 via
2070 4775 2346 4845 iniquitatis
2374 4777 2438 4829 sit
2480 4778 2534 4830 in
2563 4789 2660 4840 me,
2703 4779 2816 4832 sive
2857 4777 3120 4844 faciendo,
3161 4781 3274 4834 sive
3301 4795 3528 4834 consen-

1948 4864 2155 4930 tiendo;
2207 4877 2252 4919 et
2297 4866 2458 4920 deduc
2501 4883 2580 4920 me
2611 4867 2664 4920 in
2690 4868 2770 4921 via
2797 4879 3008 4922 aeterna.
3033 4869 3168 4935 Quid
3207 4869 3348 4923 aliud
3374 4869 3524 4934 dicit,

1947 4971 2126 5026 quam,
2149 4956 2318 5011 deduc
2340 4972 2423 5011 me
2448 4958 2498 5011 in
2516 4957 2764 5012 Christo?
2779 4959 2906 5026 Quis
2921 4967 3006 5014 est
3025 4959 3168 5013 enim
3195 4961 3274 5012 via
3297 4969 3518 5025 aeterna,

1947 5047 2050 5101 nisi
2070 5047 2156 5117 qui
2187 5057 2268 5103 est
2304 5049 2408 5102 vita
2444 5051 2680 5104 aeterna?
2701 5049 2951 5106 ASternus
2971 5051 3112 5105 enim
3132 5051 3322 5121 estqui
3345 5051 3479 5106 dixit
3508 5072 3522 5107 :

1950 5135 2061 5209 Ego
2091 5155 2201 5192 sum
2225 5140 2324 5206 sia,
2354 5141 2535 5196 veritas
2562 5151 2606 5194 et
2632 5141 2731 5194 vita
2759 5139 2934 5211 (Joan.
2967 5155 3080 5203 stv,
3102 5141 3182 5210 6).
3206 5142 3262 5196 Si
3281 5157 3409 5213 ergo
3427 5145 3523 5198 ali-

1944 5231 2070 5302 quid
2095 5231 2360 5288 inveneris
2381 5233 2432 5287 in
2470 5233 2553 5288 via
2586 5246 2706 5287 mea
2740 5231 2880 5302 quod
2905 5231 3181 5303 displiceat
3201 5233 3369 5290 oculis
3395 5234 3518 5296 tuis,

1948 5323 2199 5394 quoniam
2227 5328 2310 5379 via
2340 5335 2458 5380 mea
2488 5324 2728 5379 mortalis
2757 5334 2878 5392 est;
2927 5334 2983 5379 tu
3029 5324 3192 5379 deduc
3239 5341 3318 5380 me
3359 5326 3412 5378 in
3444 5327 3524 5378 ria

1944 5425 2151 5479 wterna,
2184 5415 2272 5470 ubi
2313 5415 2459 5470 nulla
2488 5425 2571 5470 est
2613 5415 2893 5486 iniquitas:
2927 5415 3046 5486 quia
3090 5417 3181 5471 etsi
3206 5417 3317 5487 quis
3346 5434 3524 5488 pecco.

1943 5510 2086 5570 verit,
2115 5509 2413 5561 advocatum
2441 5506 2679 5562 habemus
2707 5508 2846 5577 apud
2886 5506 3121 5572 Patrem,
3159 5508 3340 5562 θρωπε
3376 5509 3524 5562 Chri-

1943 5601 2296 5670 stumjustum.
2312 5597 2432 5668 Ipse
2441 5605 2512 5652 est
2528 5598 2752 5652 exoratio
2767 5615 2858 5669 pro
2874 5584 3089 5669 peccatis
3103 5602 3282 5652 nostris
3305 5598 3512 5656 (Unam

2007 5813 2025 5846 ί
2058 5818 2132 5861 Er.
2159 5811 2300 5873 Lugd.
2328 5818 2445 5862 Ven.
2472 5817 2600 5873 Lov.,
2624 5824 2776 5862 erant.
2804 5820 2860 5861 ιιι.

2773 5907 2799 5974 (
2810 5896 3391 5977 Cinquante-sept.)
