4038 6466
484 408 617 464 1503

478 536 513 576 ιι
535 563 549 583 ,
587 521 602 572 l
632 521 686 592 );
719 521 835 589 ipse
875 528 958 574 est
993 516 1114 577 via‘
1150 525 1345 570 teterna
1388 513 1502 568 sine
1540 520 1800 583 peccato;
1831 510 1943 579 ipse
1974 517 2057 563 est

479 616 583 667 vita
615 622 813 667 aeterna
842 610 959 665 sine
984 607 1262 678 supplicio.
1720 664 1729 669 _

550 705 638 760 5i.
665 702 846 773 Magna
868 708 1196 755 sacramenta
1215 738 1230 763 ,
1253 696 1458 753 fratres.
1486 694 1760 762 Quomodo
1784 693 2057 748 nobiscum

478 797 713 867 loquitur
750 794 978 865 Spiritus
1033 793 1164 848 Dei?
1213 790 1481 862 quomodo
1532 791 1684 844 nobis
1714 788 1837 843 facit
1866 789 1916 842 in
1963 789 2060 842 hac

479 898 635 944 nocte
672 886 928 943 delicias?
952 884 1087 952 Quid
1117 893 1197 941 est
1226 883 1328 939 hoc
1347 925 1362 950 ,
1392 898 1643 953 rogamus
1681 897 1775 936 vos
1794 923 1808 947 ,
1834 880 2061 935 fratres?

485 980 618 1035 unde
648 980 882 1035 dulciora
905 1020 919 1041 ,
966 994 1070 1048 quo
1100 977 1404 1033 obscuriora
1428 978 1449 1008 ’
1468 975 1494 1029 ἲ
1533 974 1752 1031 Conficit
1783 974 1931 1029 nobis
1960 987 2060 1042 po-

480 1074 679 1128 tionem
720 1070 789 1127 ad
834 1086 1069 1126 amorem
1102 1085 1256 1126 suum
1286 1110 1301 1134 ,
1329 1067 1644 1139 quibusdam
1688 1066 1860 1124 modis
1890 1066 2058 1121 miris.

479 1160 722 1217 Mirificat
752 1163 863 1231 ipsa
888 1162 1025 1217 dicta
1053 1177 1168 1226 sua,
1193 1170 1249 1215 ut
1270 1175 1389 1214 cum
1411 1174 1470 1215 ea
1493 1156 1793 1214 diceremus
1818 1173 1934 1227 quae
1952 1157 2060 1227 jam

480 1256 749 1310 noveratis
771 1296 785 1320 ,
820 1265 996 1310 tamen
1024 1254 1143 1324 quia
1180 1269 1245 1309 ex
1283 1253 1388 1308 illis
1430 1252 1560 1307 locis
1588 1251 1910 1308 erneban‘tur
1945 1264 2062 1319 qua:

478 1349 704 1404 obscura
728 1347 1055 1410 videbantur,
1083 1356 1327 1415 tanquam
1348 1359 1479 1399 nova
1501 1341 1649 1398 fieret
1674 1342 1785 1411 ipsa
1807 1341 2056 1412 cognitio.

481 1436 743 1507 Numquid
776 1454 880 1492 non
913 1439 1199 1501 noveratis,
1225 1436 1436 1502 fratres,
1468 1434 1589 1505 quia
1620 1434 1669 1486 in
1696 1430 1933 1487 Ecclesia
1967 1432 2061 1486 Bel

482 1529 743 1584 tolerandi
773 1538 897 1583 sunt
923 1529 1067 1594 mali,
1095 1537 1144 1582 et
1178 1527 1483 1593 schismata
1504 1541 1607 1579 non
1638 1534 1761 1578 sunt
1785 1523 2062 1579 facienda?

478 1618 745 1690 Numquid
774 1634 877 1674 non
913 1620 1021 1689 jam
1050 1618 1297 1673 sciebatis
1324 1617 1444 1686 quia
1488 1618 1623 1671 intra
1652 1616 1740 1669 illa
1786 1615 1914 1669 retia
1945 1630 2062 1683 qua:

479 1712 696 1781 capiunt
716 1712 884 1766 bonos
910 1719 964 1765 et
979 1709 1147 1764 malos
1164 1708 1353 1778 pisces,
1378 1706 1766 1777 perdurandum
1795 1715 1874 1760 est
1900 1719 2064 1774 usque

480 1804 550 1859 ad
580 1804 747 1868 littus,
776 1818 874 1857 nec
900 1802 1031 1857 retia
1056 1799 1349 1870 rumpenda
1378 1798 1675 1869 sunt;quia
1701 1798 1753 1852 in
1781 1797 1957 1851 littore
1979 1812 2064 1850 se-

482 1897 807 1965 parabuntur
832 1896 956 1951 boni
986 1895 1052 1950 ad
1079 1909 1202 1949 vasa
1224 1932 1239 1960 ,
1270 1902 1324 1948 et
1369 1893 1492 1948 mali
1524 1890 1902 1962 projicientnr?
1946 1890 2061 1944 Jam

482 1990 581 2046 ista
627 1990 922 2053 noveratis;
958 2003 1143 2044 versus
1172 1997 1347 2042 autem
1390 1986 1519 2040 istos
1556 1985 1741 2059 psalmi
1776 1983 1932 2052 hujus
1959 1998 2062 2038 non

482 2082 859 2151 intelligebatis
891 2098 904 2134 :
936 2080 1235 2150 expositum
1262 2077 1507 2148 estquod
1540 2094 1642 2130 non
1666 2074 2062 2145 intelligebatis,

481 2182 537 2228 ct
562 2173 866 2228 innovatum
898 2181 979 2228 est
1007 2172 1147 2242 quod
1179 2171 1468 2225 noveratis.

820 2383 901 2443 IN
946 2382 1321 2443 PSALMUM
1367 2379 1703 2442 CXXXIX

1070 2502 1198 2557 ENA
1207 2501 1479 2556 liRA'l‘lO.

1012 2635 1183 2676 εειιιιο
1209 2636 1276 2675 ΔΙ)
1305 2633 1528 2674 Ριιειιειι.

554 2738 606 2792 l.
646 2736 928 2791 Jusserunt
950 2734 1150 2789 domini
1174 2733 1363 2789 fratres
1390 2730 1487 2806 (α),
1507 2732 1629 2788 etin
1660 2730 1786 2801 ipsis
1812 2730 2066 2785 Dominus

480 2832 738 2892 omnium,
767 2836 824 2881 ut
851 2827 1008 2881 istmn
1037 2826 1302 2896 psalmum
1322 2825 1541 2881 afferam
1568 2824 1634 2881 ad
1656 2840 1750 2879 vos
1772 2824 2067 2892 intelligen-

482 2922 607 2977 dum
633 2961 648 2986 ,
677 2930 930 2991 quantum
974 2920 1228 2974 Dominus
1256 2917 1437 2973 donat.
1468 2918 1697 2989 Adjuvet
1738 2916 2067 2971 orationibus

481 3011 705 3075 vestris,
736 3018 793 3065 ut
833 3025 894 3065 ea
930 3009 1104 3065 dicam
1131 3023 1250 3080 quae
1288 3015 1497 3078 oportet
1539 3023 1626 3062 me
1653 3007 1864 3073 dicere,
1892 3014 1947 3060 et
1972 3020 2067 3060 vos

483 3102 696 3168 audire;
730 3102 804 3157 uti
848 3101 1094 3155 omnibus
1130 3099 1283 3156 nobis
1325 3099 1469 3155 utilis
1511 3099 1580 3155 sit
1629 3111 1810 3155 sermo
1834 3097 2062 3153 divinus.

481 3195 599 3250 Non
642 3196 784 3250 enim
831 3195 1076 3249 omnibus
1108 3193 1251 3269 utilis
1276 3204 1394 3259 eSt;
1426 3194 1549 3263 quia
1581 3206 1685 3246 non
1716 3200 1799 3248 est
1828 3193 2064 3247 onminm

481 3288 614 3345 fidos
643 3288 662 3360 (
689 3288 729 3343 ll
758 3286 934 3343 Thess.
966 3302 1043 3352 tu,
1073 3286 1109 3341 2
1132 3286 1170 3355 ).
1199 3284 1355 3342 Fides
1380 3283 1661 3340 autemsic
1686 3293 1767 3339 est
1790 3285 1839 3338 in
1865 3284 2063 3351 anima,

480 3390 539 3436 ut
557 3380 705 3437 radix
730 3380 864 3435 bona
892 3393 1011 3448 qum
1043 3376 1273 3445 pluviam
1302 3376 1352 3430 in
1382 3374 1607 3431 fructum
1635 3374 1779 3429 ducit
1805 3391 1818 3428 :
1848 3372 2065 3443 perfidia

481 3488 630 3539 vero,
660 3482 713 3527 et
739 3487 892 3526 error
915 3470 1239 3534 diabolieus,
1281 3475 1336 3522 et
1375 3467 1671 3537 cupiditas,
1722 3466 1859 3521 mala
1913 3466 2065 3523 radix

479 3564 716 3619 omnium
745 3562 1005 3616 malorum
1048 3558 1095 3627 (l
1122 3559 1342 3622 Titum,
1364 3558 1475 3626 10),
1506 3559 1646 3612 sicut
1688 3557 1839 3612 radix
1884 3557 2067 3627 spina-

482 3668 600 3708 rum
622 3693 641 3719 ,
669 3653 824 3707 etiam
846 3650 1055 3705 dulcem
1084 3650 1312 3720 pluviam
1338 3648 1403 3702 ad
1443 3648 1754 3717 punctiones
1782 3647 2062 3703 convertit.

551 3744 607 3799 2.
648 3743 783 3811 Quid
814 3742 974 3797 habet
1001 3741 1239 3813 psalmus
1264 3740 1383 3805 iste,
1409 3738 1571 3796 credo
1596 3754 1718 3794 cum
1736 3748 2061 3806 mutaretur,

480 3835 773 3891 advenisse
822 3848 950 3899 vos;
977 3832 1227 3904 quoniam
1276 3831 1622 3903 conqueritur
1664 3840 1718 3887 et
1767 3832 1967 3902 gemit,
2008 3840 2064 3889 et

482 3943 694 3999 precem
728 3929 836 3982 Deo
870 3927 1075 3994 fundit,
1104 3926 1244 3981 inter
1272 3926 1439 3983 malos
1482 3926 1823 3982 constitutum
1871 3937 2062 3997 corpus

477 4020 677 4076 Christi
712 4036 725 4073 :
756 4020 872 4088 ejus
900 4020 1041 4074 enim
1073 4034 1173 4074 vox
1222 4027 1303 4074 est
1344 4018 1397 4073 in
1439 4018 1582 4074 omni
1626 4018 1713 4071 tali
1747 4017 2059 4087 prophetia,

480 4119 731 4180 tanquam
759 4109 900 4163 illius
923 4108 1115 4178 inepis,
1144 4106 1195 4163 id
1218 4117 1296 4162 est
1326 4107 1553 4178 egentis,
1586 4107 1819 4163 nondum
1848 4106 2059 4173 satiati,

481 4202 767 4259 esurientis
808 4209 862 4256 et
912 4200 1140 4255 sitientis
1166 4198 1423 4269 justitiam
1478 4202 1495 4270 (
1534 4197 1716 4259 Matth.
1750 4214 1799 4262 ν,
1831 4198 1948 4268 6),
1977 4199 2062 4255 cui

480 4293 722 4363 quardam
750 4292 1000 4348 saturitas
1027 4291 1286 4363 promissa
1320 4290 1370 4354 in
1401 4290 1506 4345 line
1553 4298 1816 4345 servatur.
1846 4290 2061 4345 Interim

482 4385 569 4441 hic
594 4400 748 4440 nunc.
772 4384 916 4438 sitiat
937 4393 989 4438 et
1014 4383 1245 4447 esuriat,
1274 4391 1447 4453 gemat
1472 4391 1525 4436 et
1564 4381 1737 4451 pulset
1759 4388 1813 4435 et
1835 4388 2059 4451 quaerat.

482 4476 932 4546 Percgrinationis
977 4474 1240 4529 illecebris
1288 4489 1392 4527 non
1423 4472 1748 4538 delectetur,
1778 4488 1882 4526 non
1915 4481 2063 4541 putet

483 4569 707 4638 patriam
737 4567 1011 4631 saeculum,
1037 4564 1176 4619 unde
1198 4573 1253 4617 ut
1276 4563 1527 4619 liberetur
1546 4562 1789 4618 Christus
1811 4560 2058 4617 advenit:

482 4661 604 4730 quia
619 4658 861 4714 Christus
875 4666 1034 4726 caput
1058 4664 1293 4709 nostrum
1317 4669 1436 4709 esse
1460 4654 1646 4720 voluit,
1679 4661 1837 4723 caput
1861 4654 2064 4709 scilicet

482 4751 756 4823 cujusdam
786 4750 1045 4819 corporis.
1074 4746 1189 4802 Non
1237 4747 1378 4801 enim
1404 4756 1578 4817 potest
1607 4747 1708 4800 dici
1750 4752 1905 4817 caput
1934 4787 1947 4810 ,
1971 4746 2059 4801 ubi

482 4860 676 4913 corpus
722 4842 925 4897 nullum
953 4848 1035 4894 est
1063 4838 1145 4893 cui
1192 4838 1262 4892 sit
1286 4846 1459 4907 caput.
1508 4836 1775 4904 Proinde,
1818 4837 1864 4891 si
1906 4845 2064 4907 caput

480 4937 759 4999 Christus;
784 4942 841 4988 et
860 4931 1084 5002 alicujus
1109 4931 1349 5000 corporis
1373 4939 1531 4999 caput
1549 4940 1631 4984 est
1651 4928 1911 4984 Christus.
1930 4929 2061 4984 Cor-

486 5042 587 5099 pus
603 5026 742 5080 illins
757 5024 942 5093 capitis
964 5031 1143 5077 sancta
1158 5020 1395 5077 Ecclesia
1412 5030 1513 5086 est,
1539 5020 1589 5074 in
1608 5019 1758 5090 cujus
1777 5034 1872 5074 nos
1894 5036 2062 5075 mem-

481 5120 594 5175 bris
612 5132 835 5183 sumus,
878 5116 923 5169 si
949 5124 1106 5185 caput
1151 5125 1387 5169 nostrum
1435 5110 1720 5183 diligimus.
1768 5112 2061 5173 Audiamus

480 5225 610 5279 ergo
636 5222 793 5263 voces
817 5208 1057 5276 corporis
1075 5204 1267 5260 Christi
1295 5244 1310 5271 ,
1342 5205 1441 5258 hoc
1471 5212 1554 5258 est
1580 5216 1737 5257 voces
1764 5212 1992 5270 nostras,
2015 5205 2060 5259 si

476 5316 667 5355 sumus
688 5300 741 5353 in
761 5297 956 5353 Christi
978 5311 1230 5365 corpore;
1257 5296 1377 5363 quia
1396 5294 1633 5364 quisquis
1655 5294 1722 5349 ibi
1744 5310 1849 5349 non
1879 5295 2056 5361 fuerit,

481 5393 533 5446 in
556 5393 634 5446 eis
650 5392 751 5445 erit
773 5391 910 5444 inter
929 5405 1064 5459 quos
1085 5388 1209 5443 illud
1224 5404 1418 5458 corpus
1433 5374 1615 5457 gemit.
1638 5387 1867 5441 Proinde
1891 5396 1982 5440 aut
2008 5389 2057 5441 in

480 5482 571 5537 illo
585 5496 811 5551 corpore
826 5482 952 5556 eris,
985 5490 1036 5535 ut
1062 5496 1241 5550 gemas
1260 5480 1396 5534 inter
1413 5480 1612 5545 malos;
1644 5489 1732 5533 aut
1753 5494 1857 5533 non
1880 5479 1985 5531 eris
2007 5480 2057 5533 in

545 5612 560 5644 ‘
588 5614 661 5660 Sic
681 5618 788 5662 Mss.
812 5612 926 5663 Edd.
947 5626 1083 5667 vero,
1110 5611 1221 5661 rita.

540 5676 566 5735 ’ί
586 5680 643 5735 ΕΓ
685 5675 831 5735 Lugd.
867 5684 985 5723 ven.
1015 5682 1067 5723 et
1097 5681 1205 5722 l.ov.
1239 5672 1500 5735 siclegum
1530 5673 1660 5721 hinc
1690 5672 1848 5722 locum
1892 5686 1903 5720 :

480 5733 719 5792 dulciora,
745 5733 838 5794 duo
859 5734 1152 5785 obscuriora.
1178 5741 1234 5782 tu.

543 5796 721 5857 (ultus
744 5811 804 5845 ex
847 5798 1008 5846 verbis
1045 5798 1219 5845 merito
1265 5795 1489 5855 coniicias
1524 5808 1801 5845 sermonem
1840 5795 2057 5845 habitum

649 5860 700 5908 in
721 5857 878 5923 aliquo
896 5860 1230 5922 episcoporum
1251 5870 1500 5907 consessu.

1944 5672 2059 5722 Inde

1715 398 1770 450 Β.
1806 395 2168 451 Al'CUSTINl
2208 394 2506 453 EPISCOPI

3618 402 3746 459 {8M

2168 510 2257 563 illo
2276 498 2523 582 corpore,
2546 524 2598 567 et
2624 514 2673 567 in
2701 514 2778 568 eis
2795 530 2900 569 ens
2930 516 3068 571 inter
3097 532 3227 587 quos
3255 517 3421 573 malos
3449 519 3612 588 gemit
3640 535 3750 574 cor-

2168 617 2285 687 pus,
2316 605 2455 673 quod
2479 606 2639 677 gemit
2671 607 2808 669 inter
2838 609 3006 662 malos
3037 626 3049 663 :
3082 620 3173 666 aut
3200 613 3497 667 membrum
3519 613 3748 680 Christi,

2165 706 2255 747 aut
2281 694 2448 748 hostis
2472 698 2711 765 corporis
2739 697 2954 754 Christi.
2987 699 3094 756 Nec
3137 702 3222 757 isti
3249 703 3448 759 inimici
3477 713 3530 760 et
3560 706 3750 762 adver-

2165 785 2291 838 sarii
2317 788 2554 856 corporis
2581 788 2778 845 Christi
2807 806 2911 845 uno
2940 793 3101 847 modo
3130 794 3513 866 intelliguntur,
3540 808 3627 852 aut
3650 816 3753 855 uno

2165 876 2325 931 modo
2350 889 2529 949 agunt.
2565 880 2874 951 Yersipellis
2911 895 2993 940 est
3034 886 3174 941 enim
3220 888 3310 959 qui
3343 889 3393 945 in
3423 891 3501 946 eis
3526 903 3750 963 regnat,

2166 978 2218 1023 et
2246 970 2332 1039 qui
2364 971 2440 1023 eis
2477 972 2638 1026 utitur
2661 982 2908 1044 tanquam
2938 978 3078 1031 vasis
3112 980 3239 1035 suis.
3288 979 3552 1039 Czeterum
3596 988 3748 1043 multi

2165 1061 2232 1135 ab
2263 1062 2350 1116 illo
2390 1062 2699 1131 liberantur,
2732 1076 2786 1121 et
2816 1068 2867 1121 in
2907 1084 3101 1140 corpus
3127 1070 3319 1127 Christi
3361 1084 3668 1143 tranSettnt;
3702 1089 3754 1134 et

2166 1153 2253 1220 qui
2277 1154 2403 1221 sint,
2436 1164 2490 1208 et
2511 1169 2641 1225 quot
2664 1160 2678 1188 ³
2706 1158 2865 1213 futuri
2898 1161 3023 1223 sint,
3054 1164 3199 1216 nevit
3228 1163 3315 1218 ille
3336 1166 3424 1234 qui
3452 1167 3572 1221 illos
3603 1170 3753 1225 rede-

2164 1243 2261 1295 mit
2284 1245 2542 1314 sanguine
2567 1263 2666 1302 suo
2694 1250 3010 1305 nescientes.
3047 1250 3179 1306 Sunt
3205 1263 3379 1309 autem
3408 1238 3618 1326 quidam
3644 1274 3755 1329 per-

2167 1337 2457 1389 severaturi
2498 1338 2547 1391 in
2579 1340 2777 1393 malitia
2799 1357 2891 1395 sua
2915 1385 2928 1407 ,
2952 1342 3016 1396 ad
3044 1341 3240 1398 Christi
3270 1362 3463 1416 corpus
3493 1365 3599 1403 non
3632 1367 3751 1421 per-

2168 1426 2429 1495 tinentes;
2460 1439 2513 1485 et
2538 1431 2636 1501 ipsi
2669 1434 2778 1487 noti
2807 1435 2856 1489 ei
2885 1435 3084 1505 utique,
3116 1438 3198 1491 cui
3228 1438 3354 1492 nihil
3385 1441 3620 1509 ignotum
3652 1453 3747 1499 est.

2167 1517 2384 1573 interim
2429 1521 2503 1575 illi
2540 1524 2627 1592 qui
2649 1524 2761 1593 'jam
2792 1528 3145 1597 compaginati
3184 1538 3452 1585 suntcum
3500 1535 3752 1591 membris

2166 1609 2283 1678 ejus
2306 1652 2320 1674 ,
2354 1612 2587 1667 nondum
2618 1614 2873 1672 habentes
2924 1622 3365 1675 resurrectionem
3400 1623 3624 1678 futuram
3658 1667 3672 1688 ,
3701 1628 3755 1683 in

2165 1718 2267 1773 qua
2299 1706 2435 1774 perit
2463 1707 2636 1762 omnis
2659 1712 2907 1778 gemitus,
2937 1724 2991 1768 et
3017 1713 3129 1768 laus
3159 1716 3415 1781 succedit,
3446 1718 3619 1789 inqua
3642 1735 3757 1775 om-

2168 1796 2252 1849 nis
2293 1797 2560 1853 tribulatio
2603 1802 2880 1867 met-ietur,
2910 1812 2965 1857 et
3008 1806 3111 1859 erit
3140 1806 3253 1861 sine
3296 1807 3399 1863 line
3426 1810 3753 1877 exsultatio;

2168 1885 2404 1942 nondum
2436 1904 2563 1959 ergo
2592 1889 2848 1946 habentes
2880 1893 2981 1947 hoc
3010 1894 3058 1948 in
3078 1910 3157 1961 re,
3189 1898 3280 1951 sed
3307 1908 3480 1954 tamen
3516 1910 3757 1959 tenentes

2169 1976 2219 2030 iu
2247 1989 2607 2048 spe,-gemnnt
2635 1994 2697 2035 ex
2722 1981 2987 2037 desiderio
3013 1987 3261 2055 quodam,
3286 1997 3340 2043 ct
3360 2000 3515 2045 orant
3539 2007 3597 2047 se
3626 1994 3755 2049 libe-

2168 2068 2275 2149 rari
2293 2067 2359 2123 ab
2374 2070 2674 2126 hominibus
2688 2074 2859 2141 malis,
2878 2075 3013 2130 inter
3025 2092 3157 2147 quos
3182 2087 3399 2134 necesse
3417 2092 3497 2136 est
3516 2085 3693 2140 vivere
3706 2094 3759 2141 et

2168 2159 2323 2215 bonis
2347 2176 2484 2216 :non
2512 2164 2652 2218 enim
2678 2168 2945 2235 separatio
2982 2169 3091 2238 jam
3123 2172 3310 2242 cuique
3337 2183 3444 2229 tuta
3476 2186 3579 2230 est.
3616 2176 3758 2234 Illius

2168 2253 2310 2305 enim
2329 2254 2428 2308 erit
2451 2258 2845 2327 separatio,qui
2866 2274 2968 2313 non
2989 2261 3133 2314 novit
3161 2278 3362 2318 errare.
3387 2265 3520 2333 Quid
3541 2278 3640 2331 est,
3670 2271 3756 2339 qui

2171 2360 2274 2398 non
2304 2347 2450 2400 novit
2471 2348 2687 2402 errare?
2707 2348 2773 2404 Ut
2793 2366 2889 2405 nec
2908 2353 3101 2406 malum
3129 2354 3354 2423 trajieiat
3378 2356 3443 2409 ad
3459 2356 3753 2426 dexteram,

2164 2450 2269 2492 nec
2293 2439 2487 2493 bonum
2510 2441 2577 2495 ad
2598 2442 2889 2498 sinistram.
2904 2444 3009 2500 Nos
3033 2456 3207 2499 autem
3234 2448 3282 2501 in
3307 2448 3401 2503 hac
3420 2451 3525 2504 vita
3544 2452 3757 2508 dilticile

2170 2539 2252 2583 est
2271 2541 2324 2584 ut
2342 2546 2439 2585 nos
2460 2531 2604 2601 ipsos
2627 2536 2959 2597 noverimus;
2984 2546 3182 2607 quanto
3204 2541 3377 2594 minus
3406 2541 3664 2598 debemus
3694 2544 3757 2599 de

2162 2638 2435 2693 quoquam
2470 2641 2862 2695 praeproperam
2890 2627 3027 2684 ferre
3053 2632 3559 2702 setitentiani?Quia
3586 2637 3629 2689 si
3663 2636 3756 2689 ho-

2170 2717 2254 2771 die
2278 2719 2473 2771 malum
2499 2718 2761 2786 novimus,
2786 2734 2903 2774 cras
2920 2721 3090 2792 qualis
3112 2721 3317 2778 futurus
3331 2725 3397 2778 sit
3418 2727 3751 2796 ignoramus;

2168 2820 2222 2865 et
2253 2809 2385 2865 forte
2414 2827 2570 2881 quem
2599 2812 2943 2868 vehementer
2963 2814 3172 2869 odinms
3206 2859 3219 2882 ,
3254 2815 3417 2873 frater
3450 2831 3632 2875 noster
3648 2831 3748 2885 est,

2168 2911 2221 2956 et
2254 2902 2539 2974 nescimus.
2569 2902 2753 2959 Securi
2782 2918 2909 2976 ergo
2936 2906 3145 2961 odimus
3172 2909 3220 2962 iu
3257 2911 3411 2963 malis
3457 2912 3712 2966 malitiam
3738 2955 3752 2979 ,

2168 3004 2224 3048 ct
2250 2994 2518 3064 diligimus
2561 3007 2860 3051 creaturam
2887 3016 2901 3063 ;
2939 3010 2994 3053 ut
3022 3001 3162 3070 quod
3194 3000 3261 3056 ibi
3294 3002 3414 3057 fecit
3443 3003 3580 3058 Deus
3608 3013 3754 3058 ame-

2171 3100 2308 3149 mus,
2339 3086 2476 3153 quod
2510 3087 2576 3141 ibi
2603 3085 2727 3143 fecit
2754 3089 2866 3159 ipse
2890 3089 3082 3156 homo,
3112 3090 3395 3148 oderimus.
3433 3093 3583 3149 Fecit
3614 3096 3752 3150 enim

2170 3175 2310 3230 Dens
2340 3176 2510 3246 ipsum
2544 3178 2843 3245 hominem;
2873 3180 2996 3237 fecit
3023 3192 3200 3237 autem
3246 3182 3409 3239 homo
3456 3196 3750 3254 peccatum.

2170 3269 2336 3340 Dilige
2367 3270 2505 3340 quod
2538 3270 2664 3326 fecit
2716 3274 2854 3327 Deus
2880 3317 2893 3341 ,
2921 3274 3100 3329 oderis
3128 3276 3267 3346 quod
3297 3278 3419 3331 fecit
3444 3277 3608 3332 homo
3635 3297 3649 3333 :
3681 3278 3754 3334 sic

2182 3363 2325 3417 enim
2354 3365 2688 3434 persequeris
2713 3364 2855 3435 quod
2887 3367 3009 3421 fecit
3040 3367 3219 3434 homo,
3249 3378 3304 3423 ut
3328 3368 3589 3424 liberetur
3616 3369 3753 3440 quod

2128 3487 2133 3493 ο
2169 3452 2294 3508 fecit
2324 3455 2481 3509 Deus.

2240 3544 2291 3600 ὅ.
2331 3543 2495 3617 [vet-5.
2530 3544 2621 3619 1.]
2649 3544 2714 3599 In
2745 3546 2916 3616 ﬁnem,
2957 3546 3191 3604 Paulinus
3222 3551 3317 3622 ipsi
3351 3551 3532 3605 David.
3566 3548 3753 3608 Finem

2168 3650 2272 3690 non
2305 3635 2546 3691 intendas
2585 3637 2726 3691 aliud
2772 3654 2930 3708 quam
2977 3640 3069 3693 tibi
3097 3642 3163 3695 ab
3194 3644 3447 3711 Apostolo
3488 3647 3754 3715 pra-stitu-

2170 3716 2277 3781 tum
2309 3738 2392 3782 est
2419 3745 2430 3781 ε
2463 3728 2612 3784 Finis
2637 3730 2769 3784 enim
2799 3729 2950 3802 Legis
2976 3732 3227 3800 Christus,
3255 3735 3322 3787 ad
3337 3738 3593 3807 justitiam
3621 3740 3755 3792 omni

2166 3820 2387 3875 credenti
2413 3820 2604 3893 (Rom.
2638 3839 2691 3889 κ,
2720 3824 2751 3878 4
2775 3822 2819 3893 ).
2849 3823 2990 3895 Ergo
3033 3840 3153 3881 cum
3194 3826 3344 3881 audis
3378 3828 3646 3884 Psalmum
3678 3832 3754 3885 di-

2166 3928 2308 3977 cere,
2339 3912 2405 3968 In
2430 3915 2602 3985 ﬁnem,
2631 3916 2791 3970 corda
2820 3927 3199 3974 convertantur
3219 3920 3283 3974 ad
3302 3919 3594 3978 Christum.
3617 3923 3752 3979 Tan-

2166 4021 2322 4075 quam
2354 4008 2494 4061 enim
2530 4024 2703 4078 prmco
2736 4008 2932 4064 Psalmi
2979 4020 3064 4066 est
3111 4013 3292 4068 titulus
3320 4015 3515 4071 Psalmi
3547 4059 3563 4083 ,
3592 4017 3752 4071 veluti

2166 4097 2369 4163 dicens,
2403 4097 2542 4155 Ecce
2572 4101 2748 4156 veniet
2770 4104 2789 4132 ¹
2814 4117 2827 4165 ;
2860 4101 2985 4157 inde
3014 4103 3251 4159 dicturus
3274 4123 3411 4172 sum,
3445 4108 3511 4162 de
3538 4109 3753 4163 Christo

2166 4201 2493 4247 conlaturus.
2544 4192 2677 4247 Nam
2730 4204 2817 4262 et,
2853 4195 2950 4265 ipsi
2976 4195 3183 4262 David,
3226 4215 3329 4252 non
3370 4200 3609 4266 intelligo
3656 4198 3752 4253 nisi

2166 4284 2340 4354 ipsum
2362 4286 2449 4355 qui
2480 4283 2649 4341 factus
2676 4295 2758 4340 est
2786 4302 2850 4341 ex
2880 4290 3084 4342 semine
3120 4289 3283 4341 David
3315 4290 3608 4343 secundum
3637 4305 3755 4343 car-

2167 4394 2288 4431 nem
2308 4377 2423 4447 (Id.
2443 4394 2481 4445 t,
2503 4375 2819 4449 5).]uterim
2845 4390 3062 4449 propter
3080 4394 3246 4449 genus
3266 4381 3511 4449 congruit
3538 4398 3753 4435 nomen.

2167 4469 2350 4525 Genus
2368 4472 2579 4526 carnale
2597 4488 2625 4525 a
2648 4472 2829 4537 David;
2845 4488 3013 4543 genus
3031 4472 3305 4541 spirituale
3322 4487 3476 4543 supra
3487 4474 3653 4529 David
3673 4494 3684 4526 :
3705 4486 3757 4529 et

2168 4578 2272 4616 non
2316 4563 2487 4617 solum
2519 4574 2643 4618 ante
2679 4563 2842 4617 David
2864 4606 2877 4628 ,
2904 4564 2995 4619 sed
3025 4574 3147 4618 ante
3170 4564 3471 4630 Abraham;
3506 4582 3607 4622 nec
3636 4576 3757 4621 ante

2168 4654 2438 4710 Abraham
2465 4666 2689 4719 tantum,
2710 4657 2802 4710 sed
2831 4666 2955 4711 ante
2983 4658 3180 4724 Adam;
3201 4673 3295 4712 nec
3318 4667 3442 4712 ante
3456 4659 3625 4712 Adam
3647 4670 3758 4714 tan-

2168 4756 2298 4812 tum,
2326 4747 2416 4800 sed
2440 4755 2561 4800 ante
2588 4747 2783 4801 corium
2812 4758 2865 4801 et
2888 4758 3105 4815 terram,
3128 4758 3251 4802 ante
3286 4763 3473 4803 omnes
3498 4751 3754 4815 Angelos,

2166 4848 2289 4893 ante
2310 4852 2496 4891 munies
2517 4837 2816 4892 Poteslates
2836 4849 2888 4892 et
2908 4838 3162 4905 Virtutes,
3187 4850 3312 4893 ante
3329 4839 3504 4891 omnia
3527 4836 3754 4891 visibilia

2167 4938 2221 4985 et
2268 4930 2570 4983 invisibilia.
2596 4926 2811 4996 Quare?
2827 4931 2956 4996 Quia
2980 4942 3036 4983 nt
3059 4931 3171 4980 haec
3203 4937 3400 4991 essent,
3433 4929 3613 4983 omnia
3662 4945 3756 4999 per

2165 5021 2340 5091 ipsum
2366 5022 2499 5075 facta
2526 5030 2668 5084 sunt,
2700 5029 2752 5073 et
2780 5020 2896 5073 sine
2925 5019 3037 5088 ipso
3067 5017 3259 5073 factum
3287 5031 3368 5075 est
3398 5021 3529 5077 nihil
3562 5022 3751 5092 (Jorm.

2166 5128 2215 5177 ι,
2250 5115 2329 5182 5).
2362 5113 2501 5182 Ergo
2533 5112 2651 5180 quia
2686 5126 2749 5164 ex
2777 5110 2981 5164 semine
3010 5110 3193 5175 David,
3224 5127 3326 5163 non
3359 5113 3652 5166 secundum
3685 5115 3755 5166 di-

2165 5204 2461 5266 vinitatem,
2487 5218 2586 5271 qua
2615 5202 2833 5256 Creator
2854 5211 2934 5255 est
2956 5201 3121 5270 ipsius
3147 5200 3326 5265 David,
3346 5201 3438 5255 sed
3456 5205 3751 5258 secundum

2166 5311 2416 5359 carnem;
2442 5293 2605 5349 David
2634 5293 2878 5363 dignatus
2909 5302 2990 5347 est
3037 5293 3215 5347 vocari
3261 5295 3309 5347 in
3350 5294 3626 5363 prophetia
3654 5314 3666 5349 :
3702 5297 3751 5348 iu

2166 5387 2337 5456 ipsum
2370 5386 2526 5439 linem
2560 5384 2772 5437 intende
2802 5424 2814 5446 ,
2849 5384 2969 5453 quia
3005 5384 3102 5452 ipsi
3133 5383 3299 5437 Dat-iit
3331 5384 3572 5437 l‘salmus
3603 5387 3745 5439 cani-

2169 5488 2251 5531 tur
2276 5494 2291 5542 ;
2320 5486 2374 5531 et
2396 5477 2634 5544 corporis
2658 5476 2772 5543 ejus
2802 5492 2986 5529 vocem
3018 5475 3137 5529 audi
3166 5518 3180 5542 ,
3209 5488 3260 5529 et
3290 5490 3405 5529 t‘SlO
3432 5475 3484 5529 in
3526 5492 3753 5545 corpore

2166 5568 2300 5637 ejus.
2330 5567 2447 5621 Vox
2474 5582 2641 5637 quam
2670 5566 2860 5619 audisti
2892 5576 2975 5619 tua
3005 5564 3095 5619 ﬁat
3119 5606 3133 5633 ,
3166 5578 3219 5620 et
3249 5582 3339 5618 ora
3364 5606 3378 5633 ,
3412 5576 3465 5620 et
3503 5566 3589 5621 dic
3611 5586 3659 5638 qi
3683 5565 3753 5621 od

2166 5660 2424 5728 sequitur.

2230 5796 2247 5829 ι
2272 5793 2405 5851 Edd.,
2433 5791 2550 5853 quid
2578 5806 2591 5841 :
2620 5800 2674 5843 At
2697 5799 2799 5841 Mss.
2831 5790 2928 5851 alii,
2953 5791 3079 5854 quod
3114 5803 3130 5839 :
3160 5792 3237 5838 alii
3254 5825 3269 5854 ,
3294 5796 3421 5851 quot.

2234 5860 2253 5889 ³
2278 5858 2348 5904 sic
2369 5849 2586 5918 plerique
2606 5863 2710 5904 Mss.
2740 5855 2832 5904 Edd
2857 5849 2974 5904 vero
2994 5868 3003 5901 :
3027 5863 3142 5903 Ecce
3169 5853 3288 5916 rmi,
3307 5849 3349 5902 rt
3365 5849 3493 5911 Inde,
3523 5858 3623 5903 etc.
