4038 6466
524 395 662 456 illi)?

498 516 778 571 adversus
821 511 1124 585 hujusmodi
1174 512 1435 575 homines,
1481 510 1652 579 aperit
1699 507 1787 563 tibi
1819 508 1872 562 in
1916 520 2107 562 conse-

521 608 727 677 quenti.
761 606 905 662 Multi
948 606 1088 660 enim
1132 603 1390 657 adversus
1429 602 1600 656 malos
1645 599 1888 669 imperite
1930 604 2108 651 orant.

528 698 631 768 Qui
671 700 1041 771 cogitaverunt,
1085 696 1292 765 inquit,
1333 694 1668 763 supplantare
1708 706 1906 761 gressus
1952 703 2108 743 meos.

524 791 712 846 Adhuc
737 797 908 859 potest
934 787 1220 843 carnaliter
1262 784 1451 854 accipi.
1485 782 1656 838 Habet
1683 782 1906 851 quisque
1933 778 2112 833 inimi-

526 896 649 936 cum
674 899 688 944 ;
717 880 771 936 in
801 880 1017 951 negotio
1039 881 1237 951 cogitat
1277 879 1324 933 ei
1356 876 1592 931 fraudem
1618 874 1811 939 facere,
1852 882 1907 928 et
1935 872 1982 925 ei
2014 886 2112 924 au-

522 973 669 1029 ferre
718 972 1020 1043 pecuniam,
1053 972 1143 1042 qui
1190 979 1435 1027 versatur
1458 969 1509 1023 in
1540 966 1812 1022 eomnmni
1853 963 2064 1033 negotio
2097 979 2111 1017 :

524 1066 688 1122 habet
732 1066 955 1137 quisque
1000 1066 1270 1120 inimicum
1311 1064 1564 1128 vicinum,
1592 1070 1646 1116 et
1674 1061 1873 1131 cogitat
1916 1057 2113 1112 malum

523 1160 769 1229 ingerere
791 1158 970 1214 domui
993 1158 1129 1227 ejus,
1158 1155 1356 1228 aliquid
1379 1155 1446 1211 de
1476 1169 1535 1209 re
1566 1152 1734 1223 ipsius
1754 1151 1995 1206 minuere
2020 1165 2035 1211 ;
2059 1156 2117 1203 et

522 1255 709 1322 utique
752 1253 878 1307 dele
918 1252 1135 1320 cogitat,
1180 1249 1365 1304 fraude
1410 1248 1627 1318 cogitat,
1673 1241 2116 1299 machinamentis

524 1345 723 1399 diaboli
766 1344 881 1399 haec
910 1344 1020 1413 ipsa
1052 1342 1213 1412 gestit
1250 1340 1508 1410 implere;
1543 1351 1702 1393 nemo
1740 1335 1964 1390 dubitat.
2010 1331 2116 1387 Sed

526 1448 705 1491 tamen
732 1451 837 1489 non
867 1443 1082 1505 prepter
1103 1434 1206 1489 ista
1238 1432 1321 1488 isti
1349 1429 1569 1487 cavendi
1597 1436 1741 1495 sunt,
1770 1426 1862 1481 sed
1898 1441 1962 1478 ne
1990 1424 2119 1478 insi-

525 1528 723 1583 diando
746 1527 839 1583 tibi
868 1526 1133 1582 adducant
1158 1533 1211 1580 te
1237 1524 1301 1578 ad
1331 1538 1389 1578 se
1416 1538 1431 1587 ;
1460 1521 1511 1575 id
1537 1529 1640 1585 est,
1664 1535 1694 1574 a
1715 1533 1939 1586 corpore
1964 1514 2119 1570 Chri-

523 1621 593 1675 sti
621 1629 870 1689 separent
898 1630 970 1686 te,
1002 1627 1056 1674 et
1080 1617 1279 1672 faciant
1304 1616 1373 1671 de
1399 1628 1623 1683 corpore
1647 1627 1765 1666 suo.
1799 1609 1945 1666 Sicut
1973 1609 2114 1662 enim

529 1711 792 1766 honorum
823 1718 981 1779 caput
1004 1709 1252 1763 Christus
1278 1716 1381 1771 est,
1409 1706 1485 1760 sic
1512 1704 1724 1759 illorum
1750 1712 1909 1772 caput
1937 1699 2121 1754 diaboL

524 1802 635 1854 ius.
663 1800 762 1866 Qui
788 1802 1152 1871 cogitaverunt,
1175 1797 1364 1868 inquit,
1386 1795 1715 1865 supplantare
1734 1807 1933 1863 gressus
1960 1806 2114 1842 meos.

524 1890 663 1959 Quid
715 1899 818 1955 est,
869 1892 1199 1961 supplantare
1241 1904 1442 1960 gressus
1486 1882 1665 1939 meos!
1706 1883 1821 1938 Non
1868 1880 2015 1952 quasi
2062 1889 2119 1934 ut

526 1998 677 2038 erres
704 1983 756 2037 in
797 1982 1011 2053 negotio
1034 1981 1173 2051 quod
1201 1995 1322 2035 cum
1364 1979 1461 2033 illo
1489 1977 1673 2039 habes,
1717 1984 1773 2031 et
1810 1974 2037 2042 decipiat
2067 1980 2117 2025 te

526 2074 584 2128 in
614 2087 772 2128 causa
794 2089 915 2144 qua:
937 2073 1031 2127 tibi
1058 2071 1458 2127 communisest
1485 2070 1537 2124 in
1567 2068 1681 2123 foro
1700 2081 1820 2122 cum
1848 2066 1953 2120 illo
1980 2064 2118 2133 Sup»

530 2168 784 2239 plantavit
805 2182 1019 2237 gressus
1052 2176 1192 2233 tuos,
1238 2166 1283 2218 si
1311 2174 1363 2219 te
1386 2161 1689 2233 impedierit
1718 2160 1769 2213 in
1800 2160 1880 2213 via
1914 2157 2031 2219 Dei,
2061 2165 2118 2210 ut

527 2261 656 2316 illud
697 2260 837 2332 quod
866 2269 1066 2316 rectum
1112 2257 1446 2322 intendehas,
1478 2255 1691 2319 titubet,
1732 2260 1825 2307 aut
1850 2250 2059 2306 labatur
2085 2262 2117 2303 a

526 2356 634 2419 via,
654 2362 745 2408 aut
759 2352 915 2409 cadat
931 2353 981 2407 in
997 2352 1104 2417 via,
1123 2359 1212 2405 aut
1228 2350 1440 2405 recedat
1457 2348 1525 2403 de
1544 2347 1646 2411 via,
1668 2351 2046 2400 autremaneat
2064 2344 2115 2394 in

524 2446 633 2511 via,
676 2454 767 2500 aut
788 2454 934 2501 retro
961 2452 1257 2498 revertatur
1282 2441 1421 2497 unde
1446 2447 1685 2495 venerat.
1714 2434 1981 2505 Quidquid
2024 2432 2116 2487 tibi

528 2536 635 2590 tale
677 2536 877 2602 fecerit,
898 2534 1257 2605 supplantavit
1282 2543 1354 2599 te,
1378 2532 1593 2600 decepit
1614 2540 1684 2585 te.
1707 2527 1903 2583 Contra
1936 2526 2119 2595 hujus»

526 2627 672 2681 modi
702 2626 916 2681 insidias
940 2641 1052 2690 ora,
1085 2641 1152 2680 ne
1173 2624 1364 2694 perdas
1384 2622 1602 2678 caeleste
1620 2619 2022 2691 patrimonium,
2050 2630 2118 2671 ne

526 2720 743 2775 amittas
781 2718 1049 2774 Christum
1092 2716 1464 2778 colueredem,
1508 2716 1631 2784 quia
1683 2714 1917 2767 victurus
1960 2725 2021 2764 es
2064 2710 2116 2763 in

526 2819 783 2865 aeternum
809 2825 931 2864 eum
959 2825 1024 2864 eo
1045 2809 1133 2880 qui
1166 2817 1216 2864 te
1244 2807 1366 2863 fecit
1395 2806 1683 2859 hit-redem.
1718 2803 1831 2858 Non
1860 2802 2003 2857 enim
2036 2810 2117 2854 ta»

527 2901 594 2956 lis
636 2911 686 2956 te
728 2900 853 2957 fecit
879 2899 1170 2963 btet-edem,
1202 2898 1288 2954 cui
1318 2907 1530 2952 mortuo
1566 2894 1843 2961 succedas,
1871 2893 1965 2949 sed
1996 2908 2116 2947 cum

527 3005 637 3062 quo
666 2991 718 3046 in
747 2999 1006 3047 aeternum
1036 2990 1204 3044 vivas.

600 3081 654 3137 8.
686 3078 834 3154 [uers.
867 3079 946 3153 6.]
970 3080 1348 3135 Absconderunt
1376 3076 1580 3147 superbi
1608 3075 1945 3147 muscipularn
1973 3073 2116 3128 uri/rit

530 3172 720 3227 Totum
766 3187 962 3243 corpus
988 3171 1184 3227 diaboli
1227 3170 1511 3242 explicavit
1553 3169 1807 3234 breviter,
1854 3181 1972 3221 cum
2001 3167 2117 3233 ait,

529 3266 748 3333 superbi.
782 3264 907 3319 lude
935 3272 1016 3319 est
1040 3262 1184 3334 quod
1215 3272 1268 3317 et
1287 3261 1462 3333 justus
1487 3260 1890 3331 plerumque‘se
1913 3257 2117 3322 dicunt,

528 3372 651 3411 cum
678 3357 784 3411 sint
809 3356 995 3427 iniqui.
1026 3354 1153 3411 Inde
1181 3364 1263 3436 est
1300 3354 1442 3425 quod
1472 3352 1603 3409 nihil
1630 3352 1734 3407 illis
1764 3362 1870 3407 tam
1903 3352 2119 3405 noxium

530 3458 634 3515 est,
662 3464 819 3519 quam
859 3448 1103 3503 conﬁteri
1147 3455 1382 3517 peccata.
1416 3445 1518 3515 Ipsi
1569 3453 1695 3499 sunt
1720 3444 1811 3514 qui
1860 3458 1981 3498 cum
2013 3442 2122 3497 sint

530 3538 648 3593 falsi
673 3538 822 3608 justi,
847 3548 1070 3594 necesse
1091 3545 1180 3592 est
1202 3545 1262 3591 ut
1286 3535 1558 3590 invideant
1581 3533 1721 3590 veris
1744 3533 1922 3604 justis.
1950 3531 2117 3587 Nemo

531 3634 675 3686 enim
703 3631 905 3685 invidet
947 3631 1100 3685 alteri
1130 3632 1183 3685 in
1226 3643 1295 3685 eo
1315 3629 1455 3700 quod
1487 3644 1591 3683 non
1618 3628 1731 3682 vult
1774 3628 1855 3682 vel
1884 3641 2006 3681 esse
2037 3625 2121 3680 vel

531 3722 721 3778 videri.
751 3723 900 3777 Alius
918 3721 1010 3777 tibi
1038 3721 1257 3786 invidet,
1284 3721 1406 3791 quia
1431 3720 1581 3775 dives
1605 3735 1701 3783 es;
1727 3727 1819 3773 aut
1838 3718 1988 3773 dives
2009 3718 2123 3771 vult

531 3830 653 3871 esse
685 3824 739 3868 ut
769 3814 861 3870 tibi
890 3813 1141 3881 invideat,
1168 3821 1261 3867 aut
1290 3812 1459 3883 putari
1486 3798 1601 3867 vult
1636 3810 1786 3867 divos
1819 3828 1834 3866 :
1862 3810 1998 3865 alius
2027 3810 2120 3865 tibi

533 3908 755 3972 invidet,
798 3906 921 3977 quia
950 3907 1126 3961 clarus
1149 3920 1212 3961 es
1232 3914 1287 3962 et
1324 3904 1556 3968 nobilis;
1596 3913 1690 3959 aut
1719 3903 1821 3958 hoc
1849 3918 1970 3958 esse
1994 3902 2121 3957 alie-

532 4008 659 4064 ctat,
689 4008 779 4053 aut
814 3998 915 4053 hoc
961 4012 1022 4054 se
1047 3997 1219 4069 putari
1248 3997 1413 4065 cupit.
1448 3995 1515 4050 Et
1555 3995 1633 4051 sic
1674 3994 1853 4050 omnia
1895 4009 2014 4065 qua:
2039 3994 2122 4048 vi-

474 4100 479 4107 ‘
533 4092 731 4147 dentur
757 4091 893 4145 bona
916 4091 968 4145 in
997 4093 1098 4145 hoc
1117 4089 1313 4145 saeculo
1338 4098 1393 4144 ct
1416 4096 1703 4158 putantur;
1736 4086 1877 4159 quod
1898 4087 2123 4157 quisque

534 4183 649 4237 vult
677 4182 891 4248 habere,
926 4192 981 4238 et
1028 4182 1081 4236 in
1124 4197 1231 4251 quo
1261 4181 1375 4235 vult
1400 4180 1685 4244 excellere,
1729 4179 1815 4235 vel
1863 4178 2015 4249 cujus
2045 4179 2122 4233 rei

536 4277 731 4331 fumant
761 4284 957 4346 captat,
1004 4275 1055 4329 in
1084 4289 1149 4330 eo
1177 4274 1271 4329 tibi
1298 4272 1513 4328 invidet.
1547 4272 1636 4327 Isti
1665 4282 1842 4326 autem
1886 4272 1976 4341 qui
2005 4270 2123 4327 falsi

532 4368 661 4437 justi
690 4378 833 4431 sunt,
863 4366 1028 4421 videri
1057 4366 1240 4420 Volunt
1275 4364 1426 4433 justi,
1454 4380 1574 4417 cum
1603 4378 1709 4417 non
1755 4364 1901 4427 sint;
1945 4371 2001 4416 et
2030 4376 2125 4416 nc-

536 4473 689 4515 cesse
715 4469 797 4514 est
838 4468 895 4513 ut
923 4475 1079 4528 quem
1122 4456 1353 4511 viderint
1381 4471 1563 4511 verum
1588 4455 1817 4523 justum,
1854 4453 2126 4509 invideant

538 4550 636 4615 illi,
675 4558 731 4604 et
776 4548 876 4603 hoc
919 4564 1039 4603 cum
1085 4549 1175 4602 illo
1217 4557 1394 4617 agant,
1427 4546 1697 4616 quomodo
1731 4547 1941 4600 amittat
1983 4546 2125 4600 unde

540 4640 816 4709 gloriatur.
865 4639 989 4695 Inde
1032 4640 1250 4693 veniunt
1290 4653 1481 4693 omnes
1520 4638 1856 4695 seductiones
1897 4648 1953 4693 et
1995 4652 2125 4707 sup-

541 4732 913 4802 plantationes.
948 4731 1058 4786 Hoc
1101 4731 1243 4801 prior
1272 4731 1385 4799 ipse
1412 4729 1658 4785 diabolus
1685 4730 1869 4797 voluit,
1898 4731 1986 4800 qui
2029 4745 2122 4785 ca-

537 4825 676 4879 dens
695 4823 857 4879 stanti
878 4822 1079 4877 homini
1106 4821 1290 4876 invidit
1314 4838 1327 4876 :
1351 4830 1401 4875 et
1427 4822 1547 4890 quia
1571 4822 1681 4891 ipse
1705 4822 1883 4877 amisit
1903 4838 2124 4893 regnum

538 4915 822 4979 calorum,
855 4913 1121 4969 hominem
1151 4913 1273 4967 illuc
1302 4913 1582 4982 pervenire
1610 4913 1777 4968 noluit
1820 4913 1970 4983 (Gen.
2003 4915 2124 4984 ιιι),

518 5018 594 5063 et
623 5021 730 5062 non
757 5006 904 5070 vult;
934 5014 987 5061 et
1011 5004 1062 5059 id
1105 5004 1213 5074 agit
1242 5018 1403 5069 nunc,
1432 5013 1489 5057 ut
1528 5002 1687 5057 homo
1714 5004 1841 5058 illuc
1871 5020 1978 5058 non
2009 5019 2128 5075 per-

539 5097 742 5165 veniat,
766 5096 907 5152 uude
934 5097 1045 5166 ipse
1065 5095 1304 5165 dejectus
1322 5103 1426 5149 est.
1456 5094 1589 5162 Quia
1611 5110 1739 5165 ergo
1760 5095 2024 5164 superbus
2045 5103 2129 5150 est

542 5190 679 5260 ipse,
728 5199 781 5245 et
824 5189 945 5243 ideo
977 5187 1186 5242 invidus
1233 5186 1355 5257 quia
1401 5186 1687 5256 superbus,
1733 5201 1892 5240 omne
1931 5201 2126 5257 corpus

544 5282 713 5352 ipsius
726 5280 909 5336 talium
922 5294 1116 5350 corpus
1138 5286 1240 5334 est.
1265 5272 1373 5334 Sed
1396 5292 1494 5332 nos
1514 5292 1729 5333 oremus
1748 5287 1932 5333 contra
1955 5278 2123 5345 illum,

539 5374 635 5446 qui
662 5372 857 5443 corrigi
878 5387 982 5428 non
1006 5378 1204 5442 potest,
1233 5379 1289 5425 et
1309 5384 1406 5440 pro
1437 5369 1567 5440 ipsis
1585 5368 1676 5439 qui
1697 5377 1939 5439 possunt,
1960 5378 2019 5423 ut
2037 5368 2125 5424 di-

539 5482 724 5523 camus
740 5463 944 5520 homiui
964 5463 1161 5534 injusto
1184 5479 1199 5517 :
1220 5461 1398 5529 Quare
1414 5461 1617 5517 invides
1630 5462 1795 5531 justo,
1808 5476 1841 5515 ο
1859 5462 2020 5517 homo
2040 5462 2123 5517 iu-

536 5560 714 5630 juste?
730 5558 863 5626 Quia
879 5557 957 5615 vis
975 5556 1139 5612 videri
1151 5556 1358 5625 justus?
1373 5556 1492 5611 Cito
1510 5555 1591 5611 fac
1606 5554 1747 5627 quod
1762 5555 1950 5611 melius
1965 5565 2126 5621 est,et

542 5652 747 5707 facilius
759 5651 865 5707 eris
879 5649 1021 5721 quod
1040 5650 1123 5704 vis
1142 5649 1329 5707 videri.
1345 5649 1474 5704 Esto
1486 5649 1662 5719 justus
1681 5650 1695 5680 ¹
1721 5667 1733 5703 :
1751 5649 1820 5704 ita
1836 5648 2025 5719 diliges
2039 5649 2123 5705 cui

521 5790 531 5849 μ
605 5787 621 5818 ί
648 5786 719 5836 sic
741 5752 922 5853 aliquot
938 5776 1046 5834 Mss.
1073 5784 1285 5853 At_t=.dd._:_
1296 5784 1445 5853 Quod.
1465 5785 1533 5837 ris
1554 5784 1709 5838 rideri
1732 5788 1829 5837 esto
1852 5784 2010 5850 rebus,
2037 5786 2119 5849 ita,

541 5857 637 5910 σιξ.
665 5846 959 5911 Regius-13.:
987 5853 1097 5899 Esto
1120 5846 1204 5911 ita,
1233 5846 1521 5911 aitqaue.

1776 387 1815 445 5
1876 382 2237 442 AlTCESTINI
2280 383 2577 441 El‘lSCOPl

3677 392 3805 449 I808

2225 500 2538 567 invidebas;
2570 502 2689 572 quia
2717 502 2855 572 quod
2901 504 3045 559 illum
3078 503 3226 559 doles
3258 518 3395 570 esse,
3430 505 3539 559 eris
3568 514 3624 560 et
3652 516 3726 571 tu,
3757 519 3809 562 et

2216 593 2420 648 arriabis
2447 592 2499 647 in
2537 610 2603 649 eo
2635 602 2705 659 te,
2736 603 2791 649 et
2820 596 2993 665 ipsum
3024 596 3073 650 in
3104 600 3182 651 te.
3225 596 3436 651 Etenim
3465 598 3511 651 si
3542 597 3807 653 invideres

2216 682 2387 750 diviti,
2422 701 2526 739 non
2553 695 2697 742 esset
2740 687 2791 741 in
2826 695 3087 755 potestate
3117 696 3202 741 tua
3251 697 3306 742 ut
3334 687 3484 744 dives
3517 703 3720 755 esses;
3766 690 3809 745 si

2220 775 2483 830 invideris
2514 776 2739 832 honesto
2765 778 2922 832 alicui
2949 779 3180 833 senatori
3213 779 3398 845 nobili,
3444 793 3552 833 non
3584 789 3730 836 esset
3758 780 3810 836 in

2221 876 2480 937 potestate
2510 879 2598 923 tua
2630 878 2687 923 ut
2711 869 2903 924 nobilis
2926 880 2979 923 tu
3004 884 3149 925 esses
3172 880 3225 925 et
3250 869 3446 936 clarus;
3470 870 3515 925 si
3540 871 3809 926 invideres

2223 960 2462 1029 pulchro,
2492 977 2760 1031 nunquam
2789 970 2839 1017 te
2871 962 3151 1032 pulchrum
3195 962 3437 1030 faceres;
3470 964 3513 1018 si
3542 966 3810 1020 invideres

2222 1051 2342 1107 forti
2374 1065 2427 1109 et
2448 1054 2642 1120 valido,
2686 1071 2954 1125 nunquam
2988 1057 3082 1110 tibi
3128 1057 3267 1112 vires
3296 1056 3453 1113 dares
3487 1075 3501 1112 :
3529 1058 3574 1113 si
3609 1058 3811 1114 invides

2216 1146 2382 1216 justo,
2413 1163 2498 1203 res
2529 1149 2580 1203 in
2609 1150 2882 1206 voluntate
2902 1160 3023 1216 est;
3058 1161 3175 1206 esto
3200 1152 3338 1222 quod
3359 1152 3510 1208 doles
3539 1169 3662 1210 esse
3682 1155 3812 1210 alre-

2216 1255 2356 1292 rum.
2387 1238 2502 1294 Non
2534 1241 2685 1294 'euim
2715 1253 2992 1312 empturus
3032 1258 3091 1298 es
3117 1244 3254 1313 quod
3286 1254 3340 1297 ιιι
3373 1260 3478 1299 non
3508 1260 3567 1300 es
3592 1255 3645 1300 et
3677 1247 3814 1301 alius

2223 1339 2304 1383 est
2327 1346 2341 1394 ;
2368 1332 2533 1400 gratis
2550 1340 2788 1397 constat,
2830 1334 2939 1387 cito
2968 1342 3179 1389 constat
3208 1352 3221 1388 :
3250 1334 3372 1389 Pax
3398 1337 3451 1389 in
3481 1347 3617 1390 terra
3645 1338 3812 1391 Itami-

2216 1422 2365 1475 rribus
2390 1424 2534 1476 bona
2573 1424 2844 1478 voluntatis
2872 1423 3022 1493 (Luc.
3052 1441 3110 1490 ιι,
3146 1425 3256 1496 ιι).

2292 1513 2344 1568 9.
2391 1512 2471 1568 Illi
2514 1524 2691 1569 autem
2744 1516 2945 1585 superbi
3003 1518 3369 1571 absconderant
3422 1518 3813 1589 muscipularn:

2222 1606 2545 1675 quaesierunt
2573 1607 2911 1678 supplantare
2940 1624 3155 1678 gressus
3182 1626 3330 1666 meos
3354 1612 3394 1665 ί.
3427 1613 3492 1666 Et
3511 1612 3639 1681 quid
3674 1612 3814 1667 lece-

2222 1699 2389 1753 runt?
2417 1697 2484 1753 Et
2528 1710 2679 1754 restes
2705 1702 3036 1755 extenderunt
3077 1704 3390 1773 rnuscipulas
3434 1706 3643 1775 pedibus
3672 1708 3814 1760 meis.

2221 1790 2365 1859 Quas
2386 1801 2557 1847 restes
2580 1793 2823 1848 ?-Notum
2847 1807 2927 1849 est
2958 1793 3059 1850 hoc
3087 1797 3305 1851 verbum
3339 1798 3390 1851 in
3416 1797 3732 1869 Scripturis,
3761 1809 3813 1853 et

2223 1881 2525 1937 invenimus
2564 1885 2686 1939 alibi
2715 1885 2840 1955 quid
2883 1886 3183 1955 signiﬁcent
3204 1898 3402 1943 restes.
3430 1891 3693 1946 Dominus
3720 1892 3817 1946 llax

2221 1975 2414 2043 gellum
2436 1975 2504 2029 de
2525 1976 2787 2031 resticulis
2813 1975 2958 2042 fecit,
2993 1978 3133 2033 unde
3160 1981 3364 2049 expulit
3388 1993 3481 2036 eos
3502 1982 3569 2036 de
3596 1984 3817 2051 templo,

2222 2066 2310 2134 qui
2342 2066 2411 2119 ibi
2444 2067 2581 2121 male
2627 2067 2976 2123 versabantur
3007 2069 3184 2137 (.Ioan.
3219 2087 3275 2132 ιι,
3302 2072 3430 2141 l5);
3462 2082 3516 2127 et
3542 2073 3821 2142 signiﬁca-

2223 2160 2297 2213 vit
2323 2159 2478 2214 nobis
2518 2159 2787 2230 quomodo
2832 2161 3192 2233 intelligamus
3224 2176 3395 2219 restes
3428 2184 3439 2216 :
3470 2165 3614 2233 quia,
3647 2164 3819 2219 Criui»

2221 2253 2350 2306 culis
2366 2262 2683 2323 peccatorum
2693 2270 2900 2308 suorum
2915 2256 3252 2325 unusquisque
3261 2256 3618 2326 constringitur
3631 2254 3647 2323 (
3660 2255 3820 2313 Prov.

2225 2357 2277 2409 v,
2306 2342 2423 2413 22),
2471 2344 2602 2399 dicit
2645 2346 2745 2400 alia
2788 2346 3060 2416 Scriptura
3086 2364 3102 2413 ;
3130 2356 3187 2403 et
3208 2357 3392 2418 aperte
3423 2347 3601 2411 Isaias,
3644 2346 3824 2402 Variis

2221 2438 2305 2505 qui
2331 2438 2537 2492 trahunt
2578 2447 2785 2509 peccata
2810 2440 2937 2494 sicut
2974 2451 3152 2495 restem
3183 2441 3383 2511 longam
3412 2439 3562 2513 (lsai.
3596 2457 3653 2505 v,
3690 2441 3819 2509 l8)!

2223 2528 2397 2595 Quare
2439 2538 2617 2583 autem
2666 2530 2860 2584 dicitur
2919 2531 3122 2586 restis?
3168 2530 3302 2599 Quia
3348 2533 3523 2586 omnis
3571 2541 3825 2601 peccator

2226 2634 2574 2688 perseverans
2620 2620 2672 2674 in
2720 2622 2953 2691 peccatis
3001 2623 3133 2689 suis,
3176 2623 3325 2676 addit
3374 2633 3588 2692 peccata
3634 2636 3825 2692 pecca-

2226 2712 2329 2775 tis;
2377 2721 2579 2767 etcum
2611 2711 2831 2767 deberet
2858 2715 3196 2768 accusatione
3234 2714 3433 2784 pcccati
3473 2714 3553 2767 sui
3580 2714 3822 2783 corrigi,

2222 2801 2535 2857 defensione
2588 2802 2835 2873 duplicat
2892 2804 3036 2875 quod
3087 2804 3425 2860 confessione
3491 2816 3675 2874 posset
3722 2820 3825 2858 au-

2225 2892 2373 2957 ferri,
2411 2902 2466 2948 et
2506 2894 2816 2965 plerumque
2854 2896 2972 2949 aliis
3010 2896 3243 2964 peccatis
3282 2896 3393 2949 vult
3436 2896 3671 2948 munitus
3701 2909 3826 2950 esse

2226 2995 2445 3055 propter
2488 2986 2575 3039 illa
2621 3002 2740 3056 qua:
2785 2987 3071 3041 commisit.
3105 2986 3255 3042 Fecit
3298 2986 3639 3049 adulterium,
3671 2996 3726 3039 et
3757 3003 3825 3039 ne

2225 3075 2516 3142 occidatur,
2556 3086 2710 3147 parat
2756 3077 3097 3132 homicidium
3125 3095 3140 3138 ;
3170 3076 3315 3131 addit
3363 3086 3581 3147 peccato
3632 3091 3820 3145 pcch

2227 3177 2361 3223 tum.
2425 3169 2655 3225 Rursum
2699 3171 2744 3225 si
2788 3171 2836 3225 ei
2880 3171 3163 3242 contigerit
3206 3169 3382 3226 facere
3430 3168 3821 3234 homicidium,

2223 3263 2332 3331 jam
2361 3262 2452 3332 qui
2482 3278 2644 3317 unum
2688 3264 2889 3318 crimen
2919 3262 3158 3328 timebat,
3189 3262 3295 3317 duo
3327 3262 3476 3315 timet
3509 3278 3521 3313 :
3553 3270 3609 3315 et
3636 3262 3824 3329 utique

2227 3368 2347 3409 cum
2376 3354 2551 3410 videat
2574 3369 2634 3410 se
2660 3354 2808 3425 plura
2833 3355 3041 3420 timere,
3068 3370 3227 3425 quam
3253 3363 3408 3409 antea
3441 3354 3685 3415 timebat,
3716 3364 3822 3407 non

2226 3447 2423 3517 cogitat
2447 3446 2687 3501 minuere
2707 3446 2848 3516 quod
2870 3446 3015 3511 fecit,
3041 3446 3135 3501 sed
3162 3445 3359 3500 addere
3405 3445 3547 3515 quod
3579 3444 3822 3499 ualidum

2227 3538 2387 3603 fecit;
2425 3536 2612 3609 quarrit
2656 3538 2792 3593 forte
2833 3548 2887 3594 et
2931 3538 3269 3593 maleficium.
3301 3538 3424 3592 Tria
3467 3552 3595 3593 ecce
3636 3536 3820 3591 habet.

2227 3628 2355 3684 lude
2378 3630 2486 3697 jam
2508 3629 2627 3699 quis
2645 3628 2879 3698 cogitet?
2908 3630 3027 3698 quis
3051 3631 3197 3683 liuiat
3216 3640 3410 3683 restem
3436 3627 3820 3698 peccatorum?

2229 3721 2292 3776 Et
2319 3721 2519 3791 Optime
2544 3722 2737 3777 dicitur
2780 3721 2936 3776 restis
2965 3741 2981 3775 ετ
3015 3731 3068 3775 ιιι
3097 3722 3241 3776 enim
3272 3730 3587 3789 torqueatur
3615 3721 3782 3775 restis
3804 3762 3819 3786 ,

2227 3811 2476 3877 additur;
2506 3821 2560 3867 et
2588 3826 2691 3867 non
2718 3811 2986 3867 adduntur
3010 3820 3154 3866 recta
3184 3812 3290 3875 lila,
3323 3810 3416 3865 sed
3448 3820 3606 3864 torta.
3638 3810 3825 3865 Pravi»

2229 3911 2310 3959 tas
2351 3904 2452 3959 sibi
2492 3918 2730 3958 connexa
2774 3903 2990 3959 ducitur
3019 3904 3072 3958 in
3115 3903 3352 3973 longum,
3402 3911 3592 3956 etnon
3623 3904 3823 3972 cogitat

2228 3996 2521 4067 prmcidere
2544 3996 2685 4067 quod
2717 3996 2857 4052 male
2886 3996 3093 4061 texuit;
3126 3996 3219 4051 sed
3244 3994 3464 4061 addere,
3498 3994 3820 4064 producere,

2229 4088 2281 4143 in
2313 4089 2524 4159 longum
2552 4087 2909 4157 protendere:
2936 4096 2992 4142 ιιι
3035 4087 3229 4143 habeat
3254 4087 3309 4141 in
3349 4089 3453 4141 line
3479 4086 3620 4140 unde
3647 4086 3726 4139 illi
3754 4086 3819 4138 li-

2226 4189 2420 4251 gentur
2459 4196 2647 4235 manus
2690 4191 2743 4236 et
2788 4180 2971 4251 pedes,
3016 4189 3071 4235 et
3115 4180 3425 4250 projiciatur
3470 4179 3522 4233 in
3568 4178 3821 4233 tenebras

2229 4275 2521 4330 exteriores
2548 4274 2762 4344 (Matth.
2802 4291 2927 4338 xxu,
2965 4274 3074 4346 l3).
3108 4274 3231 4328 ιιωο
3272 4284 3447 4328 autem
3475 4282 3692 4342 peccata
3726 4287 3819 4325 sua

2232 4366 2454 4420 tendunt
2476 4366 2653 4435 justis,
2698 4366 2910 4435 quando
2940 4366 3019 4419 eis
3064 4364 3291 4419 suadent
3326 4365 3499 4419 facere
3529 4365 3667 4417 mala
3700 4378 3823 4433 qure

2233 4458 2329 4527 ipsi
2355 4458 2569 4511 faciunt.
2598 4458 2722 4511 Ideo
2745 4458 2898 4523 dixit,
2942 4457 3117 4511 Rcstes
3152 4457 3480 4511 extenderunt
3512 4456 3823 4525 muscipula:

2234 4552 2617 4619 pedibusrueis;
2649 4551 2696 4605 id
2726 4560 2827 4614 est,
2860 4550 2925 4606 de
2957 4551 3184 4619 peccatis
3210 4550 3320 4605 suis
3351 4566 3436 4605 me
3459 4548 3694 4618 dejicere
3725 4564 3823 4603 vo-

2232 4641 2465 4696 luerunt.
2501 4642 2566 4696 Et
2590 4642 2676 4696 ubi
2708 4642 2847 4697 hoc?
2872 4640 3034 4696 Juxta
3061 4641 3265 4695 semitas
3290 4640 3591 4695 scandalum
3637 4655 3821 4709 posue-

2233 4744 2351 4789 runt
2382 4736 2503 4789 mihi
2532 4752 2550 4789 :
2580 4753 2681 4791 non
2710 4735 2761 4789 in
2794 4736 3022 4801 semitis,
3056 4735 3147 4789 sed
3167 4735 3324 4804 juxta
3350 4735 3574 4788 seruitus.
3605 4734 3823 4789 Semita:

2236 4840 2357 4895 tute,
2410 4838 2670 4899 praecepta
2705 4829 2795 4884 Dei
2827 4838 2969 4884 sunt.
3016 4828 3091 4881 llli
3121 4827 3368 4882 scandala
3407 4827 3557 4895 juxta
3602 4825 3825 4878 semitas

2237 4932 2561 4991 posuerunt;
2592 4932 2667 4987 tu,
2697 4921 2801 4975 noli
2848 4920 3098 4974 recedere
3122 4935 3151 4971 a
3178 4918 3400 4980 semitis,
3424 4927 3477 4971 et
3511 4932 3617 4969 non
3651 4918 3825 4970 irrues

2235 5016 2289 5070 in
2314 5016 2580 5071 scandala.
2609 5014 2725 5069 Nec
2741 5014 2865 5067 volo
2885 5013 3031 5068 dicas
3061 5028 3077 5065 :
3113 5013 3175 5066 Et
3198 5011 3507 5081 prohiberet
3534 5010 3657 5065 illos
3687 5011 3822 5063 Deus

2236 5123 2433 5177 ponere
2461 5107 2587 5160 mihi
2618 5106 2862 5161 scandala
2887 5104 3036 5173 juxta
3066 5103 3302 5165 semitas,
3332 5111 3385 5156 et
3412 5116 3514 5156 non
3546 5103 3615 5155 ibi
3652 5117 3823 5169 pune-

2235 5207 2371 5253 rent.
2418 5196 2528 5252 lmo
2557 5197 2792 5267 permisit
2835 5198 2974 5249 lleus
3003 5209 3199 5264 ponere
3230 5194 3474 5248 scandala
3520 5195 3638 5245 illos
3674 5195 3821 5262 juxta

2232 5293 2468 5353 semitas,
2512 5300 2567 5345 et
2606 5300 2658 5345 tu
2702 5306 2805 5343 non
2851 5289 3073 5344 recedas
3101 5304 3130 5343 a
3158 5288 3380 5343 semitis.
3410 5285 3577 5341 Juxta
3620 5287 3825 5341 senatus

2231 5381 2476 5437 scandala
2502 5392 2772 5452 posuerunt
2800 5382 2944 5435 mihi.

2306 5479 2392 5533 10.
2426 5476 2577 5550 [vers.
2610 5474 2691 5548 7.]
2719 5476 2781 5529 Et
2805 5474 2929 5543 quid
2957 5472 3163 5530 restat?
3190 5471 3328 5543 quod
3359 5472 3654 5527 remedium
3687 5471 3826 5525 inter

2233 5579 2380 5625 tanta
2409 5570 2546 5624 mala
2571 5609 2587 5633 ,
2617 5568 2668 5621 in
2701 5568 2813 5621 istis
2841 5566 3219 5622 tentationibus
3241 5607 3256 5631 ,
3291 5566 3341 5619 in
3387 5564 3501 5619 istis
3528 5564 3826 5635 periculis?

2232 5663 2356 5718 Dixi
2396 5663 2611 5716 Domino
2634 5699 2649 5727 ,
2681 5659 2817 5715 Deus
2843 5677 2981 5715 meus
3006 5677 3058 5714 es
3084 5669 3157 5712 tu.
3189 5658 3266 5713 Illi
3306 5658 3548 5712 homines
3575 5668 3699 5712 sunt
3723 5699 3737 5719 ,
3768 5665 3826 5711 ct

2232 5771 2338 5812 non
2364 5754 2467 5809 mei
2492 5770 2507 5818 ;
2542 5762 2593 5807 tu
2620 5760 2678 5806 et
2706 5752 2865 5817 Deus,
2890 5762 2942 5806 et
2970 5766 3121 5805 meus
3149 5766 3229 5806 es.
3262 5748 3386 5803 Diri
3413 5748 3653 5815 Domino,
3686 5747 3823 5802 Deus

2296 5871 2315 5903 ι
2340 5876 2444 5918 uss.
2471 5867 2561 5917 hoc
2584 5866 2705 5927 loco,
2723 5878 2915 5930 gressus
2936 5870 3105 5917 rectos.
3132 5868 3228 5923 En,
3259 5872 3451 5927 gressus
3481 5871 3612 5911 meos
3645 5864 3814 5911 rectos.
