2040 3242
165 170 233 199 18119

163 237 234 256 meus
241 236 267 255 es
275 233 312 255 tu.
323 228 415 264 Magna
425 235 473 255 vox
483 227 624 259 orationis;
636 231 724 255 movet
733 227 865 254 llduciam.
883 225 958 253 Num-

165 274 229 310 quid
246 274 353 301 illorum
369 280 421 300 non
435 277 476 300 est
491 273 577 300 Deus?
588 273 666 307 Cujus
680 273 750 299 enim
764 279 816 299 non
829 276 871 299 cst
879 271 957 303 Deus,

164 320 210 355 qui
224 324 265 346 est
278 326 357 346 verus
366 319 512 347 Deus?Sed
525 322 613 346 tamen
627 318 734 353 proprie
748 325 840 345 eorum
854 321 903 348 est,
914 316 959 352 qui

163 373 198 393 eo
211 365 344 398 fruuntur,
353 365 397 400 qui
405 365 430 392 ei
441 365 572 398 serviunt,
583 365 626 399 qui
638 364 752 391 libenter
758 364 807 392 sub
821 364 879 398 ipso
886 368 957 390 sunt.

163 411 231 438 Nam
247 415 274 439 et
287 411 349 439 mali
365 411 485 446 quamvis
500 411 585 443 inviti,
597 411 647 438 sub
661 410 718 445 ipso
731 415 802 438 sunt.
819 410 856 437 Illi
870 410 960 445 appel-

164 457 222 485 lant
239 457 331 489 Deum,
347 463 362 483 a
377 464 431 490 quo
440 461 620 487 coronentur;
637 457 687 483 sub
702 455 748 482 illo
762 455 798 482 illi
814 455 926 490 fugimn,
944 463 959 482 ιι

165 511 219 539 quo
232 503 400 531 damnentur.
418 502 451 529 Et
465 502 570 536 iniquus
583 502 633 537 qui-
650 510 702 529 non
715 502 772 529 vult
793 501 890 529 habere
904 501 959 528 Do—

165 549 267 576 minum
283 548 365 576 Deum
379 555 456 575 suum
469 569 476 580 ,
493 556 545 583 quo
564 547 644 583 fugiet
658 548 741 576 Deum
754 547 871 575 omnium
882 547 957 574 Hlo-

165 603 230 624 nnm
244 599 285 622 est
297 595 338 622 illi
346 602 410 629 ergo
422 598 450 621 ut
462 598 632 621 convertatur
644 593 677 621 ad
688 594 769 620 Deum
783 593 912 624 omnium,
923 593 960 619 fa-

165 642 271 677 ciatque
280 641 353 669 illum
366 641 541 669 conversione
555 648 646 673 suum;
657 644 684 668 et
697 640 797 675 positus
810 640 879 667 inter
894 639 960 666 tales

166 693 321 724 peccatores
333 709 340 721 ,
356 688 511 715 seductores
523 709 529 720 ,
541 687 695 722 hypocritas
707 708 714 719 ,
729 687 857 721 superbos
869 707 877 719 ,
889 686 961 713 dicat

165 734 199 761 ad
210 735 303 767 Deum,
312 741 391 769 quem
398 734 440 761 sui
449 734 624 761 conversione
636 732 685 760 sibi
700 732 762 760 fecit
771 733 852 759 Deum
863 740 938 759 suum
951 741 958 759 ε

166 779 229 807 Dixi
244 779 353 807 Domino
364 800 371 812 ,
388 779 456 806 Deus
470 788 538 806 meus
552 787 577 806 es
592 784 629 806 tu.
645 778 751 813 Percipe
768 778 871 805 auribus
882 799 890 812 ,
905 777 960 805 Do-

166 827 235 853 mine
246 847 253 858 ,
269 834 351 852 uocem
367 825 548 860 deprecationis
560 832 629 851 mete.
645 824 763 859 Simplex
778 824 883 858 quidem
897 831 959 851 sett-

167 872 250 899 tentia
266 875 314 902 cst,
328 875 355 899 et
369 870 454 898 facilis
467 870 499 897 ad
514 870 711 906 intelligendum
730 869 797 897 :sed
813 870 961 897 tamen-de-

167 917 247 944 lectat
261 916 328 943 forte
340 916 456 950 cogitare
471 923 553 950 quare
566 923 617 942 non
633 916 750 947 dixerit,
767 915 877 950 Percipe
889 915 960 942 attri-

167 963 219 990 bus
231 963 443 998 deprecationem
458 970 543 990 meam
553 971 559 993 :
571 962 618 989 scd
627 962 695 989 velut
711 961 859 989 evidentius
872 961 960 996 expri.

167 1017 244 1037 mens
254 1008 376 1036 all'ectnm
387 1009 468 1035 animi
479 1008 530 1042 Sili,
540 1009 587 1041 ait,
597 1016 681 1035 vocem
696 1008 878 1044 deprecationis
888 1016 958 1041 mete,

166 1055 249 1082 vitam
258 1054 453 1090 deprecationis
466 1061 542 1087 meas,
552 1054 666 1081 animam
680 1054 874 1089 deprecationis
883 1062 959 1087 mem,

168 1108 221 1127 non
233 1100 302 1135 quod
318 1105 395 1127 sonat
408 1100 433 1126 in
444 1100 533 1127 verbis
545 1101 622 1131 meis.
635 1100 683 1128 sed
694 1100 763 1127 unde
776 1100 866 1127 vivunt
880 1100 960 1128 verba

168 1154 238 1173 mea.
248 1145 343 1173 (Ia-teri
357 1146 428 1173 etiim
444 1146 569 1180 strepitus
583 1146 641 1172 sine
655 1146 753 1179 anima,
763 1146 820 1173 soni
835 1146 886 1173 dici
900 1153 962 1181 pos-

168 1197 241 1223 sunt.
250 1200 330 1220 voces
343 1199 395 1220 non
405 1196 530 1227 possunt:
541 1200 591 1220 vox
605 1192 712 1227 proprie
722 1193 899 1220 animatorum
908 1198 959 1227 est,

167 1238 287 1265 vivomm
301 1242 352 1265 est.
362 1238 446 1272 Quam
459 1238 533 1265 multi
544 1243 633 1266 autem
645 1239 821 1273 deprecantur
830 1239 924 1273 Deum,
933 1245 961 1268 et

169 1291 223 1311 non
238 1283 355 1311 sentiunt
364 1283 458 1317 Deum,
468 1291 517 1311 nec
531 1284 599 1311 bene
609 1285 725 1319 cogitant
737 1284 770 1312 de
780 1285 851 1312 Deo?
860 1285 960 1313 Sonum

169 1328 364 1363 deprecationis
373 1328 468 1356 habere
477 1334 597 1364 possunt,
607 1337 699 1357 vocem
708 1338 759 1358 non
769 1335 890 1366 possunt;
899 1332 961 1367 quia

169 1376 223 1402 vita
240 1376 274 1402 ibi
288 1384 339 1403 non
354 1380 403 1403 est.
418 1376 501 1411 Hujus
514 1376 557 1411 qui
573 1376 696 1409 vivebat,
711 1377 771 1411 quia
787 1377 868 1405 Deum
883 1385 960 1406 suum

169 1420 344 1456 lntelligebat,
356 1426 382 1449 et
395 1429 411 1449 a
424 1429 476 1457 quo
492 1422 648 1450 liberaretur
663 1422 778 1455 videbat,
795 1426 848 1449 eta
864 1423 960 1457 quibus

171 1466 332 1494 liberaretur
338 1467 478 1499 sentiebat,
491 1467 547 1502 ipsa
558 1472 615 1495 erat
628 1475 676 1495 vox
688 1468 883 1504 deprecationis
891 1469 958 1502 ejus.

206 1514 249 1540 li.
266 1512 339 1550 [vera
351 1513 396 1549 8.]
412 1513 497 1549 Ipsam
507 1514 697 1541 commendans
707 1514 815 1541 auribus
825 1514 870 1542 Dei
878 1515 959 1550 dicat,-

169 1558 287 1591 Domine,
306 1559 419 1586 Domine.
436 1560 474 1587 Tu
491 1559 606 1592 Domine,
622 1560 739 1592 Domine,
757 1560 854 1594 id-est,
870 1564 899 1588 tu
912 1568 960 1588 ve-

169 1606 273 1632 rissime
283 1606 404 1639 Domine,
415 1614 467 1633 non
477 1607 568 1641 quales
578 1606 677 1634 domini
691 1606 824 1639 homines,
833 1614 886 1633 non
896 1614 961 1642 qua-

169 1652 209 1680 les
223 1652 322 1680 demitti
338 1651 387 1688 qui'
404 1657 496 1680 emunt
516 1652 649 1684 saecello;
672 1652 717 1679 sed
725 1652 818 1687 'qualis
834 1653 961 1681 Dominus

170 1698 214 1732 qui
225 1698 289 1726 cmit
299 1698 436 1733 sanguine.
447 1698 563 1731 Domine,
575 1698 689 1731 Domine,
699 1699 777 1726 virtus
786 1699 874 1726 salutis
881 1707 943 1726 mea:
951 1707 961 1727 :

169 1744 195 1772 id
209 1750 248 1772 es!
261 1766 268 1776 ,
282 1745 326 1780 qui
342 1745 389 1772 das
401 1745 471 1773 vires
483 1745 561 1773 saluti
581 1752 657 1773 meae.
674 1745 743 1779 Quid
756 1745 807 1773 sibi
821 1746 894 1779 vult,
908 1746 961 1773 vir-

169 1795 209 1818 tus
221 1791 310 1818 solutis
324 1792 407 1819 mae?
419 1791 637 1827 Conquerebatur
649 1792 682 1819 de
704 1792 835 1820 scandulis
849 1796 876 1820 et
895 1792 960 1820 insi-

169 1836 220 1864 diis
234 1842 401 1872 peccatorum
414 1859 421 1870 .
437 1838 471 1866 de
482 1838 740 1865 circumlatrantibus
754 1843 781 1865 et
795 1839 961 1866 circuminsi-

168 1883 302 1912 diantibus
315 1885 436 1919 malignis
450 1884 601 1911 hominibus
614 1884 685 1911 vasis
698 1884 807 1917 diaboli,
822 1884 856 1912 de
869 1891 962 1918 snper-

169 1929 210 1956 bis
223 1930 399 1957 invidentibus
411 1930 498 1964 justis,
514 1930 582 1956 inter
596 1930 687 1964 quales
703 1937 812 1957 necesse
825 1934 867 1957 est
880 1930 960 1957 vitam

169 1974 277 2008 dueere,
287 1983 347 2003 cum
362 1975 404 2002 hic
412 1975 525 2002 vivimus
535 1976 560 2001 in
575 1976 787 2010 peregrinatione
801 1979 890 2003 nostra
898 1975 959 2003 hac.

168 2020 242 2047 Talia
257 2028 319 2048 vero
332 2021 454 2048 scandala
476 2021 635 2048 abundantia
650 2021 741 2048 futura
751 2021 877 2048 Dominus
889 2029 960 2057 prae-

168 2065 246 2098 dixit,
260 2071 287 2093 et
300 2067 336 2093 ait
353 2072 361 2093 :
377 2067 519 2094 AbundaHt
532 2067 659 2103 iniquitas,
675 2073 698 2094 et
713 2068 832 2103 quoniam
845 2068 961 2095 abunda-

170 2111 204 2137 bit
217 2111 345 2147 iniquitas,
362 2113 504 2148 refrigescet
518 2113 628 2141 charitas
640 2113 785 2140 multorum.
800 2113 852 2141 Sed
868 2114 962 2149 adjun-

168 2157 207 2183 xit
219 2158 308 2184 statim
322 2158 443 2185 solatimn
457 2167 463 2186 :
477 2159 527 2192 Qui
541 2160 731 2193 perseveraverit
744 2167 821 2194 usque
834 2161 859 2187 in
872 2161 959 2195 ﬁnem,

169 2202 210 2229 In'c
224 2203 308 2230 saluus
323 2204 368 2230 erit
384 2203 489 2239 (Manli.
506 2212 575 2237 μιν,
593 2205 636 2237 12,
654 2205 708 2240 l3).
725 2205 844 2233 Attendit
859 2206 919 2238 iste,
935 2210 962 2234 et

169 2250 275 2283 timuit;
289 2254 316 2279 et
338 2250 496 2278 abundantia
519 2251 686 2286 iniquitatum
709 2252 830 2279 turbatus
845 2252 962 2287 respein

168 2302 242 2330 spem
260 2304 266 2321 :
283 2296 343 2330 quia
356 2296 399 2331 qui
411 2297 602 2331 perseveraverit
614 2305 693 2333 usque
705 2297 731 2324 in
742 2297 819 2332 ﬁnem
832 2319 839 2331 ,
854 2298 895 2325 hic
907 2298 961 2325 ral-

169 2349 213 2368 vus
226 2342 280 2368 erit.
291 2342 417 2369 Extendit
425 2350 454 2370 se
462 2350 644 2378 perseverare,
653 2344 752 2371 etvidit
765 2344 870 2379 longam
880 2344 959 2377 viam;

169 2390 196 2413 et
204 2386 263 2420 quia
277 2394 448 2421 perseverare
461 2396 586 2424 magnum
595 2393 668 2416 estet
681 2387 897 2424 difficile,'ipsum
905 2397 962 2417 ora-

168 2431 206 2458 vit
219 2432 252 2458 ad
262 2432 450 2466 perfectionem
462 2434 664 2468 perseverantiae
677 2441 732 2462 sua:
741 2435 761 2467 ί,
771 2442 785 2461 a
794 2443 847 2469 quo
860 2435 896 2462 illi
905 2436 962 2469 jus-

168 2484 227 2505 sum
241 2483 281 2505 est
296 2483 325 2505 ut
338 2483 530 2513 perseveraret.
538 2479 616 2507 Certe
631 2480 719 2508 salvus
733 2487 791 2512 ero,
800 2480 822 2507 si
837 2487 962 2515 perseve-

150 2521 153 2524 ’
167 2531 263 2551 ravero
277 2532 360 2559 usque
374 2526 398 2552 in
414 2527 508 2558 linem;
525 2526 570 2553 sed
584 2526 777 2560 perseverantia
791 2526 823 2552 ad
838 2526 961 2553 virtutem

167 2571 293 2604 pertinet,
303 2576 331 2597 ut
346 2579 448 2598 merear
461 2571 572 2598 salutem
585 2581 589 2597 :
601 2576 626 2598 tu
642 2579 670 2598 es
682 2571 763 2598 virtus
776 2571 868 2598 salulis
883 2578 960 2605 mete,

167 2620 197 2643 tu
211 2624 254 2644 me
265 2616 329 2645 facis
343 2625 523 2652 perseverare,
534 2619 721 2652 ntpcrveniam
735 2618 767 2645 ad
781 2619 905 2647 salutem.
913 2617 964 2645 1)ο-

167 2661 235 2688 mine
246 2682 253 2694 ,
271 2661 378 2689 Domine
389 2684 396 2696 ,
411 2668 487 2689 virtus
502 2664 589 2690 salutis
603 2672 671 2690 metu.
685 2664 717 2690 Et
730 2664 800 2691 unde
812 2671 892 2698 spero
901 2663 962 2699 quia

167 2712 196 2735 tu
209 2715 239 2735 es
247 2709 329 2735 virtus
343 2710 434 2736 salutis
446 2710 697 2737 n1e:c?0bumbrasti
709 2719 783 2746 super
791 2715 867 2745 caput
880 2719 963 2738 meum

166 2755 194 2781 in
207 2755 248 2781 die
260 2755 327 2782 belli.
338 2756 407 2783 Ecce
415 2756 494 2782 modo
509 2756 595 2783 adhuc
607 2763 695 2791 pugno
704 2764 809 2792 :pugno
823 2757 886 2784 foris
898 2764 963 2784 con-

168 2803 208 2827 tra
223 2799 300 2828 fictos
314 2800 399 2828 bonos
411 2821 419 2834 ,
435 2808 523 2836 pugno
537 2801 608 2828 intus
629 2806 721 2829 contra
734 2802 976 2837 concupiscentias

166 2852 256 2878 meas;
267 2847 390 2881 quoniam
404 2847 475 2874 video
489 2847 567 2874 aliam
580 2847 658 2882 legem
672 2848 698 2874 in
713 2849 831 2877 membris
843 2849 914 2882 meis,
923 2857 963 2877 re-

201 2903 209 2919 ⁸
222 2902 306 2930 Plures
317 2907 380 2935 Mss,
392 2904 424 2929 ad
436 2904 636 2936 perseverantiam
645 2911 720 2931 suum.

686 169 882 197 ENARRATIO
902 167 933 195 IN
953 167 1112 195 PSALMUM
1131 167 1273 196 CXXXIX.

1737 171 1807 200 1810

1018 231 1168 260 pugnantem
1182 226 1230 261 legi
1240 226 1327 254 menti:
1340 234 1410 260 num,
1419 232 1443 253 et
1453 228 1578 262 captitum
1591 236 1631 255 me
1643 228 1813 256 linamentiﬂ

1016 272 1069 307 lege
1084 272 1188 305 peccati,
1200 278 1304 307 quarm
1315 273 1342 299 in
1355 272 1471 300 mtnbris
1483 274 1552 300 meis.
1570 272 1649 301 Miser
1661 281 1707 309 ego
1720 274 1807 308 homo,

1011 317 1069 351 quis
1083 324 1122 343 me
1134 316 1246 344 liberabit
1264 317 1296 344 de
1308 326 1415 352 corpore
1421 318 1601 354 mortishujm
1610 319 1623 347 2
1632 318 1726 347 Gratia
1739 319 1805 354 Dei,

1013 371 1058 397 per
1070 363 1158 390 letum
1171 363 1299 391 Christum
1313 364 1448 391 Dominum
1459 368 1572 392 nostrum
1585 365 1675 401 (Rom.
1689 374 1724 394 vu
1737 387 1744 399 ,
1758 366 1809 395 25-

1015 407 1072 443 25).
1088 407 1168 444 igitur
1182 409 1305 436 laborans
1319 409 1344 436 in
1359 409 1409 436 hoc
1423 409 1504 444 bello,
1519 411 1636 445 respexit
1647 410 1681 438 ad
1694 412 1807 447 gratiam

1016 453 1062 480 Dei
1071 461 1078 486 ;
1087 458 1114 480 et
1121 454 1180 488 quia
1192 454 1246 488 jam
1255 459 1372 489 cmperat
1385 459 1499 482 :estnare
1507 459 1671 488 clarescere,
1683 461 1807 492 tanquam

1013 499 1134 526 umbram
1151 499 1260 531 invenit,
1275 500 1328 527 sub
1339 508 1389 535 qua
1405 500 1507 529 viveret
1522 509 1529 527 :
1546 500 1720 529 Obmmbrasti
1732 511 1809 538 super

1014 548 1089 579 caput
1101 552 1184 572 meum
1197 545 1223 572 in
1237 545 1279 573 die
1292 545 1370 579 belli;
1385 545 1411 573 id
1425 550 1476 581 est,
1491 546 1517 574 in
1531 551 1610 582 testu,
1627 555 1661 575 ne
1673 547 1806 583 fatigaret,

1013 597 1047 617 ne
1056 597 1216 617 arescet-em.

1050 637 1095 664 19..
1111 636 1185 673 [υενε.
1202 637 1240 674 9.]
1258 637 1298 665 Ne
1310 639 1397 666 tradas
1410 647 1458 672 me,
1469 638 1586 673 Domine,
1595 639 1742 668 adesiderio
1752 648 1808 668 meo

1013 684 1148 718 peccaturi;
1158 684 1226 711 Ecce
1239 691 1291 719 quo
1301 684 1367 711 mihi
1383 685 1479 713 valebit
1489 685 1671 713 umbraculum
1686 691 1769 719 tuum,
1779 691 1809 714 ut

1013 733 1106 755 a-stum
1120 736 1173 756 non
1188 729 1272 764 patiar
1286 737 1300 756 a
1317 730 1429 763 mcipso.
1440 730 1544 765 thuid
1558 730 1622 758 mihi
1639 731 1808 766 peccatorfa-

1013 779 1086 801 ceret
1099 774 1144 802 ille
1156 795 1163 807 ,
1186 775 1379 810 quantumlibet
1392 775 1518 803 sazviret?
1532 776 1680 804 Szcvierunt
1694 777 1765 804 enim
1780 778 1807 805 in

1013 824 1144 855 martyres
1158 820 1239 855 iniqui
1253 828 1260 853 ;
1277 825 1414 847 traxerunt
1428 828 1475 848 eos
1486 841 1494 853 ,
1517 822 1786 857 catenisJigaverunt
1795 843 1806 855 ,

1012 865 1164 892 carceribus
1179 865 1353 899 incluserunt,
1368 866 1455 900 gladio
1468 866 1597 895 ferieruut
1607 888 1615 901 ,
1635 867 1727 896 bestiis
1740 869 1806 897 sub-

1013 917 1140 938 rexerum
1151 912 1159 927 ι
1174 932 1181 944 ,
1203 912 1308 946 ignibus
1333 918 1556 948 consumpserunt
1570 921 1577 939 :
1594 912 1652 941 haec
1666 914 1754 941 omnia
1766 914 1807 943 fe-

1013 953 1107 984 cerunt
1119 966 1127 990 ;
1142 957 1187 984 sed
1203 966 1254 985 non
1268 966 1314 985 eos
1328 959 1436 986 tradidit
1449 959 1520 987 Deus
1532 959 1716 993 peccatoribus
1728 981 1735 992 ,
1746 961 1808 996 quia

1014 1012 1066 1031 non
1080 1009 1142 1031 sunt
1152 1004 1240 1031 traditi
1256 1012 1270 1031 a
1286 1005 1418 1032 desiderio
1431 1013 1490 1033 suo.
1500 1005 1565 1033 Illud
1579 1014 1643 1042 ergo
1654 1014 1711 1039 ora,
1721 1015 1807 1042 quam

1013 1054 1068 1077 tum
1085 1055 1168 1085 potes,
1180 1056 1208 1078 ut
1222 1059 1236 1079 a
1251 1051 1385 1079 desiderio
1400 1056 1445 1080 tuo
1460 1059 1512 1080 non
1529 1058 1555 1080 te
1568 1053 1656 1081 tradat
1664 1054 1734 1082 Deus
1748 1062 1809 1089 pec-

1013 1096 1107 1123 catori.
1117 1095 1157 1123 Tu
1170 1097 1240 1124 enim
1249 1096 1382 1124 desiderio
1395 1101 1441 1125 tuo
1455 1097 1542 1125 locum
1552 1097 1659 1126 diabolo
1672 1098 1731 1127 das.
1740 1100 1809 1128 Ecce

1014 1142 1085 1170 cnim
1099 1141 1222 1170 diabolus
1233 1143 1371 1177 proposuit
1384 1143 1496 1176 lucrum,
1512 1147 1540 1170 et
1554 1143 1674 1171 invitavit
1688 1144 1721 1171 ad
1734 1144 1807 1172 frau-

1013 1186 1098 1214 dem:
1115 1188 1216 1215 lucrum
1229 1187 1328 1215 habere
1339 1195 1390 1215 non
1406 1192 1491 1222 potes,
1503 1188 1552 1215 nisi
1567 1189 1685 1216 fraudem
1700 1189 1805 1218 feceris.

1013 1233 1067 1262 Sed
1078 1234 1180 1261 lucrum
1191 1242 1252 1261 esca
1258 1239 1311 1266 est,
1322 1234 1393 1261 fraus
1404 1234 1523 1268 laqueus.
1533 1234 1577 1262 Sic
1589 1235 1698 1263 attende
1705 1242 1806 1269 escam,

1014 1285 1046 1308 ut
1052 1280 1142 1308 videas
1149 1285 1177 1308 et
1191 1281 1313 1316 laqueum
1325 1290 1331 1307 :
1341 1281 1401 1316 quia
1415 1280 1517 1308 lucrum
1533 1288 1586 1308 non
1600 1286 1675 1315 potes
1684 1281 1806 1318 adipisci,

1014 1326 1065 1353 nisi
1079 1325 1195 1353 fraudem
1211 1326 1320 1358 feceris;
1329 1325 1449 1354 fraudem
1462 1330 1551 1354 autem
1565 1327 1587 1354 si
1602 1325 1706 1360 feceris,
1715 1328 1806 1362 capie-

1013 1372 1060 1399 ris.
1077 1371 1134 1399 Non
1148 1372 1210 1400 ideo
1222 1371 1293 1404 dico,
1305 1373 1428 1407 capieris,
1441 1373 1503 1407 quia
1517 1372 1660 1401 invenieris
1670 1381 1676 1400 :
1686 1373 1807 1408 aliquan-

1013 1417 1049 1445 do
1060 1418 1131 1445 enim
1145 1426 1198 1445 non
1213 1418 1366 1451 invenieris,
1375 1417 1468 1447 sediab
1481 1418 1646 1452 hominibus;
1655 1419 1781 1455 numquid
1791 1427 1807 1447 ι

1014 1465 1105 1492 Deo”?
1115 1464 1246 1499 Capieris,
1257 1469 1285 1492 et
1297 1465 1421 1495 traheris.
1435 1469 1461 1493 et
1474 1464 1613 1493 occideris.
1629 1465 1722 1493 Omnis
1735 1465 1807 1493 enim

1014 1510 1058 1545 qui
1075 1510 1135 1538 talia
1151 1510 1223 1544 facit,
1239 1510 1346 1545 perimit
1359 1510 1486 1545 seipsum.
1502 1510 1539 1537 lbi
1554 1514 1597 1538 est
1610 1518 1674 1545 ergo
1687 1518 1759 1542 esea,
1770 1510 1808 1538 ibi

1013 1561 1096 1584 ost-et
1107 1556 1234 1591 laqueus;
1252 1555 1325 1583 frena
1339 1555 1511 1589 desiderium,
1525 1560 1553 1584 et
1567 1563 1620 1583 non
1633 1555 1713 1583 cades
1726 1556 1751 1582 in
1767 1555 1807 1582 la-

1013 1608 1111 1636 queum
1128 1609 1134 1628 :
1151 1601 1174 1629 si
1195 1606 1284 1628 autem
1299 1601 1392 1629 vicerit
1407 1606 1433 1628 te
1446 1600 1609 1629 desiderium
1624 1608 1693 1629 esca:
1704 1622 1710 1633 ,
1728 1601 1808 1628 mittit

1014 1647 1061 1674 tibi
1075 1647 1171 1674 collum
1186 1648 1211 1674 in
1221 1647 1355 1682 laqueum,
1365 1647 1485 1681 etcapiet
1500 1651 1526 1674 te
1535 1653 1634 1681 auceps
1647 1647 1805 1674 animarum.

1015 1692 1057 1720 Ne
1070 1692 1156 1719 tradas
1169 1700 1207 1719 me
1217 1701 1232 1719 a
1243 1692 1365 1720 desiderio
1375 1700 1429 1719 meo
1442 1692 1577 1728 peccatori.
1591 1692 1656 1720 Inde
1669 1692 1807 1720 inumbra-

1013 1743 1058 1766 tur
1069 1738 1095 1766 in
1110 1737 1154 1766 die
1165 1737 1237 1765 belli.
1252 1737 1415 1765 Desiderium
1430 1738 1501 1766 enim
1515 1742 1597 1766 aestus
1610 1738 1686 1772 facit;
1698 1738 1807 1765 umbra-

1014 1785 1103 1812 culum
1116 1789 1205 1813 autem
1218 1784 1322 1812 Domini
1341 1789 1470 1820 temperat
1483 1784 1643 1813 desiderium
1655 1805 1662 1817 ,
1678 1790 1706 1813 ut
1719 1785 1806 1820 possi-

1014 1837 1073 1858 mus
1094 1829 1232 1858 refrenare
1242 1838 1295 1865 quo
1309 1829 1495 1865 rapiebamur,
1510 1835 1539 1858 ut
1558 1838 1610 1858 non
1625 1830 1660 1858 ita
1673 1835 1807 1858 exaestue~

1013 1883 1073 1903 mus
1084 1897 1092 1909 ,
1106 1880 1136 1903 ut
1147 1875 1181 1904 ad
1193 1876 1314 1911 laqueum
1326 1876 1513 1912 perducamur.
1529 1876 1704 1911 Cogitaverunt
1715 1877 1807 1904 adver-

1013 1930 1069 1949 sum
1083 1929 1148 1955 me-;-
1156 1929 1187 1949 ne
1199 1921 1356 1957 derelinquas
1368 1930 1408 1948 me
1419 1942 1426 1955 ,
1441 1930 1472 1949 ne
1482 1924 1547 1957 forte
1558 1922 1706 1950 mltentur.
1720 1922 1808 1950 Habes

1013 1967 1066 1995 alio
1087 1967 1147 1995 loco
1163 1975 1170 1994 :
1189 1968 1239 2001 Qui
1252 1975 1291 1994 me
1304 1972 1419 2003 premunt
1432 1968 1590 1995 exsultabant
1609 1968 1631 1994 si
1644 1972 1724 1994 motus
1735 1968 1807 2002 [uera

1014 2012 1099 2048 (Prol.
1116 2020 1162 2044 xu,
1178 2012 1215 2048 5).
1233 2012 1310 2040 Tales
1324 2017 1387 2040 sunt
1398 2017 1425 2040 et
1440 2013 1493 2046 isti,
1506 2013 1566 2048 quia
1580 2013 1640 2040 talis
1655 2017 1695 2040 est
1709 2017 1737 2040 et
1750 2013 1808 2048 ipse

1013 2057 1145 2087 diabolus.
1160 2057 1272 2092 Quando
1284 2058 1419 2086 seduxerit
1433 2059 1578 2091 hominem,
1593 2058 1699 2094 gaudet,
1714 2058 1808 2086 trium-

1013 2103 1078 2140 phat
1091 2104 1125 2132 de
1138 2104 1182 2131 illo
1195 2113 1203 2137 ;
1219 2104 1350 2131 exaltatur
1362 2104 1419 2139 ipse
1431 2124 1438 2137 ,
1454 2104 1515 2139 quia
1530 2104 1573 2131 ille
1588 2104 1739 2131 humiliatus
1754 2108 1806 2132 est.

1013 2150 1101 2184 Quare
1115 2155 1204 2178 autem
1219 2150 1264 2178 ille
1276 2150 1430 2178 humiliatus
1437 2155 1482 2178 est
1493 2151 1506 2176 ?
1516 2150 1583 2183 Quia
1597 2151 1665 2178 male
1677 2151 1809 2179 exaltatus

1014 2195 1063 2224 fuit
1075 2205 1081 2223 :
1094 2200 1122 2224 et
1136 2196 1181 2224 ille
1192 2197 1237 2231 qui
1251 2196 1284 2224 de
1300 2197 1345 2223 illo
1358 2196 1511 2232 triumphat,
1524 2195 1714 2224 humiliabitur.
1729 2196 1809 2224 Tales

1013 2247 1077 2270 sunt
1097 2242 1168 2270 enim
1191 2250 1286 2270 omnes
1308 2242 1355 2277 qni
1373 2241 1546 2277 gaudentde
1568 2241 1658 2275 malo;
1684 2241 1810 2270 videntur

1014 2289 1064 2316 sibi
1087 2289 1119 2316 ad
1141 2294 1248 2324 tempus
1266 2288 1394 2323 gloriari,
1418 2288 1576 2323 superbire,
1597 2289 1730 2317 cervicem
1753 2289 1809 2317 eri-

1012 2341 1087 2369 gere.
1109 2334 1168 2361 Non
1193 2341 1241 2361 vos
1261 2333 1376 2361 delectet
1397 2333 1525 2361 exaltatio
1544 2334 1555 2350 ³
1578 2341 1690 2367 eorum;
1715 2341 1806 2362 escam

1015 2379 1114 2407 habent
1127 2380 1154 2407 in
1173 2380 1293 2407 faucibus
1307 2384 1334 2407 et
1348 2379 1456 2407 hamum
1474 2388 1481 2407 :
1499 2380 1534 2407 ibi
1546 2384 1596 2407 'est
1609 2387 1662 2415 quo
1674 2379 1811 2408 delectanc

1015 2429 1067 2457 tur,
1079 2425 1114 2452 ibi
1127 2430 1169 2452 est
1181 2433 1234 2460 quo
1248 2425 1398 2452 trahuntur.
1416 2425 1461 2453 Ne
1471 2425 1629 2460 derelian
1642 2434 1690 2459 me,
1701 2433 1733 2452 ne
1745 2427 1812 2461 forte

1014 2471 1155 2499 cxaltentur
1169 2479 1177 2498 :
1196 2471 1221 2498 id
1235 2474 1286 2505 est,
1298 2479 1351 2498 non
1363 2471 1396 2498 de
1410 2479 1454 2499 me
1469 2471 1641 2506 triumphent,
1652 2479 1705 2499 non
1718 2471 1752 2499 de
1766 2479 1811 2500 me

1014 2515 1156 2551 gaudeant.

1051 2562 1096 2588 l3.
1113 2561 1187 2597 [νει-ι.
1205 2561 1261 2598 10.]
1274 2562 1358 2598 Caput
1367 2562 1486 2590 circuitu:
1499 2569 1595 2594 eorum,
1604 2561 1675 2589 labor
1687 2561 1811 2589 labiorum

1015 2607 1127 2642 ipsorum
1141 2612 1274 2643 tegetem.
1289 2607 1330 2635 Me
1341 2628 1349 2641 ,
1363 2607 1448 2643 inquit
1459 2627 1466 2640 ,
1482 2607 1575 2634 umbra
1588 2607 1690 2634 alarum
1704 2611 1809 2635 tuarum

1016 2657 1087 2688 teget
1102 2661 1110 2680 :
1126 2653 1290 2681 obumbrasti
1302 2654 1372 2681 enim
1386 2654 1451 2681 mihi
1466 2653 1493 2681 in
1513 2653 1556 2681 die
1569 2653 1643 2682 belli.
1659 2654 1732 2689 Ipsos
1745 2653 1810 2689 quid

1015 2699 1107 2734 teget?
1117 2699 1202 2735 Caput
1214 2700 1332 2727 circuitus
1344 2707 1430 2726 eorum
1445 2708 1454 2727 :
1470 2700 1526 2735 ipsa
1541 2704 1583 2728 est
1595 2700 1728 2735 superbia.
1739 2700 1810 2734 Qtltt‘l

1015 2750 1075 2779 est,
1089 2746 1207 2774 circuitus
1216 2746 1352 2781 ipsorum?
1367 2745 1402 2774 Ut
1413 2746 1595 2782 circumeant,
1610 2750 1639 2775 et
1650 2753 1703 2774 non
1717 2750 1809 2781 stent;

1048 2813 1057 2830 ί
1069 2815 1107 2843 Er.
1119 2812 1192 2844 Lugd.
1205 2816 1300 2844 vemet
1309 2816 1364 2838 Lov.
1377 2812 1533 2844 subjecertmt
1548 2816 1576 2838 Μ.

1046 2845 1057 2860 ’
1069 2845 1106 2876 sic
1117 2843 1170 2868 Mss.
1184 2847 1211 2869 At
1229 2843 1296 2874 add,
1311 2844 1353 2869 sed
1367 2843 1398 2868 ab
1413 2843 1556 2876 bonum,
1567 2850 1583 2869 a
1604 2848 1653 2870 Deo
1671 2846 1750 2869 mitem
1769 2849 1810 2869 ca-

1015 2878 1159 2931 Ριῖἳῖιιθῇ
1163 2905 1246 2938 plures
1257 2909 1321 2939 tua,
1333 2904 1469 2932 exsultatio.
