4080 6510
488 341 621 399 1811

486 459 541 521 ln
564 472 751 530 gyrum
780 463 901 510 cant
931 451 1147 514 erroris,
1170 448 1255 503 ubi
1283 448 1383 507 iter
1405 453 1489 501 est
1514 443 1630 498 sine
1657 441 1778 498 line.
1800 439 1899 509 Qui
1921 439 2063 493 enim

486 552 541 610 in
572 552 785 621 longum
814 549 873 613 it,
896 543 1138 600 alicunde
1162 540 1364 609 incipit,
1388 536 1580 592 alicubi
1610 533 1722 589 linit
1745 549 1758 586 :
1783 532 1869 601 qui
1896 531 1951 593 in
1969 545 2068 601 gy-
2110 606 2113 615 ’

486 658 605 711 rum
633 642 673 698 Et
695 683 712 708 ,
742 653 1000 709 nusquam
1032 634 1163 690 linit.
1194 633 1311 705 Ipse
1339 639 1421 685 est
1443 628 1597 683 labor
1619 624 1900 695 impiorum
1927 661 1943 688 ,
1975 621 2065 690 qui

486 704 881 790 demonstratur
922 731 974 784 in
1003 728 1108 782 alio
1139 726 1341 795 psalmo
1385 720 1682 779 evidentius
1714 735 1729 773 :
1758 716 1828 771 In
1854 715 2065 770 circuitu

2120 804 2123 813 ’
2170 810 2250 880 pit
2272 824 2393 866 esse
2413 809 2573 869 etiam
2604 809 2718 879 ipse
2753 809 2912 863 carbo
2943 807 3171 878 ﬂagrans
3201 822 3217 860 :
3248 805 3421 876 qualis
3449 804 3611 859 carbo
3634 810 3760 858 erat

485 829 629 896 impii
657 824 914 880 ambulant
941 821 1107 894 (Psal.
1139 835 1189 873 χι
1214 857 1229 883 ,
1259 816 1336 889 9).
1364 814 1471 872 Sed
1494 812 1747 869 circuitus
1769 822 1955 865 eorum
1977 820 2065 863 ea-

486 932 578 988 put
602 960 617 983 ,
646 916 892 986 superbia
921 921 1003 968 est
1027 928 1042 977 ;
1071 910 1192 982 quia
1219 909 1427 963 initium
1448 905 1627 960 omnis
1651 901 1851 973 peccati
1881 912 2067 968 super-

485 1010 569 1065 bia
596 1006 784 1077 (Eccli.
815 1023 847 1061 x
870 1048 885 1072 ,
918 1006 1028 1072 15).
1060 1002 1213 1060 Unde
1252 1007 1427 1054 autem
1454 994 1700 1068 superbia
1730 991 1873 1046 labor
1900 988 2065 1055 labio-

484 1116 598 1154 rum
623 1099 848 1168 ipsorum
869 1096 895 1150 ?
921 1093 1106 1150 Omnis
1133 1092 1274 1148 enim
1299 1088 1558 1160 superbus
1585 1086 1737 1141 ﬁctus
1759 1092 1861 1149 est,
1891 1080 2066 1149 omnis

486 1192 641 1244 lictns
666 1188 911 1244 mendax.
939 1186 1205 1254 Laborant
1239 1182 1483 1237 homines
1506 1178 1649 1249 loqui
1678 1176 2015 1236 mendacium
2045 1191 2059 1229 :

484 1297 606 1335 nam
638 1278 912 1335 veritatem
956 1286 1066 1332 tota
1094 1276 1346 1332 facilitate
1375 1274 1739 1343 loquerentur.
1786 1269 1875 1324 lllc
1918 1266 2061 1323 enim

486 1372 692 1431 laborat
720 1372 808 1442 qui
836 1370 983 1440 lingit
1008 1368 1147 1440 quod
1173 1367 1319 1423 dicit.
1345 1365 1476 1421 Nam
1514 1364 1606 1435 qui
1632 1377 1813 1417 verum
1839 1360 1949 1415 vult
1976 1358 2061 1419 di-

484 1478 607 1521 cere
628 1503 644 1527 ,
672 1477 777 1519 non
821 1460 1025 1517 laborat
1056 1478 1068 1514 :
1102 1460 1213 1529 ipsa
1239 1459 1379 1514 enim
1407 1456 1602 1512 veritas
1626 1454 1742 1513 sine
1770 1452 1952 1508 labore
1978 1450 2061 1507 lo-

483 1554 682 1626 quitur.
730 1554 804 1609 De
828 1551 1043 1607 homine
1068 1566 1194 1621 ergo
1220 1550 1321 1605 hoc
1345 1536 1477 1611 dixit
1512 1548 1623 1603 Deo
1655 1562 1670 1600 :
1702 1544 1786 1604 Me
1823 1551 2063 1614 proteget

483 1645 848 1712 umbraculum
880 1655 1056 1710 tuum;
1086 1643 1229 1714 ipsos
1257 1650 1396 1712 teget
1420 1638 1751 1696 mendacium
1779 1638 2057 1708 ipsorum:

481 1738 575 1792 sed
604 1738 774 1807 ipsum
804 1736 1137 1792 mendacium
1182 1734 1416 1804 ipsorum
1443 1774 1458 1799 ,
1490 1732 1640 1792 labor
1678 1738 1763 1786 est
1800 1730 2060 1793 labiorutn

482 1829 739 1898 ipsorum.
768 1828 898 1897 Ecce
924 1827 1187 1898 parturivit
1210 1826 1529 1895 injustitiam,
1558 1824 1783 1894 concepit
1811 1822 2056 1885 dolorem,

480 1928 529 1972 et
557 1919 747 1991 peperit
786 1919 1095 1989 iniquitatem
1125 1915 1297 1986 (Psal.
1328 1931 1440 1981 vn,
1473 1913 1586 1983 15).
1627 1912 1686 1968 lu
1728 1913 1873 1969 omni
1914 1911 2057 1966 enim

480 2024 645 2080 opere
670 2009 808 2069 malo
835 2009 982 2064 labor
998 2016 1099 2072 ρει,
1119 2018 1170 2063 et
1195 2021 1353 2061 omne
1369 2020 1503 2074 opus
1527 2003 1723 2073 malum
1748 2003 2055 2074 cogitatum,

480 2101 813 2161 mendacium
838 2101 1027 2161 ducem
1061 2100 1236 2163 habet.
1268 2098 1380 2155 Non
1411 2097 1553 2159 enim
1579 2106 1660 2152 est
1688 2097 1883 2153 veritas
1905 2136 1922 2160 .
1955 2095 2058 2151 nisi

480 2191 533 2245 in
562 2206 722 2260 onere
753 2192 911 2247 bono.
941 2192 1007 2246 Et
1034 2199 1311 2261 propterea
1337 2191 1458 2261 quia
1485 2203 1672 2247 omnes
1715 2188 1963 2249 laborant
2001 2188 2056 2243 in

477 2284 777 2353 mendacio,
812 2285 1017 2342 Veritas
1042 2286 1166 2356 quid
1197 2286 1486 2351 clamavit?
1520 2284 1693 2340 Venite
1719 2285 1787 2339 ad
1814 2302 1914 2352 me,
1943 2302 2056 2340 om-

477 2390 565 2433 nes
605 2375 691 2441 qui
733 2374 969 2430 laboratis
1013 2383 1060 2430 et
1108 2377 1299 2431 onerati
1323 2377 1440 2441 estis
1462 2416 1479 2442 ,
1510 2384 1557 2430 et
1584 2392 1676 2447 ego
1716 2376 1943 2446 reﬁciam
1971 2391 2058 2437 vos

477 2464 689 2533 (Matth.
736 2484 787 2520 xi
814 2508 828 2533 ,
858 2467 975 2538 28).
1022 2468 1137 2538 Ipsa
1166 2478 1248 2528 est
1272 2484 1373 2528 vox
1399 2469 1634 2523 clamans
1657 2466 1726 2523 ad
1755 2468 2056 2524 laborantes

474 2556 530 2621 in
560 2558 665 2613 alio
692 2560 894 2628 psalmo
927 2577 939 2613 :
973 2559 1097 2614 Filii
1139 2560 1395 2615 [coruinum
1418 2575 1671 2630 usquequo
1696 2560 1837 2631 gravi
1865 2559 2058 2625 corde?

476 2649 654 2719 utquid
682 2650 890 2722 diligitis
916 2652 1199 2719 vanitatem,
1225 2660 1272 2705 et
1294 2651 1517 2722 qum-itis
1540 2650 1855 2705 mendacium
1882 2647 2053 2721 (Psal.

477 2756 531 2796 tv
553 2782 568 2806 ,
598 2740 669 2813 5)
693 2742 716 2795 ?
744 2747 940 2812 Aperte
964 2743 1085 2797 audi
1114 2744 1219 2799 alio
1246 2742 1362 2799 loco
1388 2742 1622 2798 laborem
1650 2742 1703 2797 in
1732 2741 2009 2797 mendacio
2038 2759 2055 2797 :

476 2831 768 2887 Doctternnt
798 2834 995 2904 linguas
1010 2850 1129 2896 suos
1153 2833 1288 2903 loqui
1312 2833 1659 2897 mendacium;
1676 2842 1729 2887 ut
1751 2832 1919 2901 inique
1942 2847 2059 2902 age-

476 2933 586 2981 rent
614 2924 960 2981 laboraverunt
990 2924 1199 2996 (letam.
1226 2940 1299 2993 ts,
1320 2925 1399 2986 5).
1416 2924 1580 2997 Caput
1602 2925 1839 2988 circuitus
1861 2940 2055 2995 conon,

476 3015 619 3083 labor
638 3016 888 3071 labiorum
906 3018 1131 3087 ipsorum
1151 3027 1277 3088 teget
1296 3033 1401 3075 eos.
2008 3066 2025 3082 .

549 3108 637 3164 14.
669 3104 820 3179 [vers.
854 3108 965 3180 11.]
995 3107 1237 3167 Decident
1275 3126 1431 3181 supra
1456 3125 1542 3165 eos
1567 3111 1805 3167 carbones
1828 3110 1965 3183 ignis
2005 3112 2058 3166 in

478 3204 612 3254 terra
634 3238 651 3269 ,
679 3205 724 3265 et
752 3196 953 3269 dejicies
978 3215 1080 3253 eos.
1107 3198 1240 3265 Quid
1270 3207 1352 3255 est
1374 3239 1389 3265 ,
1416 3199 1471 3253 in
1511 3208 1646 3254 terra
1664 3200 1690 3254 2
1718 3200 1813 3259 llic
1836 3241 1853 3267 ,
1885 3201 2059 3258 adhuc

476 3285 531 3340 in
558 3284 657 3341 hac
681 3287 790 3352 vita
813 3304 826 3353 ;
861 3289 948 3344 hic
968 3305 1124 3360 supra
1151 3290 1267 3345 illas
1294 3289 1522 3353 derident
1548 3290 1785 3345 carbones
1813 3292 1944 3362 ignis
1968 3333 1984 3357 ,
2013 3299 2059 3346 et

476 3378 680 3449 dejicies
695 3394 795 3432 eos.
814 3378 912 3446 Qui
938 3389 1059 3434 sunt
1074 3381 1311 3436 carbones
1333 3381 1500 3452 ignis?
1513 3380 1767 3437 Novimus
1795 3381 1924 3437 istos
1938 3397 2059 3437 car-

474 3468 661 3529 bones.
692 3470 771 3523 An
798 3470 885 3527 alii
930 3481 1053 3527 sunt
1083 3472 1166 3527 isti
1191 3512 1207 3538 ,
1237 3482 1293 3529 et
1315 3472 1405 3528 alii
1433 3472 1512 3529 illi
1556 3474 1622 3529 de
1648 3474 1839 3546 quibus
1866 3474 2062 3531 dicturi

474 3564 702 3626 sumus?
732 3562 864 3630 istos
888 3564 1038 3633 enim
1056 3564 1211 3637 video
1234 3564 1301 3621 ad
1328 3580 1540 3635 poenam
1566 3566 1741 3627 valere
1764 3582 1780 3633 ;
1814 3566 1935 3622 illos
1959 3581 2058 3622 au-

477 3660 584 3707 tem
612 3668 745 3729 quos
769 3662 1283 3723 commemoraturus
1307 3671 1450 3724 sum,
1478 3656 1545 3712 ad
1571 3657 1820 3713 salutem.
1850 3659 2057 3715 Dictum

474 3750 560 3798 est
583 3743 724 3797 enim
751 3742 821 3803 de
842 3744 1154 3822 quibusdam
1183 3746 1504 3812 carbonibus
1526 3788 1542 3813 ,
1570 3762 1691 3803 cum
1716 3747 1877 3804 homo
1907 3758 2057 3819 pete-

475 3845 559 3892 ret
582 3835 861 3891 adversum
887 3837 1117 3909 linguam
1142 3838 1415 3895 subdolam
1441 3839 1731 3895 auxilium:
1756 3839 1893 3906 Quid
1914 3840 2063 3903 detur

478 3926 584 3990 tibi,
616 3936 703 3989 aut
724 3926 844 3997 quid
872 3927 1141 3997 adjiciatur
1167 3929 1253 3983 tibi
1278 3928 1353 3984 ad.
1370 3928 1596 4001 linguam
1617 3928 1881 3988 subdolam
1899 3932 1925 3986 ?
1953 3930 2062 3985 Sa-

478 4016 618 4087 gitta
644 4017 859 4085 potentis
880 4029 1049 4075 acutte
1066 4060 1080 4085 ,
1111 4035 1227 4074 cum
1260 4002 1553 4076 carbonibus
1578 4023 1860 4083 vastatoriis
1885 4021 2058 4094 (Psal.

476 4122 599 4165 cxtx
624 4148 639 4172 ,
671 4109 706 4163 5
728 4151 743 4176 ,
774 4107 829 4181 4)
863 4127 878 4168 :
909 4110 960 4165 id
984 4119 1106 4179 est,
1138 4112 1299 4168 verba
1324 4113 1417 4170 Dei
1445 4128 1538 4170 cor
1578 4114 1939 4185 transﬁgentia
1964 4155 1980 4183 ,
2007 4124 2063 4172 et

481 4210 798 4265 vetustatem
851 4204 1165 4272 perimentia
1189 4244 1203 4268 ,
1255 4219 1598 4276 amoremque
1646 4205 1953 4277 gignentia;
2009 4214 2066 4263 et

480 4292 722 4362 exempla
750 4292 1022 4361 hominum
1046 4296 1138 4367 qui
1162 4298 1355 4352 mortui
1380 4306 1529 4353 erant
1553 4306 1610 4354 et
1633 4299 1981 4367 revixerunt,
2011 4308 2067 4356 et

482 4382 617 4454 nigri
662 4394 846 4451 erant,
874 4394 932 4440 et
957 4384 1215 4456 fulgentes
1242 4386 1414 4443 ell‘ecti
1439 4396 1583 4445 sunt.
1631 4389 1903 4457 Carbones
1922 4391 2065 4447 enim

484 4472 721 4529 tenebrae
762 4481 923 4542 sunt;
955 4475 1104 4539 calor
1128 4476 1343 4537 indicat.
1370 4476 1475 4539 Sed
1501 4494 1624 4535 eum
1651 4480 1717 4535 ad
1747 4496 1842 4536 eos
1882 4496 2068 4551 acces-

488 4564 618 4616 serit
643 4562 855 4634 llaimma
879 4566 1172 4632 charitatis,
1202 4576 1258 4623 et
1284 4584 1350 4638 ex
1377 4570 1602 4625 mortuis
1628 4570 1938 4635 revixerint,
1970 4587 2069 4635 aur,

491 4650 641 4706 diant
681 4653 749 4707 ab
774 4655 1031 4724 Apostolo
1062 4673 1077 4710 :
1110 4656 1305 4724 Fuistis
1339 4659 1472 4715 enim
1509 4659 1781 4725 aliquando
1818 4660 2030 4716 tenebrtz
2050 4702 2066 4729 ,

492 4760 625 4798 nunc
650 4755 817 4808 autem
836 4747 927 4817 lus;
947 4749 1001 4817 in
1028 4748 1242 4811 Domino
1270 4749 1483 4822 (Ephes.
1506 4751 1662 4822 v.8).
1683 4751 1787 4820 Ipsi
1812 4760 1937 4807 sunt
1955 4767 2073 4809 car-

490 4838 679 4907 bones,
713 4840 927 4917 fratres;
956 4858 1090 4913 quos
1118 4845 1407 4910 intuemur,
1438 4844 1650 4915 quando
1677 4846 1922 4906 volumus
1948 4861 2071 4901 mu-

489 4942 603 4987 tare
631 4933 789 4987 vitam
821 4935 1059 4991 transfixi
1088 4936 1274 5005 sagitta
1304 4935 1418 5002 Dei,
1436 4945 1492 4992 et
1517 4936 1811 5007 impediunt
1834 4952 1932 4993 nos
1961 4952 2073 4992 ma-

486 5024 554 5079 lie
578 5024 769 5097 lingua:
799 5027 1071 5083 hominum
1098 5069 1114 5096 ,
1144 5029 1214 5085 de
1237 5029 1484 5100 qualibus
1510 5029 1598 5089 hic
1621 5030 1781 5093 modo
1803 5031 2069 5101 quereba-

486 5125 610 5184 tur;
640 5128 694 5175 et
719 5119 902 5187 volunt
926 5120 1182 5177 seducere
1204 5137 1241 5177 a
1268 5122 1353 5177 via
1374 5122 1618 5181 veritatis
1640 5164 1656 5187 ,
1682 5123 1961 5193 potiusque
1985 5123 2071 5179 in.

485 5212 684 5268 ducore
707 5212 774 5268 ad
815 5228 1026 5270 errores
1051 5228 1179 5281 suos
1201 5254 1219 5280 ,
1258 5223 1315 5271 et
1340 5214 1519 5271 dicere
1544 5215 1700 5271 nobis
1725 5216 1847 5286 quia
1871 5215 1915 5275 si
1943 5231 2069 5285 pro-

484 5301 610 5358 fessi
641 5301 898 5359 fuerimus
922 5344 938 5371 ,
968 5318 1073 5358 non
1102 5304 1460 5375 implebimus.
1499 5304 1837 5361 Attendimus
1877 5304 2070 5365 carbo-

486 5409 583 5450 nes
610 5394 753 5451 illos.
780 5393 884 5463 Qui
923 5403 1039 5450 erat
1065 5394 1182 5467 beri
1210 5395 1453 5453 ebriosus
1476 5438 1495 5472 ,ι
1525 5394 1686 5465 hodie
1712 5395 1921 5451 sobrius
1946 5404 2065 5469 est;

480 5488 572 5557 qui
598 5494 715 5542 erat
738 5486 857 5542 beri
881 5486 1092 5543 adulter
1113 5528 1129 5553 ,
1159 5486 1317 5553 hodie
1341 5497 1521 5543 castus
1549 5495 1670 5552 est;
1697 5486 1787 5556 qui
1811 5495 1927 5542 erat
1951 5485 2068 5542 heri

484 5584 688 5646 raptor,
708 5575 867 5632 hodie
891 5576 1109 5647 largitor
1128 5594 1142 5630 :
1162 5591 1348 5632 omnes
1372 5576 1457 5631 isti
1481 5576 1740 5631 carbones
1766 5575 1901 5647 ignis
1922 5584 2065 5630 sunt.

482 5671 761 5728 Accedunt
792 5674 1036 5743 exempla
1079 5672 1369 5732 carbonum
1416 5671 1481 5726 ad
1518 5670 1709 5727 vulnus
1754 5669 2065 5740 sagittarum

482 5763 618 5836 (non
645 5763 785 5833 enim
833 5765 1050 5823 timeam
1091 5766 1269 5822 dicere
1310 5764 1496 5821 vulnus
1520 5804 1535 5833 ,
1567 5779 1688 5822 cum
1731 5763 1924 5819 clamet
1950 5762 2063 5834 ipsa

1720 324 1774 383 ὃ.
1816 316 2176 378 AUGUSTINI
2219 317 2514 385 EPISCOPI

3618 319 3758 377 1812

2174 455 2368 509 sponsa
2402 459 2415 498 :
2461 440 2732 496 Vulnerata
2760 441 3005 495 charitate
3023 455 3117 511 ego
3142 455 3250 495 sum
3282 434 3446 511 [Cant.
3478 452 3535 504 ιι,
3569 436 3624 496 5.
3652 452 3756 489 sec.

2172 534 2384 606 LXXD,
2404 547 2457 591 et
2480 535 2537 589 ﬁt
2562 535 2631 592 ibi
2661 534 2885 588 vastatio
2911 533 3044 597 leni;
3075 540 3290 601 promer
3316 530 3457 601 quod
3486 539 3541 584 et
3559 529 3757 583 dicun—

2110 624 2114 631 ’
2172 634 2260 682 tur
2284 628 2542 681 carbones
2583 625 2873 680 vastatorii.
2904 622 3153 679 Vastatur
3181 623 3360 677 fenum
3384 662 3399 686 ,
3430 620 3523 675 sed
3558 634 3758 690 purga-

2174 726 2259 773 tur
2279 732 2466 772 aurum
2494 735 2508 782 ;
2537 727 2591 772 et
2614 723 2783 772 mutat
2824 715 2985 772 homo
3011 730 3073 769 ex
3106 723 3277 769 morte
3302 713 3464 769 vitam
3490 753 3506 779 ,
3534 720 3589 767 et
3617 711 3758 765 inci-

2171 900 2478 970 Apostolus,
2506 900 2593 969 qui
2623 898 2769 970 prius
2793 898 2891 953 fuit
2921 905 3230 968 persecutor
3256 893 3671 962 etblaSphemus
3698 899 3760 947 et

2169 992 2454 1061 iniuriosus
2477 1033 2493 1058 ,
2533 993 2682 1061 niger
2708 1001 2760 1046 et
2800 990 3130 1054 exstinctus;
3159 986 3577 1042 misericordiam
3621 999 3759 1039 vero

2167 1093 2486 1146 consecutus
2516 1085 2563 1154 (l
2592 1084 2721 1140 Tim.
2749 1100 2787 1150 ι,
2822 1083 2935 1153 15).
2963 1096 3220 1137 accensus
3243 1088 3326 1135 est
3350 1080 3418 1135 de
3445 1079 3585 1134 coelo
3608 1096 3621 1133 :
3647 1092 3753 1133 vox

2158 1178 2365 1235 Christi
2389 1180 2631 1235 accendit
2656 1179 2832 1241 illum;
2853 1178 3006 1247 periit
3034 1177 3084 1230 in
3107 1190 3172 1232 eo
3201 1183 3309 1230 tota
3334 1172 3619 1244 nigritudo,
3636 1186 3755 1229 cut-.-

2168 1271 2246 1341 pit
2271 1271 2479 1331 fervens
2506 1272 2692 1341 spiritu
2720 1286 2826 1340 quo
2851 1268 3260 1333 accendebatur,
3291 1264 3604 1321 accendere.
3636 1265 3751 1320 Ta-

2168 1362 2247 1419 les
2276 1379 2400 1434 ergo
2427 1372 2480 1419 et
2508 1363 2591 1417 hic
2623 1362 2936 1418 intellecturi
2966 1375 3149 1417 sumus
3175 1357 3436 1415 carbones
3466 1356 3625 1426 ignis,
3655 1356 3754 1425 qui

2166 1454 2362 1511 cadunt
2400 1470 2561 1525 super
2590 1456 2720 1509 istos
2762 1454 2931 1508 malos
2952 1494 2968 1523 ,
2997 1460 3052 1507 et
3090 1450 3343 1521 dejiciunt
3388 1450 3550 1505 illos?
3579 1449 3753 1504 Plane

2166 1563 2271 1603 non
2299 1547 2642 1618 prohibemur
2668 1547 2808 1601 hunc
2838 1545 3035 1601 habere
3059 1543 3411 1599 intellectum.
3454 1539 3626 1596 Video
3659 1540 3747 1595 hic

2164 1639 2320 1693 nobis
2341 1639 2642 1696 elucescere
2668 1653 2771 1692 non
2798 1634 3199 1706 improbabilem
3226 1640 3281 1688 et
3304 1630 3748 1701 irreprehensibi-

2163 1728 2268 1785 lem
2297 1728 2613 1785 sententiam
2640 1745 2654 1784 :
2679 1727 2912 1798 intelligo
2937 1726 3055 1781 illos
3080 1724 3340 1782 carbones
3364 1721 3558 1778 cadere
3583 1736 3753 1790 super.

2162 1821 2297 1883 istos
2318 1864 2333 1888 ,
2381 1830 2437 1875 ut
2462 1820 2796 1891 dejiciantur.
2844 1819 2905 1883 In
2929 1817 3063 1873 alios
3091 1817 3241 1882 enim
3263 1814 3519 1879 veniunt,
3566 1822 3626 1867 ιιι
3651 1828 3744 1867 ac-

2162 1914 2493 1979 cendantur;
2525 1914 2578 1969 in
2603 1914 2737 1967 alios
2761 1953 2775 1977 ,
2802 1921 2860 1966 ut
2881 1910 3197 1980 dejiciantur
3229 1926 3242 1963 :
3275 1909 3388 1978 ipse
3413 1908 3554 1962 enim
3580 1906 3748 1963 carbo

2161 2005 2391 2077 dicebat,
2412 2003 2725 2073 Quibusdam
2748 2019 2920 2058 sumus
2949 2001 3075 2055 odor
3102 2000 3276 2054 mortis
3302 1999 3353 2052 in
3378 2006 3610 2063 mortem,
3631 1996 3746 2066 qui-

2162 2097 2372 2159 busdam
2397 2113 2570 2152 sumus
2594 2096 2721 2163 odor
2746 2096 2861 2149 vita:
2885 2096 2937 2149 in
2962 2094 3114 2148 vitam
3157 2090 3221 2163 (ll
3246 2091 3365 2148 Cor.
3393 2106 3429 2146 tt
3454 2131 3471 2157 ,
3501 2088 3614 2160 16).
3646 2086 3744 2149 Ἦ·

2160 2188 2289 2247 deut
2312 2188 2453 2247 enim
2479 2188 2652 2259 justos
2680 2187 3015 2246 ﬂammantes
3043 2185 3252 2255 spiritu,
3284 2182 3574 2239 candentes
3603 2179 3743 2243 luce,

2122 2337 2138 2359 .
2158 2289 2215 2334 et
2254 2279 2334 2335 eis
2359 2278 2642 2335 invidendo
2669 2277 2907 2344 cadunt;
2940 2276 3041 2331 hoc
3075 2283 3157 2331 est
3193 2272 3335 2345 quod
3361 2270 3744 2342 supervenient

2160 2371 2265 2427 illis
2289 2371 2548 2428 carbones
2578 2370 2714 2442 ignis
2744 2371 2796 2424 in
2828 2378 2989 2434 terra,
3020 2375 3075 2424 et
3101 2364 3439 2436 dejicientur.
3470 2362 3608 2430 Quid
3635 2370 3745 2433 est;

2159 2463 2213 2518 in
2240 2464 2410 2518 terra?
2428 2462 2615 2518 Adhuc
2639 2461 2727 2517 hic
2749 2470 2873 2516 sunt
2898 2462 2950 2516 in
2979 2460 3078 2514 hac
3106 2460 3241 2523 vita;
3264 2465 3483 2526 excepta
3512 2456 3601 2510 illa
3628 2468 3747 2524 poe—

2162 2570 2229 2619 na
2256 2571 2375 2626 quae
2399 2563 2642 2612 servatur
2671 2554 2847 2624 impiis
2872 2594 2887 2620 ,
2915 2551 3174 2607 carbones
3202 2549 3286 2604 isti
3318 2547 3438 2601 illos
3461 2545 3741 2616 dejiciunt,

2159 2656 2442 2719 antequam
2462 2646 2639 2702 veniat
2656 2645 2791 2717 ignis
2804 2652 3035 2704 aeternus
3054 2659 3067 2695 :
3088 2641 3330 2698 Decident
3354 2654 3506 2709 super
3530 2653 3615 2692 eos
3630 2652 3747 2690 car»

2160 2738 2309 2793 bones
2326 2738 2457 2809 ignis
2483 2738 2534 2791 in
2560 2746 2713 2805 terra,
2732 2745 2777 2789 et
2802 2734 3031 2806 dejicient
3056 2748 3158 2786 eos.
3179 2730 3247 2785 In
3270 2729 3487 2787 miseriis
3511 2744 3609 2781 non
3625 2725 3746 2783 sub:

2158 2835 2352 2887 sistent.
2380 2830 2536 2885 Venit
2559 2828 2661 2883 illis
2685 2826 2899 2895 miseria
2929 2834 2982 2881 et
3007 2840 3115 2881 non
3141 2822 3370 2887 tolerant
3400 2835 3416 2875 :
3443 2820 3620 2890 justus
3641 2831 3744 2870 au-

2162 2930 2268 2989 tem
2295 2920 2573 2987 subsistit;
2604 2918 2873 2990 quomodo
2901 2917 2991 2973 ille
3011 2915 3253 2971 subsistit
3274 2955 3288 2980 ,
3320 2913 3409 2983 qui
3438 2911 3604 2977 dicit,
3637 2908 3749 2967 Sed

2158 3017 2311 3083 etiam
2335 3016 2612 3087 gloriamur
2635 3016 2687 3069 in
2711 3012 3137 3079 tribulationibus,
3165 3011 3375 3071 scientes
3395 3009 3633 3079 quoniam
3652 3006 3747 3061 trio.

2160 3108 2348 3167 bulatio
2373 3108 2665 3179 patientiam
2692 3115 2953 3177 operatur,
2974 3103 3215 3175 patientia
3241 3101 3605 3173 probationem,
3623 3113 3744 3167 pro:

2159 3198 2294 3255 batio
2316 3215 2457 3267 spem
2479 3216 2499 3262 ;
2526 3215 2639 3268 spes
2667 3210 2833 3257 autem
2857 3214 2957 3253 non
2984 3193 3286 3266 confundit:
3305 3191 3545 3262 quoniam
3568 3188 3749 3242 citari-2

2162 3302 2239 3347 tas
2260 3292 2356 3347 Dei
2380 3291 2571 3358 diffusa
2597 3301 2669 3347 est
2691 3292 2742 3346 in
2768 3292 3000 3345 cordibus
3025 3289 3206 3344 nostris
3232 3285 3597 3357 per‘Spiritum
3616 3299 3743 3337 san-

2159 3395 2316 3450 ctum,
2338 3386 2423 3454 qui
2449 3386 2600 3440 datus
2625 3395 2699 3441 est
2724 3384 2866 3440 nobis
2896 3382 3070 3456 (Rom.
3097 3398 3150 3447 v,
3172 3378 3309 3449 5-5).
3344 3381 3413 3432 At
3438 3390 3563 3433 vero
3582 3388 3747 3443 super

2161 3478 2282 3535 illos
2306 3494 2427 3534 cum
2471 3478 2727 3537 ceciderit
2753 3478 2927 3547 aliqua
2958 3489 3203 3546 pressura
3227 3514 3242 3539 ,
3269 3474 3444 3542 aliqua
3485 3468 3705 3525 miseria
3727 3507 3744 3533 ,

2160 3585 2267 3637 non
2299 3569 2622 3635 subsistunt;
2646 3568 2860 3635 cadunt.
2891 3566 3114 3636 Quando
3141 3566 3283 3629 enim
3316 3566 3447 3619 tales
3474 3561 3748 3633 patiuntur

2163 3661 2466 3730 hujusmodi
2498 3676 2775 3731 pressuras
2798 3700 2813 3726 ,
2857 3674 2963 3715 non
2989 3659 3166 3717 valent
3197 3657 3425 3715 tolerare
3447 3698 3462 3722 ,
3491 3653 3751 3711 decidunt

2161 3751 2216 3807 in
2246 3751 2549 3822 iniquitates
2573 3751 2776 3817 malas;
2808 3752 2929 3827 quia
2970 3749 3250 3805 traduntur
3277 3763 3306 3801 a
3336 3746 3605 3803 desiderio
3647 3758 3749 3799 suo

2162 3843 2449 3914 peccatori.

2236 3935 2324 3992 15.
2368 3933 2531 4009 [υεη.
2572 3933 2701 4009 12.]
2754 3934 2839 3998 Vir
2880 3933 3141 4005 linguosus
3180 3950 3282 3987 non
3317 3932 3559 4002 dirigetur
3597 3944 3752 3999 super

2166 4037 2369 4087 terram.
2401 4026 2493 4083 Vir
2521 4027 2792 4095 linguosus
2824 4035 2967 4081 amat
3006 4025 3300 4081 mendacia.
3331 4023 3468 4091 Quid
3497 4021 3641 4077 enim
3673 4019 3751 4074 illi

2166 4128 2251 4177 est
2277 4120 2521 4190 voluptas
2541 4160 2556 4184 ,
2587 4119 2685 4177 nisi
2714 4118 2903 4188 loqui?
2930 4117 3045 4172 Non
3074 4117 3215 4173 enim
3241 4114 3467 4177 attendit
3504 4110 3629 4183 quid
3670 4109 3753 4164 lo-

2163 4219 2358 4281 .quatur
2379 4250 2396 4278 ,
2425 4209 2551 4273 dum
2582 4210 2829 4281 loquatur
2855 4209 2894 4262 ί.
2925 4206 3041 4263 Non
3071 4215 3242 4276 potest
3269 4206 3380 4261 fieri
3408 4214 3467 4260 ut
3492 4205 3594 4259 iste
3621 4201 3754 4257 diri-

2166 4313 2338 4375 gatur.
2368 4304 2552 4371 Qualis
2576 4317 2704 4374 ergo
2735 4316 2859 4359 esse
2890 4301 3051 4359 debet
3093 4314 3279 4360 servus
3321 4298 3414 4357 Dei
3440 4338 3453 4364 ,
3491 4309 3753 4352 accensus

2170 4395 2278 4456 illis
2331 4394 2688 4460 carbonibus,
2739 4401 2794 4450 et
2834 4394 2951 4464 ipse
2992 4392 3156 4448 carbo
3200 4390 3448 4451 salutaris
3488 4386 3754 4445 effectus?

2166 4487 2340 4559 qualis
2361 4502 2479 4543 esse
2498 4486 2693 4543 debet?
2714 4484 2783 4541 Ut
2803 4485 2970 4555 magis
2989 4493 3136 4555 optet
3158 4482 3343 4539 audire
3368 4496 3526 4553 quam
3546 4479 3751 4547 dicere,

2168 4580 2307 4635 sicut
2333 4578 2585 4647 scriptum
2614 4585 2741 4649 est,
2779 4577 2861 4632 Sit
2901 4585 3070 4630 autem
3102 4576 3267 4630 omnis
3314 4574 3461 4628 Itonia
3504 4573 3651 4627 velas:
3685 4570 3757 4624 ad

2169 4670 2477 4733 audiendum
2498 4711 2515 4737 ,
2544 4669 2720 4736 tardus
2747 4670 2814 4722 ad
2838 4668 3143 4737 loquendum
3163 4666 3180 4737 (
3204 4664 3383 4723 Jacobi
3406 4681 3424 4719 ι
3447 4706 3463 4731 ,
3493 4662 3600 4734 19)
3626 4681 3639 4716 :
3663 4670 3717 4718 et
3736 4701 3754 4728 ,

2172 4763 2229 4837 si
2248 4763 2362 4819 ﬁeri
2392 4771 2599 4832 potest,
2629 4761 2730 4816 hoc
2753 4762 2967 4830 cupiat,
2998 4776 3103 4816 non
3144 4759 3340 4815 habere
3380 4755 3757 4812 necessitatem

2173 4855 2462 4926 loquendi,
2494 4864 2549 4910 et
2571 4854 2780 4909 dicendi
2805 4857 2848 4921 8,
2881 4862 2936 4909 et
2970 4852 3217 4908 docendi.
3266 4850 3407 4906 Ecce
3454 4847 3595 4903 enim
3635 4845 3759 4899 dico

2174 4947 2438 5017 Charitati
2460 4954 2651 5000 vestrae
2679 4963 2692 5000 :
2718 4945 2905 5000 fratres
2930 4943 3035 5001 mei
3061 4984 3077 5009 ,
3099 4942 3366 5012 loquimur
3385 4954 3485 4995 nos
3505 4937 3668 4993 modo
3691 4936 3759 4991 ad

2174 5051 2270 5092 vos
2290 5078 2305 5103 ,
2338 5048 2394 5091 ut
2421 5036 2616 5107 aliquid
2646 5036 2932 5091 doceamus
2960 5050 3056 5089 vos
3089 5051 3103 5089 :
3138 5041 3336 5103 quanto
3366 5032 3557 5089 melius
3580 5072 3594 5094 ,
3637 5044 3761 5084 om-

2170 5142 2272 5197 pnes
2295 5116 2596 5194 sciremus,
2626 5136 2679 5189 et
2701 5141 2856 5180 nemo
2880 5125 3095 5180 doceret
3120 5124 3345 5179 alterum
3369 5139 3385 5189 ;
3410 5131 3467 5176 ut
3491 5136 3596 5175 non
3618 5126 3763 5173 esset

2174 5218 2310 5274 alius
2337 5218 2560 5289 loquens
2583 5260 2616 5291 ,_
2639 5218 2774 5289 alius
2813 5217 3034 5271 audiens
3058 5258 3072 5280 ,
3118 5216 3213 5271 sed
3258 5229 3447 5272 omnes
3480 5212 3763 5267 audientes

2176 5324 2338 5377 unum
2366 5310 2512 5363 illum
2540 5308 2625 5363 cui
2655 5307 2847 5379 dicitur
2869 5350 2883 5375 ,
2917 5307 3124 5361 Auditui
3154 5322 3261 5361 meo
3290 5306 3434 5359 dabis
3463 5302 3764 5358 exsultatio-

2176 5416 2287 5461 nem
2315 5408 2360 5453 et
2388 5400 2611 5454 laetitiam
2634 5399 2652 5469 (
2680 5397 2823 5453 Psal.
2858 5382 2926 5471 ιη’,
2952 5397 3018 5453 10
3041 5396 3268 5467 )?Unde
3290 5404 3344 5451 et
3371 5394 3461 5449 ille
3483 5392 3721 5448 Joannes
3741 5430 3759 5457 ,

2177 5510 2282 5548 non
2313 5500 2417 5548 tam
2448 5490 2711 5562 gaudebat
2739 5492 2857 5561 quia
2875 5488 3211 5559 'prmdicabat
3236 5528 3250 5553 ,
3276 5495 3331 5542 et
3354 5485 3477 5557 quia
3504 5483 3764 5553 loqueba-

2178 5594 2296 5650 tur;
2326 5583 2420 5639 sed
2450 5583 2710 5655 gaudebat
2735 5583 2858 5652 quia
2889 5580 3137 5635 audiebat
3164 5596 3178 5633 :
3206 5580 3281 5634 ait
3312 5578 3458 5636 enim
3483 5616 3500 5645 ,
3549 5574 3761 5633 Amicus

2241 5703 2258 5733 ί
2282 5702 2355 5750 sic
2372 5700 2556 5763 aliquot
2571 5705 2677 5747 Mss.
2699 5695 2809 5763 add:
2831 5706 2967 5763 vero,
2987 5690 3211 5757 loquitw'.

2245 5766 2266 5795 ¹
2290 5762 2401 5821 edd.
2421 5756 2662 5821 omittunt,
2687 5763 2732 5807 et
2750 5756 2962 5807 dicendi.
