2040 3231
156 167 225 196 1813

155 229 240 250 autent
253 231 276 258 s;
285 224 339 250 οηδὶ
353 227 400 250 stat
413 244 419 254 ,
435 228 457 249 et
473 222 542 249 (uidit
556 230 610 248 cunt
620 243 626 253 ,
639 227 661 248 et
675 222 767 257 gaudio
779 222 869 257 gaudet
885 229 944 256 pro-

156 274 213 304 ρκ’·
224 277 307 296 vocem
325 269 411 303 sponsi
434 268 529 304 (Joan.
554 276 579 294 ιιι
593 288 600 300 ,
615 267 680 303 29).
701 267 790 303 Itaque
802 288 810 300 ,
831 266 925 293 fratres
938 287 945 299 ,

156 315 211 342 cito
226 315 338 342 dixerim
352 314 477 343 Charilati
493 318 587 341 vestra:
600 336 607 346 ,
628 314 670 341 ubi
692 314 872 349 unusquisque
888 320 947 348 pru-

157 360 203 388 het
215 367 244 388 se
259 369 265 386 :
282 367 334 388 nan
350 364 377 389 ut
393 368 444 388 non
459 360 582 395 loquatur
594 360 614 392 ',
630 360 676 387 sed
689 364 719 390 ut
732 359 766 387 de
779 359 823 386 illo
838 359 948 389 locutio-

157 406 200 433 nis
225 405 341 437 ofﬁcium
363 406 472 440 exigat;
499 406 623 440 gaudium
648 411 744 434 autem'
762 404 948 433 taciturnitatis

157 452 255 480 habeat
268 452 294 479 in
309 453 442 479 voluntate
454 473 461 483 ,
475 459 567 479 Vocem
581 452 709 480 doctrinas
732 452 758 479 in
779 451 946 479 necessitate.

157 497 270 532 Quando
285 498 355 525 enim
372 505 438 533 opus
448 502 488 525 est
497 505 562 525 voce
572 497 719 526 doctrinm?
731 496 840 531 Quando
851 496 949 531 pateris

158 543 329 577 imperitum,
346 542 451 577 quando
467 544 565 577 pateris
586 544 730 571 indoctum.
747 543 775 570 Si
795 549 902 577 semper
924 545 949 571 te

157 588 273 616 delectat
287 588 385 616 docere
395 609 403 622 ,
425 595 530 624 semper
543 590 582 616 vis
596 589 693 617 habere
708 588 857 624 imperitum
871 582 948 623 quem

158 634 258 663 doceas
271 644 278 662 :
293 635 314 662 si
329 640 416 662 autem
432 635 574 663 benevolus
588 644 616 663 es
628 657 635 670 ,
651 640 678 664 et
690 636 731 663 vis
750 643 844 663 omnes
857 636 949 663 doctos

159 688 222 709 esse
234 702 242 714 ,
256 689 309 708 non
331 681 371 709 vis
393 689 499 717 semper
521 681 619 710 habere
638 690 704 717 quos
727 682 843 714 doceas;
858 687 884 709 et
896 690 948 709 non

159 726 211 754 erit
231 727 258 754 in
283 727 419 755 voluntate
441 728 595 755 exercitatio
614 728 656 755 vel
679 727 799 763 probatio
820 727 950 755 doctrina:

159 777 212 800 tute
222 793 230 806 ,
246 773 292 800 sed
306 773 331 800 in
345 773 513 801 necessitate.
526 773 656 806 Gaudium
670 774 715 801 tibi
730 774 764 801 sit
776 773 802 801 in
816 773 950 801 auditione

161 817 208 845 Dei
222 839 229 851 ,
247 819 391 846 necessitas
408 818 452 845 tibi
468 818 502 847 sit
515 819 540 846 in
555 819 687 846 locutione
701 825 744 846 tua
759 823 804 851 ;et
823 827 875 846 non
896 819 950 848 eris

161 865 203 891 vir
217 864 352 900 linguosus
364 885 372 896 ,
387 872 421 892 ne
433 872 485 892 non
500 865 630 901 dirigaris.
644 866 731 900 Quare
743 866 783 893 vis
797 866 869 901 loqui
881 887 889 899 ,
905 873 951 893 au-

161 910 219 937 dire
231 918 283 937 nott
295 910 335 937 vis
344 910 362 937 ?»
370 910 482 945 Semper
494 910 564 938 foras
579 911 636 938 exis
647 931 654 943 ,
671 911 741 938 intro
754 911 843 939 redire
856 911 948 938 detre-

161 961 228 983 ctas.
244 956 294 989 Qui
309 956 380 985 enim
395 961 420 983 te
433 956 509 983 docet
522 977 530 990 ,
542 956 612 983 intus
625 961 666 983 est
679 965 685 984 :
698 956 803 991 quando
814 960 841 983 tu
852 956 932 983 doces
942 977 950 989 ,

162 1006 287 1035 tanquam
304 1001 373 1028 foras
383 1001 440 1032 exis
450 1001 483 1028 ad
496 1008 542 1028 eos
556 1001 600 1036 qui
612 1000 676 1028 foris
688 1006 759 1029 sunt.
771 1001 952 1029 Ab-interiore

161 1047 233 1073 enim
248 1046 371 1074 audimus
386 1046 523 1074 veritatem
537 1066 544 1079 ,
555 1051 583 1074 et
593 1047 624 1074 ad
636 1054 683 1074 eos
695 1047 740 1082 qui
755 1047 820 1074 foris
832 1054 846 1074 a
859 1052 952 1074 nostro

161 1091 242 1118 corde
266 1096 348 1124 sunt,
371 1091 511 1127 I0quimur.
534 1091 610 1125 Quod
632 1092 702 1119 enim
723 1091 837 1124 dicimur
856 1099 902 1119 eos
925 1091 953 1119 in

161 1136 242 1165 corde
257 1136 355 1165 habere
367 1136 402 1165 de
413 1137 508 1172 quibus
520 1137 666 1172 cogitamus
677 1159 684 1168 ,
700 1137 952 1173 secundumquam—

162 1183 223 1210 dam
238 1179 378 1218 imaginem
394 1183 506 1211 dicimur
517 1204 526 1217 ,
541 1191 620 1219 quam
632 1183 665 1210 de
678 1183 730 1212 illis
752 1183 881 1211 habemus
904 1184 954 1210 im-

164 1237 294 1264 pressam.
309 1229 375 1257 Nam
389 1230 411 1257 si
434 1230 542 1258 omnino
566 1230 636 1258 intus
656 1229 705 1265 ipsi
727 1233 833 1263 essent,
854 1230 954 1258 scirent

163 1274 254 1309 utique
268 1274 331 1310 quid
344 1275 369 1302 in
383 1275 463 1303 corde
482 1280 574 1303 nostro
594 1280 686 1308 esset;
706 1281 786 1311 atqtte
806 1275 842 1302 ita
866 1280 894 1303 ut
915 1275 954 1303 eis

165 1321 336 1354 loqueremur
347 1341 354 1352 ,
366 1328 433 1356 opus
446 1328 498 1348 non
512 1326 591 1348 esset.
603 1320 630 1349 Si
641 1326 730 1349 autem
741 1321 792 1348 hoc
803 1325 829 1348 te
839 1321 954 1350 delectat

165 1366 244 1401 quod,
252 1367 315 1394 foris
327 1367 382 1402 agis
395 1375 402 1397 ;
415 1367 473 1400 vide
484 1375 517 1395 ne
528 1372 659 1396 tumescas
670 1367 733 1395 foris
743 1387 750 1400 ,
765 1373 791 1395 et
803 1375 856 1395 non
868 1367 955 1403 possis

165 1412 252 1439 redire
266 1420 314 1447 per
326 1417 463 1448 augustam
475 1414 497 1445 ',
512 1417 539 1440 et
553 1421 606 1441 non
621 1414 704 1448 possit
718 1413 764 1441 tibi
780 1414 868 1443 dicere
883 1414 954 1442 Deus

166 1463 226 1484 tuus
239 1479 247 1491 ,
260 1458 332 1490 Intra
344 1459 370 1486 in
382 1459 503 1494 gaudium
523 1459 625 1487 Domini
646 1459 708 1488 tui:
730 1459 777 1487 sed
796 1459 868 1486 dicat
887 1459 953 1492 tibi,

131 1535 136 1539 _
165 1504 226 1538 quia
242 1503 388 1532 forinsecus
400 1509 456 1532 erat
469 1504 539 1539 quod
556 1505 649 1532 atnasti
663 1524 670 1537 ,
694 1503 782 1540 Ligate
794 1505 817 1532 ei
830 1513 918 1531 manus
931 1509 955 1531 et

166 1550 259 1584 pedes,
283 1555 306 1577 et
324 1551 413 1578 mittite
433 1560 489 1578 cum
512 1552 538 1578 in
557 1551 669 1578 tenebras
691 1551 824 1578 exteriores
837 1550 846 1586 (
859 1550 953 1577 Matth.

167 1603 226 1624 xxu
238 1617 245 1630 ,
261 1597 293 1625 i3
303 1596 323 1632 ).
338 1597 387 1625 Ubi
401 1597 471 1624 enim
487 1596 603 1624 ostendit
616 1596 712 1624 malum
726 1603 787 1624 esse
800 1596 867 1623 mitti
882 1601 955 1623 exte-

167 1643 222 1670 rius
234 1663 241 1675 ,
256 1643 291 1670 ibi
304 1643 420 1671 ostendit
434 1644 532 1670 bonum
556 1651 616 1671 esse
637 1643 736 1670 intrare
754 1642 874 1669 interius.
890 1641 956 1669 Nam

168 1696 245 1716 servo
259 1688 330 1716 bono
342 1689 405 1725 quid
420 1689 504 1716 dixit?
519 1688 590 1715 Intra
603 1689 629 1715 in
643 1687 764 1723 gaudium
785 1687 890 1714 Domini
909 1687 955 1714 tui.

167 1732 236 1760 Malo
249 1738 336 1761 autem
350 1741 428 1761 servo
437 1755 444 1766 ,
461 1733 582 1769 Projicite
595 1732 669 1760 illum
681 1733 708 1760 in
723 1733 836 1760 tenebras
849 1731 957 1759 exterio-

167 1787 207 1806 res
222 1779 231 1815 (
243 1779 284 1806 Id.
299 1787 365 1812 xxv,
377 1780 408 1807 21
424 1801 431 1813 ,
445 1780 481 1807 25
491 1801 498 1812 ,
512 1779 547 1807 50
557 1781 577 1814 ).
593 1779 650 1806 Non
662 1787 725 1814 ergo
738 1787 859 1808 amemus
873 1778 957 1814 magis

168 1825 298 1853 exteriora
311 1847 319 1859 ,
333 1826 378 1853 sed
393 1825 518 1853 interiora
532 1835 538 1852 :
550 1825 583 1852 de
595 1825 765 1853 interioribus
774 1824 936 1861 gaudeamus
948 1833 956 1857 ;

169 1869 195 1896 itt
207 1870 385 1898 exterioribus
404 1875 493 1898 autem
516 1871 700 1898 necessitatem
721 1870 880 1901 habeamus.
903 1878 958 1897 non

167 1916 331 1943 voluntatem
343 1915 363 1943 ³.
379 1915 424 1942 Vir
434 1916 565 1951 linguosus
576 1924 626 1942 non
636 1915 758 1951 dirigetur
766 1923 842 1950 super
853 1919 956 1942 terram.

205 1961 248 1989 16.
276 1961 361 1988 Virum
378 1961 500 1997 injuslum
522 1961 588 1988 mala
606 1959 760 1988 putabuntur
779 1961 805 1987 in
817 1960 956 1988 interitum.

170 2007 287 2035 Veniunt
300 2007 367 2034 mala
379 2027 386 2039 ,
401 2011 428 2034 et
440 2015 494 2035 non
505 2007 623 2034 subsistit
635 2015 641 2039 ;
656 2006 716 2034 ideo
729 2006 795 2034 dixit
805 2027 811 2039 ,
829 2006 959 2035 Venabun-

169 2057 210 2079 tur
223 2053 248 2078 in
260 2053 395 2079 interitum.
410 2052 496 2080 Multis
509 2053 578 2080 enim
592 2052 669 2080 bonis
679 2073 686 2085 ,
704 2052 792 2079 multis
801 2052 882 2087 justis
894 2060 956 2079 eve-

170 2103 266 2126 nerunt
280 2098 367 2131 mala;
383 2103 410 2126 cl
423 2103 546 2133 tauquam
562 2097 720 2126 invenerunt
732 2106 778 2126 eos
794 2099 872 2128 mala,
887 2097 955 2126 Nam

169 2142 229 2171 ideo
249 2143 334 2176 dixit,
361 2143 541 2176 Venabuntur,
566 2143 627 2179 quia
647 2143 829 2178 unusquisque
843 2143 958 2170 abscon-

168 2188 232 2216 dere
244 2196 274 2216 se
288 2188 344 2216 vult
354 2196 368 2215 ιι
380 2188 450 2216 malo
464 2198 471 2216 :
485 2188 532 2216 sed
543 2196 603 2216 cum
616 2188 748 2216 invenitur
759 2196 775 2216 a
785 2188 855 2216 malo
864 2208 872 2220 ,
882 2188 957 2223 quasi

169 2233 253 2261 factus
267 2238 309 2261 est
322 2234 348 2261 in
363 2235 540 2261 venationem.
556 2233 690 2269 Numquid
710 2238 799 2261 autem
822 2234 873 2262 soli
895 2232 958 2261 mali

168 2281 273 2316 fugiunt
287 2288 301 2308 a
313 2281 409 2314 malis,
425 2280 530 2316 quando
541 2283 696 2316 quaeruntur
715 2287 731 2306 a
751 2279 848 2308 malis?
865 2279 958 2307 Nonne

167 2332 194 2354 et
210 2326 287 2354 bonis
299 2326 397 2354 dictttm
411 2331 471 2354 est:
494 2326 525 2354 Si
546 2334 589 2353 vos
611 2325 733 2361 persecuti
751 2325 889 2360 fuerint-in
911 2325 959 2352 hac

167 2372 281 2405 civitate,
297 2373 377 2408 fugite
389 2372 415 2399 in
434 2371 512 2399 aliam
533 2371 597 2406 (Id.
612 2379 629 2398 x
641 2391 649 2403 ,
663 2371 699 2399 25
712 2370 743 2406 )i
760 2371 832 2406 Ergo
852 2370 959 2406 quando

168 2417 229 2445 tnali
242 2418 469 2453 persequebantur
479 2417 564 2444 bonos
574 2437 582 2449 ,
599 2416 625 2443 id
636 2420 676 2443 est
688 2420 818 2451 martyres
832 2419 937 2443 nostros
949 2436 956 2449 ,

167 2471 227 2490 cutn
241 2471 288 2491 ens
302 2462 580 2498 comprehenderunt,
593 2462 680 2489 vettati
694 2466 755 2488 sunt
768 2468 833 2494 eos;
846 2461 893 2489 sed
904 2469 958 2488 non

167 2509 201 2539 ad
226 2509 371 2537 interitum.
393 2509 488 2536 Prcssa
511 2511 552 2535 est
575 2507 646 2535 enim
665 2514 746 2540 caro,
771 2511 897 2534 coronata
917 2510 958 2534 est

167 2555 273 2588 anima;
288 2559 315 2583 et
328 2555 413 2590 ejecta
425 2559 466 2582 est
479 2555 566 2582 anima
578 2553 611 2581 de
625 2561 705 2581 carne
717 2574 724 2586 ,
749 2560 798 2580 nec
820 2553 893 2580 carni
911 2552 959 2580 ali-

167 2592 343 2635 quid'factum
357 2605 398 2628 est
418 2600 488 2635 quod
511 2599 618 2627 obesset
638 2599 664 2626 in
686 2602 831 2633 posterum.
847 2597 956 2626 Incensa

166 2645 203 2672 sit
215 2652 278 2673 caro
290 2666 299 2680 ,
316 2653 440 2680 percussa
453 2645 488 2672 sit
506 2651 570 2672 caro
581 2665 589 2677 ,
611 2644 707 2671 laniata
730 2643 765 2670 sit
785 2651 867 2676 caro;
881 2651 959 2670 num-

166 2689 230 2725 quid
245 2689 305 2717 ideo
319 2689 453 2718 subtracta
463 2693 504 2716 est
515 2688 634 2716 Creatori
647 2708 656 2721 ,
668 2688 728 2723 quia
739 2687 799 2716 data
809 2693 850 2715 est
862 2688 887 2715 in
902 2695 958 2715 ma.-

167 2742 219 2762 uus
237 2734 436 2769 persecutoris?
452 2734 498 2762 Ille
520 2733 565 2769 qui
583 2732 684 2761 creavit
706 2739 739 2760 ex
758 2740 791 2761 eo
811 2732 882 2768 quod
904 2739 966 2760 non.

200 2790 209 2807 ι
222 2791 258 2815 sic
268 2793 320 2814 Mss.
333 2792 361 2814 At
370 2789 436 2820 edd,
448 2795 495 2814 non
506 2792 531 2814 ut
547 2788 665 2820 loquatur.

200 2821 210 2836 ²
220 2820 286 2856 ald,
295 2827 338 2855 per
349 2817 483 2856 angustum.
490 2817 637 2856 tutissima
647 2821 772 2856 amusium
782 2824 791 2843 :
801 2817 888 2851 supple
899 2824 956 2851 por-

167 2854 228 2881 tam,
240 2855 282 2876 aut
295 2850 369 2876 riam.
381 2850 468 2876 alludit
477 2850 507 2876 ad
518 2850 598 2875 Itattb.
607 2857 648 2879 vn,
656 2850 694 2881 13,

202 2883 213 2899 ⁸
226 2883 262 2907 sic
273 2888 323 2907 Aut.
336 2885 362 2908 et
371 2885 423 2907 uss.
443 2885 476 2906 Al.
491 2884 527 2906 Er.
541 2883 567 2906 et
576 2884 641 2911 Lov.,
651 2880 797 2912 voluptatem.

686 164 882 193 ENARRATIO
901 164 933 191 IN
953 163 1110 193 PSALMUM
1130 164 1272 194 CXXXIX.

1723 173 1791 202 1814

1002 226 1076 254 erat,
1091 230 1143 249 non
1158 223 1293 257 reparabit
1308 225 1401 251 melius
1414 233 1491 261 quam
1512 227 1594 254 erat?
1613 227 1684 263 Ergo
1705 236 1790 264 quan-

1001 269 1148 304 documque
1161 271 1230 305 capti
1244 275 1303 298 sttnt
1314 271 1377 306 justi
1391 293 1397 306 ,
1419 273 1506 300 venali
1523 279 1585 301 sunt
1605 274 1663 302 illos
1682 276 1790 311 quidem

1002 315 1062 341 mali
1076 336 1082 344 .
1096 315 1145 342 sed
1156 324 1207 342 non
1222 316 1254 343 ad
1270 317 1414 344 interitum.
1429 318 1462 346 At
1474 326 1538 346 vero
1552 319 1588 347 illi
1601 319 1645 355 qui
1660 327 1712 347 non
1723 320 1791 349 diri-

1001 366 1095 394 gentur
1110 367 1134 388 ct
1150 362 1261 398 linguosi
1278 368 1338 390 sunt
1350 384 1357 394 ,
1373 364 1440 391 mala
1453 372 1499 391 eos
1509 365 1676 402 venabantur
1697 366 1730 394 ad
1751 366 1791 395 in«

1003 407 1120 434 teritum.
1139 409 1247 440 Quare?
1262 408 1327 442 Quia
1341 409 1366 436 in
1380 410 1486 438 miseriis
1498 419 1547 438 non
1559 412 1699 440 subsistant.

1037 453 1080 480 Π.
1101 452 1175 489 [vers
1203 454 1267 491 15.]
1287 455 1396 490 Cognovi
1408 457 1466 491 quia
1478 456 1552 492 faciet
1574 458 1698 486 Dominus
1715 460 1791 496 judi-

1002 499 1067 525 cium
1081 501 1184 536 egentis.
1201 500 1288 536 Egens
1304 501 1354 529 iste
1368 510 1419 529 non
1436 508 1476 530 est
1491 503 1625 539 linguosus
1638 512 1645 531 :
1661 505 1705 540 qui
1719 506 1790 534 enim

1002 543 1138 580 linguosus
1150 550 1210 579 est,
1226 547 1362 575 abundare
1379 547 1432 575 vult
1446 569 1454 583 ,
1469 550 1572 577 esurire
1583 548 1731 579 nescitrllli
1742 558 1792 580 au-

1003 595 1056 619 tem
1071 596 1178 626 egentes
1192 598 1253 620 sunt
1265 615 1278 627 ,,
1289 595 1384 628 quibus
1394 595 1491 624 dicitur
1503 618 1510 629 ,
1523 596 1629 625 Pulsate
1640 619 1649 632 ,
1660 602 1684 625 et
1693 599 1792 634 aperie-

1002 641 1043 664 tur
1056 638 1123 665 vobis
1134 646 1144 669 ;
1156 641 1311 674 quwrite,‘et
1326 641 1471 675 invenietis;
1484 643 1576 678 petite,
1600 648 1623 670 et
1633 643 1733 671 dabitur
1746 653 1790 672 va-

1003 682 1039 711 bis
1055 683 1160 719 (Matth.
1177 692 1233 718 vin,
1249 686 1264 712 7
1277 685 1305 715 )-.
1330 686 1372 714 ille
1387 695 1467 723 agens
1480 693 1542 723 est,
1562 689 1595 716 de
1610 698 1662 725 quo
1683 690 1792 722 dicitur.

1002 729 1074 757 Beati
1093 731 1136 765 qui
1155 732 1267 758 esuriant
1289 737 1311 758 et
1330 733 1415 760 siliunt
1435 735 1580 769 justitiam,
1600 736 1718 771 quoniam
1743 737 1794 772 ipsi

1003 776 1184 804 saturalnmtur
1194 777 1204 813 (
1214 776 1258 805 Id.
1271 786 1296 811 ν,
1309 777 1356 814 6
1370 778 1484 806 Gemunt
1497 780 1566 807 inter
1578 781 1700 808 scandala
1714 775 1794 808 malu-

1003 830 1063 851 rum
1077 844 1084 855 ,
1100 823 1148 858 ipsi
1162 828 1304 858 precantur
1317 824 1349 851 ad
1363 828 1441 859 caput
1452 833 1527 853 suum
1543 847 1550 859 ,
1565 821 1594 853 ut
1616 831 1742 854 eruantur
1759 826 1794 855 ab

1003 868 1111 896 homine
1123 869 1193 896 malo
1205 890 1212 902 ,
1228 873 1257 898 et
1269 868 1303 897 ab
1320 869 1429 898 homine
1448 870 1564 906 maligno
1586 863 1750 905 liberentur,
1767 877 1794 899 et

1003 913 1037 942 de
1051 913 1173 942 manibus
1186 914 1344 949 injustorum
1357 919 1495 943 eruantur.
1511 914 1562 951 Ipsi
1575 919 1638 952 ergo
1649 921 1711 944 sunt
1724 922 1794 952 quo-

1003 968 1062 988 rum
1073 967 1180 988 causam
1196 959 1324 987 Dominus
1339 968 1391 988 non
1407 960 1520 996 negligat
1535 970 1541 988 :
1557 966 1583 989 et
1595 961 1616 988 si
1631 961 1710 988 modo
1721 969 1796 996 pres-

1003 1012 1079 1033 suras
1095 1004 1230 1041 patiuntur
1242 1026 1250 1039 ,
1264 1005 1402 1040 apparebit
1415 1006 1500 1042 gloria
1513 1005 1630 1042 ipsorum
1644 1027 1651 1036 .
1672 999 1733 1034 eum
1747 1014 1797 1042 ap-

1005 1051 1122 1086 paruerit
1133 1056 1210 1086 caput
1227 1051 1354 1087 ipsorum.
1369 1051 1478 1079 Talibus
1491 1051 1562 1079 enim
1582 1051 1626 1080 hic
1646 1051 1796 1081 Constittttis

1004 1096 1101 1125 dicitur
1112 1116 1120 1128 ,
1136 1096 1231 1134 Mor-tui
1246 1097 1305 1124 estis
1316 1118 1324 1130 ,
1343 1101 1366 1124 et
1378 1097 1428 1124 vita
1440 1101 1520 1124 vestra
1532 1096 1678 1125 abscomma
1690 1103 1727 1125 est
1738 1106 1797 1125 cum

1004 1140 1104 1170 Christo
1115 1142 1140 1168 in
1156 1141 1207 1170 Dea
1218 1141 1227 1175 (
1239 1141 1336 1169 Colon.
1352 1150 1377 1170 ιιι
1391 1163 1402 1174 ,
1412 1142 1429 1170 5
1440 1142 1460 1178 ).
1473 1142 1543 1177 Ergo
1554 1150 1682 1178 pauperes
1693 1151 1796 1177 sumus,

1004 1187 1159 1215 abscondita
1171 1192 1213 1215 est
1226 1187 1279 1215 vita
1292 1192 1384 1215 nostra
1396 1196 1403 1220 ;
1420 1187 1566 1216 clamemus
1578 1188 1610 1215 ad
1627 1196 1721 1224 panem
1734 1198 1741 1216 :
1756 1188 1798 1217 cs't

1005 1234 1076 1261 enim
1091 1234 1166 1269 panis
1179 1234 1254 1262 vivus
1273 1235 1316 1269 qui
1337 1234 1371 1262 de
1390 1235 1458 1263 C(BIO
1478 1235 1616 1263 descendit
1637 1236 1735 1272 (Joan.
1750 1244 1775 1264 vt
1788 1258 1796 1269 ,

1005 1279 1035 1307 di
1051 1278 1071 1315 );
1085 1285 1112 1307 et
1125 1281 1169 1316 qui
1183 1281 1209 1308 in
1224 1280 1264 1307 via
1278 1280 1363 1308 reﬁcit
1377 1288 1425 1309 nos
1436 1301 1443 1314 .
1457 1281 1482 1308 in
1496 1282 1581 1317 patria
1595 1282 1725 1310 saturabit
1737 1290 1796 1311 nos.

1005 1324 1084 1352 Modo
1098 1325 1169 1353 enim
1184 1347 1191 1359 ,
1213 1330 1245 1353 ut
1261 1325 1405 1358 duremus.
1427 1326 1580 1355 reﬁcimur:
1605 1334 1666 1355 nam
1688 1335 1799 1356 necesse

1005 1375 1048 1398 est
1059 1372 1226 1405 esuriamus,
1255 1372 1427 1408 quoaduSque
1448 1373 1585 1400 satiemur.
1609 1372 1720 1409 Cognovi
1740 1374 1800 1410 quia

1005 1415 1081 1450 faciet
1093 1416 1217 1445 Dominus
1225 1417 1351 1453 judicium
1364 1420 1467 1453 egentis.
1481 1417 1576 1445 Certus
1587 1423 1645 1445 erat
1664 1418 1714 1446 istc
1733 1427 1798 1455 qua-

1006 1463 1075 1490 niam
1087 1463 1162 1498 faciet
1171 1463 1296 1491 Dominus
1304 1464 1431 1499 judicium
1443 1464 1554 1500 egentis,
1575 1469 1597 1492 et
1616 1473 1720 1492 causam
1734 1473 1799 1501 pau-

1007 1517 1104 1544 perum.
1120 1509 1247 1537 Ostendet
1262 1509 1358 1544 iniquis
1372 1510 1506 1545 quomorlo
1519 1509 1602 1545 diligit
1614 1510 1704 1546 iustos
1715 1518 1778 1539 suos
1791 1519 1799 1544 ;

1007 1555 1132 1583 ostendet
1152 1556 1278 1584 divitibus
1299 1556 1432 1591 quomodo
1455 1557 1547 1592 diligat
1572 1565 1703 1593 pauperes
1725 1566 1799 1587 suos.

1008 1601 1108 1629 Divites
1128 1601 1214 1635 dixit.
1239 1603 1383 1636 superbos;
1402 1610 1533 1637 pauperes
1553 1603 1639 1637 dixit,
1663 1594 1799 1633 humiles:

1008 1647 1103 1675 divites
1115 1647 1203 1680 dixit,
1218 1655 1266 1682 per
1281 1642 1469 1675 abundantiam
1480 1656 1532 1676 non
1545 1654 1714 1684 quaerentes;
1735 1657 1801 1685 path

1007 1700 1087 1729 peres
1098 1693 1184 1726 dixit,
1201 1701 1248 1728 per
1268 1693 1430 1721 desiderium
1451 1694 1626 1730 suspirantes.
1641 1695 1732 1724 Faciet
1745 1695 1800 1723 Do-

1009 1739 1098 1766 minus
1111 1746 1217 1766 causam
1234 1739 1364 1773 ipsorum.
1564 1773 1566 1775 _

1045 1784 1089 1812 18.
1110 1783 1192 1821 [vei-s.
1207 1784 1273 1820 14.]
1296 1784 1473 1813 Verumtamen
1480 1785 1546 1821 justi
1556 1787 1739 1821 conﬁtebuntur
1752 1796 1803 1816 no-

1009 1830 1071 1857 mini
1083 1834 1136 1858 tno.
1151 1830 1185 1858 Et
1194 1830 1299 1865 quando
1312 1838 1375 1866 ages
1386 1838 1493 1859 causam
1504 1832 1621 1866 ipsorum
1634 1853 1642 1866 ,
1656 1837 1683 1860 ct
1695 1833 1802 1868 quando

1010 1876 1090 1904 facies
1103 1876 1230 1911 judicium
1246 1877 1363 1911 ipsorum
1377 1897 1384 1910 ,
1405 1881 1451 1904 tuo
1465 1878 1565 1905 nomini
1581 1878 1778 1906 conlitehttntur
1792 1889 1799 1907 :

1010 1921 1112 1950 meritis
1125 1921 1180 1949 suis
1193 1921 1256 1949 nihil
1271 1922 1406 1954 tribuent.
1428 1930 1481 1951 non
1502 1923 1619 1950 tribuent
1642 1927 1725 1951 totum
1748 1924 1801 1952 nisi

1009 1966 1202 1994 misericordiae
1215 1971 1277 1994 tum.
1295 1967 1472 1994 Verumtamen
1479 1968 1545 2002 justi
1558 1967 1741 2002 conﬁtebuntur
1756 1959 1802 1996 no-

1009 2012 1073 2041 mini
1086 2016 1138 2040 tuo.
1155 2012 1188 2040 Et
1198 2013 1258 2048 quia
1269 2012 1466 2041 confitebuntur
1479 2012 1581 2042 nomini
1598 2019 1643 2042 tuo
1654 2034 1662 2048 ,
1677 2018 1706 2042 ut
1716 2022 1802 2050 quan-

1010 2062 1182 2092 tumcumque
1190 2057 1255 2092 justi
1268 2057 1366 2085 fuerint
1376 2079 1385 2091 ,
1400 2057 1464 2085 nihil
1480 2058 1529 2088 sibi
1543 2063 1682 2086 assumant
1692 2058 1727 2087 de
1738 2066 1800 2091 suo.

1009 2102 1075 2129 nihil
1088 2102 1137 2139 sibi
1153 2103 1270 2132 tribuant
1283 2103 1317 2130 de
1329 2110 1378 2142 suo
1390 2112 1398 2136 ;
1410 2103 1472 2139 quid
1483 2099 1533 2139 ﬁet
1544 2124 1551 2137 ,
1562 2099 1592 2131 ut
1605 2103 1720 2142 dirigant
1734 2106 1781 2132 eor
1789 2105 1802 2131 i

1006 2141 1074 2181 Quia
1086 2148 1192 2183 quando
1210 2147 1244 2176 ad
1263 2155 1293 2176 se
1310 2140 1440 2182 ﬂectunt,
1453 2142 1587 2184 torquent
1608 2140 1674 2182 eor;
1696 2148 1803 2184 quando

1008 2186 1135 2221 autemin
1151 2194 1293 2228 Dominum
1305 2189 1445 2226 intendunt
1458 2215 1466 2228 ,
1488 2187 1605 2230 dirigunt
1620 2203 1676 2223 cor.
1700 2194 1736 2223 Et
1757 2195 1803 2223 ubi

1008 2239 1061 2266 erit
1073 2239 1194 2274 voluptas
1204 2259 1212 2273 ,
1229 2239 1272 2267 ubi
1287 2233 1393 2275 requies
1403 2235 1414 2272 ,⁷
1429 2240 1472 2268 ubi
1486 2234 1610 2275 gaudium
1623 2261 1630 2273 ,
1655 2240 1700 2268 ubi
1718 2235 1804 2268 beati-

1009 2284 1095 2312 tudo?
1111 2284 1244 2323 Numquid
1267 2285 1295 2313 in
1313 2281 1454 2318 setNon;
1475 2285 1522 2314 sed
1537 2280 1563 2313 in
1583 2293 1636 2321 quo
1655 2290 1718 2314 sunt
1744 2286 1800 2313 lux.

1009 2328 1092 2360 Nune.
1100 2334 1184 2357 autem
1195 2330 1240 2357 tua:
1253 2330 1280 2357 in
1292 2329 1402 2365 Domino
1418 2329 1529 2366 (Ephes.
1543 2338 1571 2364 ν,
1585 2330 1633 2365 8),
1649 2330 1726 2358 dixit.
1742 2330 1803 2358 Ideo

1011 2374 1070 2402 vide
1088 2374 1151 2409 quid
1172 2375 1292 2411 sequitur
1305 2395 1313 2408 ,
1336 2368 1396 2403 vide
1415 2382 1468 2410 quo
1491 2370 1647 2403 concludit:
1669 2375 1803 2403 lnhabita-

1010 2420 1070 2447 bunt
1082 2421 1143 2448 recti
1155 2428 1211 2447 cum
1225 2421 1296 2448 vultu
1310 2426 1363 2448 tuo.
1378 2420 1447 2454 Male
1460 2421 1532 2448 enim
1554 2418 1606 2448 illis
1624 2420 1675 2448 fuit
1689 2421 1715 2448 in
1729 2420 1804 2448 vultu

1010 2473 1076 2498 suo;
1090 2466 1158 2493 bene
1178 2465 1230 2493 illis
1247 2466 1298 2493 erit
1319 2474 1380 2493 cum
1399 2466 1475 2493 vultu
1498 2462 1557 2493 tuo.‘
1576 2465 1688 2500 Quando
1701 2465 1804 2494 vultum

1009 2518 1086 2539 suum
1098 2515 1269 2544 amaverunt,
1284 2511 1309 2539 in
1321 2511 1419 2538 sudore
1430 2512 1517 2539 vultus
1529 2511 1568 2538 sui
1580 2518 1676 2546 panem
1691 2511 1810 2539 mandu-’

1009 2560 1137 2588 caverunt
1150 2555 1234 2592 (Gen.
1249 2564 1278 2584 ttt
1290 2577 1298 2590 ,
1310 2557 1344 2584 19
1356 2558 1378 2593 ).
1389 2557 1508 2585 Redeant
1518 2577 1526 2590 ,
1538 2561 1563 2584 et
1574 2556 1680 2584 deterso
1694 2557 1802 2590 sudore.

1011 2601 1092 2629 ﬁnitis
1105 2601 1243 2631 laboribus
1254 2622 1262 2636 ,
1278 2606 1406 2637 pereunte
1415 2601 1516 2637 gemitu
1527 2622 1535 2635 ,
1550 2601 1640 2630 veniet
1655 2601 1706 2630 illis
1721 2601 1803 2630 facies

1009 2652 1064 2676 tua.
1078 2647 1216 2675 abundans
1236 2647 1405 2674 sufﬁcientia.
1426 2646 1498 2675 Nihil
1521 2651 1643 2683 quaerent
1665 2647 1781 2683 amplius
1794 2667 1802 2680 .

1009 2693 1069 2729 quia
1084 2692 1180 2722 melius
1192 2700 1246 2720 non
1263 2692 1380 2726 habent;
1400 2692 1514 2728 amplius
1534 2700 1587 2730 non
1607 2697 1633 2720 te
1654 2692 1800 2726 deserent,

1008 2746 1058 2770 nec
1069 2738 1226 2771 deserantur
1237 2746 1253 2766 a
1265 2743 1290 2766 te
1301 2739 1322 2765 ¹.
1336 2737 1442 2767 Etenim
1457 2742 1518 2774 post
1528 2735 1753 2766 resurrectionem
1766 2737 1800 2765 de

1039 2816 1049 2833 ³
1065 2817 1102 2841 sic
1113 2816 1224 2847 plerique
1241 2819 1294 2840 Mss.
1308 2818 1336 2840 At
1360 2814 1428 2845 de.,
1450 2820 1498 2847 non
1515 2817 1538 2840 te
1549 2814 1716 2847 ἀκωκὴ-ηε
1734 2814 1804 2840 dese-

1007 2850 1092 2904 :ar‘tetur
1103 2845 1119 2872 a'
1129 2850 1160 2872 te.
1174 2845 1267 2878 A‘ltquot
1277 2850 1342 2877 ms,
1363 2852 1411 2872 non
1421 2849 1445 2872 te
1460 2846 1581 2877 deseruit,
1598 2845 1802 2879 moueretur
