4080 6464
508 398 647 456 1815

504 512 735 572 Domino
760 507 887 580 quid
915 505 1110 561 dictum
1141 500 1260 557 est?
1284 496 1591 566 Adimplebis
1634 511 1711 547 me
1748 493 1924 547 lcetitia
1966 507 2081 550 cum

502 606 643 660 uultu
672 612 757 656 tuo
787 599 968 671 (Psal.
999 613 1086 661 xv,
1117 595 1174 649 ll
1203 593 1243 665 ).
1283 591 1411 647 Siue
1456 588 1600 641 vultu
1639 600 1736 640 suo
1781 600 1884 640 non
1933 582 2085 637 nobis

503 698 656 753 daret
685 692 942 749 laetitiam.
982 688 1061 743 Ad
1099 686 1200 740 hoc
1244 696 1526 754 purgamus
1560 678 1761 732 vultum
1803 684 2080 739 nostrum,

501 799 561 844 ut
586 786 907 859 gaudeamus
930 781 995 835 ad
1019 779 1215 833 vultum
1242 775 1425 846 ipsius.
1453 771 1578 825 Filii
1598 770 1738 833 enim
1764 767 1859 821 Dei
1890 782 2080 831 sumus,

501 891 548 935 et
572 858 795 934 nondum
818 872 1053 945 apparuit
1083 870 1204 940 quid
1232 868 1416 921 erimus
1438 880 1456 919 :
1486 863 1672 918 scimus
1696 858 1815 929 quia
1842 874 1956 911 cum
1983 872 2081 924 ap-

503 970 767 1042 paruerit,
813 966 999 1021 sintiles
1040 964 1085 1023 ei
1117 963 1301 1016 erimus
1325 999 1340 1026 ,
1383 955 1622 1028 quoniam
1660 951 1932 1007 videbimus
1972 965 2084 1003 eum

501 1041 648 1117 sicuti
671 1071 742 1114 est
767 1058 786 1131 (
808 1059 825 1121 Ι
847 1057 1003 1119 Joan.
1036 1071 1088 1117 tu
1115 1095 1129 1119 ,
1156 1052 1192 1106 2
1214 1052 1255 1123 );
1278 1050 1401 1121 quia
1430 1045 1775 1102 inhabitabunt
1815 1041 1936 1096 recti
1971 1056 2083 1099 cum

501 1154 643 1207 uultu
667 1161 772 1209 tuo.
803 1150 1125 1205 Putamusne
1156 1134 1277 1197 cum
1306 1141 1453 1198 vultu
1478 1137 1649 1194 Patris
1673 1177 1691 1205 ,
1722 1144 1776 1190 et
1815 1148 1920 1188 non
1960 1146 2080 1186 cum

500 1245 647 1305 vultu
679 1241 841 1298 Filii?
871 1256 938 1295 an
976 1254 1096 1295 cum
1135 1236 1278 1290 vultu
1318 1231 1479 1298 Filii,
1516 1238 1572 1285 et
1616 1244 1720 1284 non
1766 1242 1887 1282 cum
1935 1224 2082 1284 vultu

396 1346 399 1347 '
501 1334 716 1397 Patris?
745 1348 812 1386 an
844 1345 981 1387 unus
1006 1325 1398 1399 quodammodo
1438 1321 1615 1376 vultus
1650 1318 1824 1384 Patris
1870 1326 1924 1372 et
1962 1314 2082 1379 Filii

501 1436 556 1481 et
584 1424 814 1494 Spiritus
840 1420 1048 1477 sancti?
1080 1418 1364 1474 Videamus
1392 1414 1434 1469 si
1462 1428 1569 1479 non
1601 1410 1754 1465 nobis
1781 1408 1892 1479 ipse
1917 1407 2082 1462 Filius

500 1516 764 1594 promittit
792 1514 993 1568 vultum
1025 1525 1176 1567 suum
1204 1549 1219 1574 ,
1244 1506 1386 1564 unde
1416 1520 1513 1566 nos
1539 1502 1693 1566 iratos
1720 1499 1894 1554 faciet.
1925 1496 2082 1553 Modo

505 1590 611 1672 hoc
639 1607 925 1677 capitulum
957 1606 1009 1658 in
1035 1599 1358 1672 Evangclio,
1390 1594 1531 1667 quod
1558 1593 1681 1649 huic
1713 1590 1917 1662 psalmo
1943 1596 2080 1647 atte-

503 1708 736 1759 staretur
760 1738 773 1762 ,
803 1696 1059 1751 Dominus
1082 1693 1222 1747 Deus
1248 1687 1523 1759 inspiravit
1566 1692 1624 1738 ut
1665 1683 1950 1752 legeretur.
1994 1677 2082 1732 Ait

502 1790 644 1845 enim
672 1790 784 1859 ipse
813 1786 1103 1849 Dominus,
1132 1782 1231 1848 Qui
1258 1779 1398 1847 audit
1427 1783 1677 1851 praecepta
1718 1788 1825 1825 mea
1845 1810 1859 1837 ,
1906 1778 1951 1823 et
1989 1784 2079 1827 cu-

503 1882 654 1936 stodit
681 1897 738 1939 ea
762 1920 776 1944 ,
803 1880 910 1948 ipse
935 1884 1007 1940 est
1035 1874 1117 1943 qui
1147 1872 1310 1942 diligit
1341 1885 1417 1922 me
1440 1884 1458 1921 :
1484 1876 1529 1920 et
1549 1865 1632 1932 qui
1659 1863 1822 1934 diligit
1851 1877 1928 1913 me
1950 1903 1965 1926 ,
1998 1859 2079 1912 di-

504 1972 686 2043 ligetur
713 1988 744 2023 a
777 1968 929 2032 Patre
957 1983 1064 2033 meo
1088 2007 1102 2032 ,
1133 1974 1178 2019 et
1208 1980 1296 2034 ego
1325 1960 1533 2032 diligam
1562 1973 1675 2011 eum
1701 1997 1715 2021 ,
1745 1964 1792 2008 et
1821 1953 2081 2007 ostendam

502 2064 581 2121 illi
625 2064 866 2133 meipsum
906 2058 1100 2131 (Idan.
1146 2070 1260 2123 xlv,
1288 2052 1413 2123 2t).
1457 2050 1622 2123 Quale
1660 2045 1906 2117 promisit
1943 2059 2079 2113 prae-

502 2155 708 2217 mium,
757 2146 1123 2213 dilectissimi?
1162 2142 1427 2213 Numquid
1476 2156 1596 2208 eum
1640 2153 1747 2203 non
1791 2135 2076 2198 videbant,

502 2242 693 2313 quibus
736 2256 795 2304 se
833 2237 1118 2303 ostendere
1157 2229 1540 2305 promittebat?
1585 2241 1762 2285 nonne
1801 2233 1924 2279 ante
1963 2222 2080 2280 illos

502 2335 658 2396 erat?
682 2348 855 2393 nonne
884 2330 1045 2385 facies
1073 2327 1252 2384 carnis
1282 2325 1423 2395 illius
1463 2320 1738 2395 adjacebat
1775 2316 1944 2374 oculis
1982 2329 2078 2372 eo-

500 2441 619 2479 rum
641 2425 664 2478 ?
691 2421 825 2491 Quid
856 2430 939 2477 est
966 2417 1107 2490 quod
1133 2415 1343 2477 volebat
1366 2410 1649 2469 ostendere
1668 2406 1964 2467 videntibus
1982 2404 2080 2460 se?

499 2514 605 2578 Sed
632 2498 751 2583 quia
786 2510 944 2566 talem
974 2508 1223 2576 videbant
1251 2502 1493 2573 discipuli
1518 2542 1533 2566 ,
1565 2499 1773 2571 qualem
1796 2495 2077 2563 crueiﬁxe:

500 2615 623 2660 runt
651 2602 855 2670 Judaei;
884 2609 997 2659 erat
1024 2606 1199 2663 autem
1228 2596 1367 2650 Deus
1396 2594 1448 2648 in
1477 2604 1637 2659 carne
1672 2588 1760 2643 illa
1797 2585 2037 2651 occultus
2061 2599 2075 2649 ;

499 2696 771 2761 hominem
797 2701 971 2753 autem
1000 2696 1216 2761 possent
1238 2685 1420 2743 videre
1449 2682 1692 2747 homines
1716 2722 1731 2747 ,
1754 2679 1921 2733 Deum
1946 2688 2074 2730 vero

486 2788 605 2841 non
634 2793 879 2855 possent,
910 2780 1151 2867 quamvis
1179 2779 1231 2843 in
1257 2776 1511 2843 homine;
1546 2773 1668 2843 quia
1705 2769 1848 2824 Beati
1887 2766 2076 2829 mundo

497 2853 683 2941 corde,
730 2853 964 2945 quoniam
1008 2871 1105 2945 ipsi
1153 2868 1313 2921 Deum
1347 2864 1577 2920 videbunt
1612 2860 1838 2934 (Matth.
1867 2875 1921 2925 v,
1966 2853 2074 2928 8):

500 2965 648 3023 dedit
679 2963 901 3017 formam
946 2958 1215 3022 hominis,
1260 2964 1313 3011 et
1355 2954 1454 3025 piis
1492 2961 1545 3009 et
1587 2950 1806 3021 impiis;
1846 2946 2076 3004 servavit

502 3058 726 3117 formam
758 3051 854 3119 Dei
882 3049 1145 3105 mundatis
1170 3056 1223 3101 et
1248 3046 1349 3116 piis
1371 3086 1386 3111 ,
1420 3053 1477 3098 ut
1495 3041 1850 3113 jucundemur
1877 3040 1931 3093 in
1958 3038 2071 3105 illo,

501 3155 555 3201 et
584 3145 722 3199 bene
749 3142 901 3208 nobis
929 3142 982 3209 in
1011 3148 1265 3194 aeternum
1293 3136 1361 3190 sit
1386 3149 1507 3189 cum
1536 3131 1896 3201 vultu'ipsius.

878 3261 2049 3290 Μ

513 3276 860 3303 τ--η-

892 3353 973 3431 ιΝ
1015 3349 1393 3435 PSALiuUM
1434 3347 1601 3419 CXL

1058 3471 1191 3536 ENA
1200 3468 1475 3525 RRATIO.

992 3595 1161 3637 εειιιιο
1192 3596 1259 3635 ΑΙ)
1280 3592 1541 3641 ΡοΡυιυιι.

569 3698 621 3751 1.
664 3694 933 3763 Audistis,
965 3692 1189 3761 fratres,
1217 3690 1632 3758 admonitionem
1673 3695 1727 3743 et
1765 3685 2071 3758 petitionem

496 3798 732 3844 nostram
772 3803 839 3855 ex
878 3801 973 3841 ore
1010 3784 1284 3859 Apostoli,
1314 3798 1435 3839 cum
1480 3780 1596 3850 ejus
1637 3778 1796 3835 modo
1842 3777 2074 3846 Epistola

500 3880 788 3950 legeretur.
820 3876 908 3943 Ait
941 3876 1085 3931 enim
1116 3893 1128 3929 :
1166 3873 1395 3929 Orationi
1425 3872 1700 3938 instantes,
1732 3869 1993 3940 vigilantes
2020 3866 2075 3920 in

495 3973 619 4047 illa;
666 3978 864 4037 orantes
888 3968 1040 4030 simul
1064 3976 1111 4021 et
1136 3983 1227 4037 pro
1251 3965 1390 4019 nobis
1415 4006 1430 4032 ,
1461 3974 1517 4017 ut
1541 3963 1680 4018 Deus
1713 3960 1909 4032 aperiat
1934 3959 2075 4021 nobis

497 4062 679 4133 ostium
705 4059 837 4125 uerbi
874 4058 941 4115 ad
963 4057 1263 4129 loquendum
1289 4055 1577 4126 mysterium
1602 4055 1733 4124 ejus,
1764 4060 1817 4105 ut
1850 4050 2071 4121 manife-

496 4162 624 4207 stem
652 4152 801 4219 illud,
820 4153 945 4205 sicut
971 4158 1163 4221 oportet
1186 4165 1263 4205 me
1286 4148 1421 4216 loqui
1445 4146 1663 4219 (Coloss.
1686 4160 1762 4210 iv,
1781 4141 1919 4213 2—4).
1951 4141 2076 4196 ΙΙωο

494 4244 658 4305 verba
694 4244 851 4298 etiam
881 4255 997 4296 mea
1023 4240 1280 4311 deputare
1321 4236 1628 4315 dignemini.
1673 4234 1809 4297 Sunt
1846 4232 1987 4298 enim
2019 4232 2071 4299 in

497 4332 787 4404 Scripturis
834 4330 1031 4386 sanctis
1079 4327 1339 4399 profunda
1383 4325 1657 4395 mysteria,
1708 4339 1826 4393 quae
1862 4321 1929 4377 ad
1974 4322 2077 4379 hoc

497 4422 914 4488 absconduntur,
959 4436 1027 4476 ne
1066 4406 1361 4484 vilescant;
1405 4415 1472 4471 ad
1514 4415 1617 4470 hoc
1661 4422 1989 4486 quaeruntur,
2018 4420 2078 4466 ut

499 4521 823 4580 exerceant;
875 4511 939 4567 ad
980 4512 1083 4575 hoc
1123 4510 1450 4580 aperiuntur,
1477 4515 1536 4561 ut
1567 4514 1805 4577 pascant.
1836 4504 2075 4567 Psalmns

502 4594 685 4675 quem
708 4602 867 4665 modo
906 4600 1259 4665 cantavimus,
1293 4600 1343 4653 in
1374 4598 1553 4662 multis
1577 4596 1851 4652 sententiis
1878 4594 2075 4659 subob-

498 4711 688 4752 scurus
716 4704 817 4756 est.
864 4693 993 4750 Cum
1018 4735 1033 4759 ,
1062 4693 1345 4763 adjuvante
1373 4692 1597 4746 Domino
1619 4730 1634 4753 ,
1668 4703 1731 4742 ea
1773 4702 1890 4757 quae
1934 4685 2075 4749 dicta

499 4794 661 4852 sunt,
696 4786 810 4851 erui
839 4794 893 4841 et
917 4786 1109 4855 exponi
1139 4784 1398 4853 eruperint
1417 4822 1431 4848 ,
1462 4779 1707 4836 videbitis
1734 4778 1836 4833 hoc
1864 4792 1961 4831 vos
1985 4792 2078 4831 au-

505 4877 621 4931 dire
654 4876 794 4946 quod
821 4877 930 4945 jam
958 4876 1246 4930 noveratis.
1277 4874 1381 4930 Sed
1408 4873 1528 4927 ideo
1554 4871 1911 4941 multipliciter
1937 4868 2076 4923 dicta

497 4977 644 5036 sunt,
668 4977 724 5023 ut
746 4968 976 5025 varietas
995 4967 1277 5022 locutionis
1298 4965 1562 5020 fastidium
1589 4963 1800 5018 tolleret
1820 4962 2075 5017 veritatis.

567 5059 622 5125 2.
655 5058 791 5137 Quid
813 5058 955 5121 enim
974 5058 1221 5137 amplius,
1244 5058 1453 5121 fratres,
1474 5055 1557 5109 vel
1576 5052 1836 5117 Salub‘rius
1850 5053 2078 5113 audituri

497 5161 551 5207 et
574 5150 840 5223 cognituri
861 5150 1010 5214 estis,
1036 5164 1219 5221 quam,
1235 5148 1427 5221 Diliges
1458 5147 1727 5201 Dominum
1749 5146 1911 5201 Deum
1938 5156 2076 5209 tuum

501 5260 564 5297 ea:
591 5251 693 5296 toto
714 5242 864 5296 corde
891 5250 996 5309 tuo,
1020 5248 1065 5293 et
1087 5256 1147 5301 ca:
1168 5249 1269 5292 tota
1298 5239 1466 5292 anima
1498 5246 1603 5303 tua,
1627 5246 1673 5290 et
1704 5254 1764 5291 ea:
1784 5246 1887 5289 tota
1919 5230 2081 5288 mente

500 5344 585 5387 tua
604 5351 625 5401 ;
647 5341 721 5399 et,
746 5332 939 5405 Diliges
961 5333 1244 5409 proximum
1272 5340 1407 5383 tuum
1431 5338 1670 5398 tanquam
1697 5328 1906 5408 teipsum
1928 5328 1953 5379 ?
1973 5325 2078 5380 Sed

497 5441 566 5481 ne
598 5425 791 5496 putetis
822 5402 937 5479 hinc
962 5402 1067 5477 duo
1095 5431 1353 5492 prmcepta
1380 5435 1539 5496 parva
1566 5433 1685 5474 esse
1716 5437 1730 5487 ξ
1759 5402 1822 5471 In
1853 5418 1928 5483 his
1955 5417 2080 5471 duo-

498 5517 590 5570 bus
617 5517 881 5587 prteceptis
904 5523 1007 5570 tota
1026 5514 1133 5569 Lex
1151 5512 1331 5584 pendet
1353 5521 1400 5566 et
1422 5511 1690 5582 Propheta:
1707 5510 1920 5579 (Matth.
1943 5526 2077 5577 xxu,

498 5606 718 5677 37-40).
756 5604 1024 5676 Quidquid
1065 5620 1193 5675 ergo
1236 5602 1519 5658 salubriter
1558 5610 1733 5656 mente
1762 5602 2076 5670 concipitur,

501 5699 587 5754 vel
625 5714 718 5755 ore
752 5698 1041 5769 profertur,
1072 5697 1152 5752 vel
1190 5696 1256 5752 de
1294 5695 1529 5765 qualibet
1555 5694 1731 5759 divina
1767 5695 1951 5764 pagina
1982 5708 2078 5747 ex-

510 5790 783 5863 sculpitur,
826 5805 931 5847 non
959 5790 1118 5854 habet
1146 5787 1303 5844 liuem
1331 5785 1434 5844 nisi
1462 5784 1795 5845 charitatem.
1832 5784 1955 5840 llaec
1985 5798 2077 5840 au-

1698 384 1753 439 S.
1797 379 2152 443 AUGUSTI)”
2198 381 2492 437 EPISCOPI

3633 379 3769 440 l8l6

2198 502 2301 552 tem
2347 492 2575 548 charitas
2624 507 2727 547 non
2782 491 3177 562 qualiscumque
3213 498 3314 551 est.
3361 488 3491 551 Nam
3537 498 3593 545 et
3633 488 3771 549 male

2190 586 2429 645 viventes
2468 582 2779 640 irretiuntur
2805 581 2903 637 sibi
2946 582 3198 643 societate
3232 580 3449 650 perdit-.2
3486 578 3771 633 conscien.

2189 677 2296 742 tiae,
2317 684 2370 731 et
2386 675 2629 730 dicuntur
2649 688 2828 728 amare
2853 687 2932 736 se,
2961 672 3102 727 nolle
3128 670 3402 728 discedere
3419 669 3487 724 ab
3514 670 3767 735 invicem,

2188 768 2298 825 suis
2314 766 2754 828 collocutionibus
2775 764 3071 828 conciliari,
3092 763 3396 818 desiderare
3420 776 3479 817 se
3495 762 3769 824 absentes,

2188 856 2420 930 gaudere
2448 856 2514 911 ad
2542 856 2881 925 praesentiam
2928 869 3100 909 suam.
3144 854 3309 909 Amor
3356 853 3455 907 iste
3486 861 3776 915 tartareus

2188 959 2270 1006 est
2298 968 2311 1007 :
2342 950 2544 1004 viscum
2573 946 2731 1007 habet
2754 988 2771 1017 ,
2819 961 2923 1015 quo
2952 944 3164 1013 dcjieiat
3194 943 3245 997 in
3276 941 3629 1016 profundum;
3663 959 3770 997 non

2187 1056 2391 1113 pennas
2420 1082 2435 1107 ,
2462 1040 2653 1113 quibus
2678 1039 2819 1101 levet
2844 1038 2897 1101 in
2922 1038 3138 1093 coelum.
3169 1036 3299 1104 Qum
3329 1043 3411 1089 est
3435 1034 3612 1089 autem
3638 1034 3773 1096 cha-

2187 1134 2339 1201 ritas,
2365 1143 2421 1191 ut
2451 1148 2482 1191 a
2510 1132 2717 1187 cmteris
2750 1146 2869 1203 qua:
2894 1130 3225 1204 appellantur
3252 1127 3560 1194 cbaritates,
3588 1141 3775 1198 aegr-ee

2186 1235 2341 1297 getur
2377 1232 2433 1291 et
2468 1222 2860 1295 distinguatur?
2898 1220 2973 1275 Ea
3005 1236 3123 1290 qua:
3152 1219 3383 1275 Charitas
3421 1218 3618 1282 dicitur
3644 1234 3770 1273 vera

2188 1314 2630 1379 Christianorum,
2678 1327 2708 1367 a
2752 1312 2916 1367 Paulo
2944 1310 3163 1374 deﬁnita
3204 1318 3305 1374 est,
3349 1317 3508 1379 atque
3545 1308 3617 1363 ita
3656 1308 3769 1373 suis

2188 1406 2505 1477 quibusdam
2535 1404 2774 1469 terminis
2802 1402 3223 1472 circumscripta,
3250 1415 3367 1466 eum
3395 1401 3465 1455 sit
3492 1399 3769 1455 divinitate

2186 1500 2406 1563 inﬁnita,
2432 1507 2488 1552 ut
2509 1497 2727 1554 omnino
2746 1496 3076 1551 discernatur
3101 1509 3131 1547 a
3157 1493 3385 1555 caneris.
3414 1491 3563 1549 Finis
3589 1493 3757 1559 enim,

2186 1593 2372 1663 inquit,
2403 1590 2636 1663 praecepti
2665 1598 2736 1643 est
2765 1588 3004 1643 charitas.
3040 1586 3228 1643 Posset
3252 1585 3526 1656 hucusque
3558 1584 3763 1640 dicere.

2184 1686 2315 1747 Nam
2356 1685 2474 1740 aliis
2516 1684 2649 1746 locis
2679 1682 2767 1737 ubi
2807 1691 3053 1753 tanquam
3084 1679 3371 1736 scientibus
3409 1677 3757 1748 loquebatur,

2185 1777 2455 1847 hucusque
2475 1776 2637 1837 dixit:
2667 1773 2955 1840 Plenitudo,
2976 1772 3160 1843 inquit,
3182 1772 3305 1843 legis
3337 1768 3755 1839 charitas(Rom.
3847 1755 3859 1768 ’

2186 1884 2310 1934 xm,
2346 1866 2474 1938 l0);
2524 1875 2577 1921 et
2605 1880 2710 1919 non
2743 1863 2875 1919 dixit
2902 1862 3074 1937 qualis
3105 1860 3359 1925 charitas.
3390 1857 3515 1913 ldeo
3544 1859 3616 1913 ibi
3656 1874 3764 1913 non

2184 1961 2334 2024 dixit,
2358 1960 2480 2031 quia
2501 1958 2631 2013 dixit
2652 1956 2810 2012 alibi:
2838 1970 2941 2011 non
2965 1955 3107 2021 enim
3134 1953 3325 2024 ubique
3345 1952 3521 2005 omnia
3543 1950 3647 2006 dici
3672 1959 3767 2011 aut

2182 2058 2425 2120 possunt”
2445 2058 2534 2102 aut
2555 2047 2767 2105 debent.
2794 2046 2931 2115 Ergo
2958 2044 3062 2108 hic,
3082 2042 3355 2105 Plenitudo
3376 2041 3499 2112 legis
3518 2042 3762 2096 charitas.

2184 2138 2470 2210 Quzerebas
2501 2136 2660 2204 forte,
2691 2151 2807 2205 quae
2833 2134 3111 2201 charitas?
3148 2132 3319 2205 qualis
3347 2130 3618 2191 Charitas?
3655 2131 3769 2193 Au-

2182 2232 2264 2287 dis
2308 2231 2411 2285 alio
2458 2230 2575 2291 loco
2609 2247 2621 2281 :
2655 2227 2801 2294 Finis
2847 2225 3084 2298 prwcepti
3127 2234 3199 2286 est
3241 2223 3459 2286 charitas
3506 2222 3569 2275 de
3615 2221 3768 2286 corde

2183 2337 2330 2393 puro.
2384 2319 2498 2375 Jam
2535 2317 2711 2375 videte
2754 2327 2926 2372 utrum
2973 2316 3110 2380 inter
3153 2328 3211 2369 se
3250 2314 3486 2378 latrones
3531 2311 3767 2378 habeant

2182 2413 2495 2469 charitatem
2539 2410 2605 2466 de
2650 2425 2783 2481 puro
2817 2409 2997 2465 corde.
3038 2408 3233 2463 Purum
3274 2421 3369 2461 cor
3406 2406 3459 2461 in
3503 2404 3766 2468 charitate

2182 2504 2285 2573 hoc
2324 2514 2406 2559 est
2426 2545 2441 2570 ,
2484 2502 2694 2573 quando
2724 2500 2897 2571 diligis
2927 2499 3195 2554 hominem
3225 2497 3515 2553 secundum
3545 2495 3717 2550 Deum
3746 2509 3763 2561 ;

2180 2598 2302 2669 quia
2341 2605 2395 2652 et
2433 2596 2660 2665 teipsum
2699 2592 2777 2648 sic
2804 2592 2967 2647 debes
2993 2590 3212 2660 diligere
3235 2630 3251 2655 ,
3278 2597 3338 2643 ut
3364 2603 3471 2642 non
3502 2595 3647 2642 erret
3673 2602 3765 2640 re-

2180 2689 2323 2761 gula,
2375 2686 2568 2757 Diliges
2615 2684 2903 2755 proximum
2948 2692 3087 2735 tuum
3132 2688 3369 2753 tanquam
3418 2677 3654 2747 teipsum.
3705 2678 3765 2734 Si

2181 2782 2321 2836 enim
2350 2778 2486 2841 male
2517 2785 2567 2832 te
2596 2774 2772 2848 diligis
2794 2782 2848 2829 et
2867 2773 3154 2837 inutiliter;
3178 2771 3249 2824 ita
3275 2778 3328 2826 et
3356 2768 3652 2839 proximum
3682 2767 3765 2820 di-

2181 2871 2421 2944 ligendo,
2448 2869 2573 2940 quid
2613 2868 2661 2922 ei
2689 2865 2958 2923 consulis?
3000 2863 3279 2932 Quomodo
3318 2871 3495 2916 autem
3540 2870 3591 2915 te
3621 2859 3766 2915 male

2179 2965 2389 3036 diligis?
2428 2962 2703 3039 Quomodo
2742 2960 2957 3023 innuit‘
2988 2957 3259 3029 Scriptura
3283 2997 3298 3020 ,
3339 2968 3458 3025 qua:
3488 2951 3761 3007 neminem

2180 3058 2376 3138 palpet,
2405 3066 2458 3111 et
2483 3054 2749 3117 convincit
2769 3054 2889 3124 quia
2919 3067 3023 3112 non
3048 3060 3099 3109 te
3120 3049 3332 3121 diligis;
3362 3048 3467 3107 imo
3493 3043 3765 3103 convincit
3814 3060 3819 3061 ί

2177 3135 2301 3221 quia
2327 3156 2380 3204 et
2404 3147 2564 3213 odisti
2593 3155 2681 3202 te:
2718 3145 2814 3213 Qui
2841 3153 3007 3206 autem
3029 3184 3044 3207 ,
3086 3142 3257 3212 inquit
3281 3180 3295 3204 ,
3325 3138 3487 3208 diligit
3517 3135 3761 3205 iniquita-

2179 3251 2277 3309 tem
2298 3283 2313 3307 ,
2346 3240 2450 3297 odit
2488 3239 2707 3301 animam
2737 3253 2880 3299 suam
2908 3235 2928 3308 (
2953 3234 3097 3290 Psnl.
3122 3250 3155 3288 x
3180 3275 3194 3299 ,
3223 3232 3259 3297 ti
3277 3234 3316 3303 ).
3350 3230 3404 3286 Si
3431 3244 3558 3299 ergo
3583 3227 3760 3298 diligis

2178 3334 2527 3404 iniquitatem,
2571 3341 2722 3402 putas
2761 3328 2902 3400 quod
2933 3329 3156 3398 teipsum
3187 3324 3411 3395 diligas?
3448 3324 3648 3377 Erras:
3684 3320 3761 3373 ita

2178 3432 2233 3481 et
2259 3424 2557 3495 proximum
2586 3422 2831 3492 diligens,
2857 3419 2925 3477 ad
2953 3418 3280 3489 iniquitatem
3308 3416 3492 3481 duces,
3524 3422 3576 3468 et
3597 3411 3764 3466 dilecv

2178 3517 2253 3579 tio
2274 3526 2361 3571 tua
2387 3516 2606 3586 laqueus
2627 3516 2727 3569 crit
2746 3512 2944 3570 dilecti.
2973 3511 3206 3573 Charitas
3231 3524 3357 3579 ergo
3379 3505 3441 3571 de
3462 3521 3587 3578 puro
3609 3502 3763 3557 corde

2177 3617 2259 3667 est
2286 3622 2407 3679 quas
2432 3615 2516 3669 est
2542 3604 2831 3669 secundum
2867 3604 3031 3657 Deum
3059 3642 3078 3670 ι
3103 3610 3149 3655 et
3173 3598 3477 3653 conscientia
3508 3597 3637 3650 bona
3662 3634 3678 3660 ,
3710 3602 3762 3648 et

2177 3698 2279 3768 ﬁde
2308 3714 2407 3750 non
2435 3697 2554 3766 ﬁcta
2585 3694 2801 3767 (lTim.
2834 3696 2856 3749 l
2889 3735 2904 3759 ,
2932 3693 2965 3747 5
2985 3692 3024 3764 ),.
3061 3691 3161 3746 Ista
3190 3688 3428 3754 charitas
3450 3685 3661 3740 definita
3690 3682 3763 3746 ab

2178 3787 2436 3858 Apostolo
2488 3786 2652 3841 habet
2703 3785 2810 3840 duo
2860 3791 3163 3855 pra-cepta;
3208 3777 3507 3834 dilectionis
3551 3775 3674 3840 Dei,
3706 3780 3763 3827 et

2177 3877 2478 3934 dilectionis
2517 3875 2764 3947 proximi.
2812 3873 2869 3929 In
2911 3872 3069 3928 nullis
3094 3869 3382 3939 Scripturis
3408 3864 3547 3920 aliud
3577 3864 3761 3933 requi-

2168 3971 2328 4043 Vratis,
2359 3983 2517 4024 nemo
2540 3967 2689 4022 vobis
2715 3965 2855 4021 aliud
2878 3964 3167 4035 praecipiat.
3190 3958 3455 4030 Quidquid
3476 3957 3759 4012 obscurum

2178 4072 2257 4129 est
2298 4061 2351 4115 in
2396 4059 2691 4129 Scriptura,
2740 4056 2857 4112 lucc
2900 4055 2969 4110 ibi
3000 4054 3200 4110 occulta
3232 4061 3315 4108 est
3345 4069 3358 4105 :
3390 4046 3643 4119 quidquid
3680 4044 3757 4099 ibi

2180 4152 2395 4224 planum
2426 4157 2546 4214 est,
2574 4148 2690 4214 haec
2733 4146 2804 4201 ibi
2842 4152 3023 4216 aperta
3053 4152 3154 4198 est.
3186 4141 3240 4197 Si
3281 4153 3541 4209 nusquam
3577 4141 3761 4205 aperta

2180 4251 2323 4309 esset
2348 4283 2364 4310 ,
2392 4257 2501 4303 non
2531 4250 2583 4295 te
2611 4246 2853 4311 pasceret
2884 4254 2898 4291 :
2930 4236 2975 4291 si
3006 4248 3265 4304 nusquam
3297 4229 3502 4286 occulta
3528 4268 3544 4294 ,
3571 4240 3679 4281 non
3709 4232 3763 4280 to

2180 4342 2477 4397 exerceret.
2533 4332 2656 4395 llam
2700 4330 2936 4397 charitas
2977 4327 3171 4391 clamat
3200 4325 3267 4384 de
3295 4322 3457 4379 corde
3491 4335 3625 4392 puro
3648 4358 3663 4383 ,
3692 4317 3766 4372 de

2179 4426 2340 4487 corde
2367 4426 2550 4489 talium
2584 4425 2635 4477 in
2663 4422 2747 4487 his
2774 4420 2985 4484 verbis,
3014 4417 3185 4488 qualis
3216 4416 3303 4482 hic
3329 4413 3485 4479 modo
3512 4421 3652 4469 orat.
3693 4408 3766 4467 Et

2179 4521 2297 4592 quis
2324 4520 2422 4574 iste
2449 4519 2537 4581 sit,
2566 4517 2673 4579 cito
2701 4513 2925 4569 dixerim
2954 4529 2966 4565 :
2998 4510 3239 4575 Christus
3265 4515 3370 4568 est.

2250 4611 2304 4666 '5.
2345 4607 2585 4669 Audituri
2616 4615 2793 4670 autem
2829 4602 2958 4658 estis
2988 4600 3144 4656 verba
3171 4613 3288 4668 qua:
3316 4596 3383 4651 de
3414 4593 3639 4649 Domino
3666 4604 3763 4644 no-

2180 4714 2291 4769 stro
2312 4702 2437 4759 Jesu
2454 4700 2663 4757 Christo
2688 4697 2900 4767 indigne
2925 4693 3273 4761 accipiuntur,
3288 4697 3340 4743 et
3358 4686 3556 4758 putabit
3576 4696 3763 4754 parum

2180 4793 2484 4864 intelligens
2516 4800 2716 4846 temere
2745 4802 2833 4851 me
2861 4786 3057 4841 dixisse
3085 4781 3281 4836 Christi
3316 4794 3435 4835 esse
3477 4786 3765 4847 personam

2182 4886 2236 4951 in
2290 4863 2389 4945 hoc
2438 4881 2662 4951 psalmo.
2711 4875 2990 4944 Quomodo
3039 4874 3180 4930 enim
3225 4877 3397 4941 potest
3432 4867 3499 4921 de
3539 4863 3768 4919 Domino

2183 4987 2366 5037 nostro
2388 4973 2512 5040 Jesu
2540 4971 2774 5036 Christo,
2803 4968 2870 5033 de
2901 4968 2989 5021 illo
3021 4980 3157 5034 agno
3183 4960 3545 5025 immaculato,
3578 4956 3646 5011 de
3672 4954 3768 5009 illo

2185 5067 2237 5125 in
2279 5082 2384 5136 quo
2428 5064 2545 5121 solo
2580 5077 2688 5127 non
2725 5070 2807 5115 est
2845 5059 3118 5114 inventum
3158 5062 3467 5136 peccatum,
3498 5049 3589 5118 qui
3620 5047 3769 5104 solus

2184 5157 2461 5217 verissime
2502 5155 2680 5209 dicere
2725 5150 2930 5219 potuit,
2976 5148 3107 5215 Ecce
3145 5130 3275 5199 venit
3316 5145 3546 5223 princeps
3588 5138 3773 5192 mundi

2186 5250 2366 5319 hujus,
2386 5257 2439 5301 ,et
2473 5246 2525 5298 in
2547 5262 2626 5299 me
2661 5242 2790 5308 nihil
2816 5240 3030 5295 inveniet
3060 5236 3243 5308 (Joan.
3272 5251 3385 5303 xlv,
3408 5232 3501 5302 '50)
3527 5272 3547 5305 ,ι
3578 5230 3634 5285 id
3660 5238 3769 5296 est,

2186 5338 2382 5405 nullam
2405 5336 2637 5406 culpam,
2663 5333 2863 5387 nullum
2892 5338 3101 5393 reatum
3130 5344 3147 5393 ;
3174 5326 3265 5397 qui
3296 5325 3461 5389 solus,
3487 5320 3632 5391 quod
3660 5334 3772 5374 non

2184 5429 2391 5503 rapuit,
2421 5410 2729 5485 exsolvebat
2755 5421 2773 5492 (
2804 5420 2945 5475 Psal.
2973 5433 3154 5489 vam,
3182 5416 3291 5487 5);
3321 5414 3407 5486 qui
3436 5412 3583 5468 solus
3609 5412 3769 5465 iuno-

2184 5530 2393 5575 ceutem
2437 5514 2748 5587 sanguinem
2790 5511 2962 5578 fudit,
3010 5509 3173 5564 Filius
3202 5508 3295 5562 Dei
3325 5505 3514 5561 unicus
3543 5515 3769 5557 carnem

2184 5612 2470 5680 accipiens,
2502 5622 2605 5661 non
2636 5620 2737 5676 qua
2770 5605 2883 5672 ipse
2914 5603 3261 5666 minueretur,
3295 5594 3390 5652 sed
3417 5609 3517 5665 qua
3549 5608 3646 5647 nos
3673 5606 3770 5645 au-

2248 5731 2263 5760 ί
2292 5728 2365 5777 sic
2380 5725 2565 5787 aliquot
2579 5728 2686 5773 Mss.
2713 5721 2800 5773 Alii
2819 5731 2965 5769 vero:
2993 5713 3234 5779 Quomodo
3267 5710 3459 5771 invenit.
3492 5707 3624 5758 ωᾱά
3651 5713 3757 5768 (rio

2186 5788 2325 5843 modo
2348 5796 2390 5839 te
2412 5786 2602 5843 invenir.
