4038 6490
269 382 401 438 1817

269 498 418 560 geret
448 509 459 543 :
488 485 757 559 quomodo
780 500 907 556 ergo
926 484 994 541 de
1018 485 1118 541 ista
1148 498 1373 553 persona
1394 493 1540 537 recte
1564 479 1839 549 accipitur,

272 580 437 645 Pone,
464 577 698 645 Domine,
720 577 1003 633 custodiam
1021 576 1099 630 ori
1118 570 1314 639 meo,et
1332 574 1512 629 ostium
1532 571 1848 626 continentia

272 671 465 725 circum
511 667 646 731 labia
689 683 801 722 mea
819 707 834 731 ,
874 676 929 721 ut
957 674 1056 720 nan
1087 665 1304 719 declines
1325 680 1412 718 cor
1435 679 1600 716 meum
1624 663 1675 714 in
1702 659 1847 713 uerba

274 758 501 829 maligna
527 757 594 811 ad
620 757 932 812 excusandas
960 755 1298 810 excusationes
1322 754 1373 806 in
1398 750 1650 822 peccatis?
1680 748 1847 803 Mani-

274 851 566 907 festissime
590 851 785 920 quippe
813 850 914 905 iste
940 858 1023 904 est
1048 861 1237 903 sensus
1264 864 1278 900 :
1307 844 1521 901 Custodi
1544 884 1560 910 ,
1589 843 1809 897 Domine
1828 883 1844 907 ,

273 957 338 999 os
376 957 555 997 meum
589 941 749 1009 janua
778 939 1006 1009 quadam
1037 947 1092 994 et
1127 938 1264 993 ostio
1296 935 1540 1007 praecepti
1571 935 1679 1001 tui,
1712 942 1769 988 ut
1794 933 1845 986 in

272 1033 434 1088 verba
463 1032 690 1102 maligna
724 1045 832 1086 non
856 1030 1154 1086 decliuetur
1192 1044 1286 1083 cor
1310 1042 1505 1082 meum.
1530 1025 1660 1093 Quae
1686 1024 1847 1079 verba

275 1124 545 1193 maligna?
585 1123 789 1189 Quibus
840 1129 1159 1177 excusantur
1204 1129 1439 1191 peccata.
1482 1117 1596 1184 Ne,
1644 1116 1847 1185 inquit,

280 1221 498 1283 peccata
542 1228 659 1267 mea
702 1211 881 1269 malim
908 1225 1161 1277 excusare
1184 1251 1200 1273 ,
1222 1223 1378 1278 quam
1409 1220 1677 1266 accusare.
1728 1205 1851 1260 Haec

272 1302 439 1357 verba
470 1303 520 1356 in
568 1302 737 1372 ipsum
784 1301 1063 1357 Dominum
1115 1308 1350 1355 nostrum
1378 1296 1556 1353 .lesum
1581 1295 1851 1351 Christum

275 1410 386 1449 non
417 1394 632 1459 cadunt.
664 1393 793 1461 Qua:
833 1394 977 1449 enim
1016 1394 1102 1447 ille
1143 1400 1358 1462 peccata
1403 1389 1687 1455 commisit,
1733 1403 1853 1458 quae

274 1485 518 1543 Conﬁteri
566 1486 741 1555 potius
778 1500 935 1555 quam
981 1483 1266 1547 defendere
1311 1482 1614 1539 debuisset?
1662 1480 1851 1536 Nostra

275 1576 438 1629 verba
479 1576 578 1629 ista
616 1584 759 1630 sunt.
805 1574 959 1632 Certe
996 1574 1239 1629 Christus
1285 1573 1533 1641 loquitur.
1572 1570 1625 1626 Si
1672 1581 1853 1625 nostra

276 1665 444 1719 verba
463 1673 604 1730 sunt,
619 1664 885 1735 quomodo
900 1664 1142 1725 Christus
1163 1662 1427 1732 loquitur?
1449 1661 1516 1717 Et
1537 1661 1624 1714 tibi
1641 1669 1721 1715 est
1736 1659 1855 1714 cha-

276 1762 410 1815 rilas
425 1760 490 1815 de
506 1777 607 1830 qua
624 1760 917 1830 loquebar?
938 1758 1165 1813 Nescitis
1186 1757 1306 1827 quia
1339 1757 1449 1825 ipsa
1482 1771 1640 1809 unum
1672 1769 1767 1807 nos
1788 1751 1853 1808 fo-

274 1853 352 1907 cit
384 1852 436 1906 in
463 1852 714 1907 Christo?
737 1850 978 1907 Charitas
1004 1849 1195 1905 clamat
1214 1848 1279 1903 ad
1300 1845 1568 1902 Christum
1590 1845 1655 1900 de
1678 1844 1850 1911 nobis,

275 1941 525 1997 Charitas
554 1943 746 1998 clamat
772 1941 838 1995 de
861 1941 1070 1996 Christo
1097 1955 1192 2010 pro
1221 1938 1393 1994 nobis.
1421 1936 1697 2005 Quomodo
1723 1937 1850 1990 cha-

276 2035 414 2088 ritas
440 2033 630 2087 clamat
659 2031 723 2086 ad
751 2030 1018 2088 Christum
1045 2031 1110 2085 de
1140 2028 1326 2088 nobis?
1356 2027 1421 2081 Et
1450 2028 1564 2089 erit,
1589 2027 1750 2081 omnis
1770 2026 1855 2095 qui

275 2123 579 2187 invocaverit
619 2138 799 2183 nomen
841 2121 1076 2185 Domini,
1119 2121 1285 2176 salvus
1326 2120 1415 2173 erit
1446 2117 1596 2188 (lae!
1624 2134 1693 2183 ιι,
1725 2116 1852 2186 ΞΞ).

275 2213 559 2279 Quomodo
579 2212 811 2267 Charitas
833 2212 901 2267 de
919 2211 1131 2267 Christo
1154 2226 1246 2280 pro
1264 2210 1416 2265 nobis
1432 2211 1455 2262 ’ὲ
1474 2209 1649 2272 Sanle,
1676 2208 1851 2273 Saule,

274 2304 399 2374 quid
424 2320 505 2357 me
527 2304 833 2374 persequeris
866 2302 1013 2374 (Act.
1036 2318 1111 2368 tx,
1134 2303 1200 2372 4)
1224 2302 1247 2355 ?
1281 2301 1404 2368 Vos,
1428 2300 1596 2370 inquit
1624 2300 1854 2368 Aposto-

276 2391 386 2459 ius,
411 2394 525 2448 estis
553 2410 736 2464 corpus
762 2392 949 2447 Christi
972 2402 1018 2457 et
1042 2392 1260 2446 membra
1281 2392 1334 2460 (I
1351 2390 1468 2449 Cor.
1502 2407 1572 2446 ιιι
1590 2432 1606 2454 ,
1640 2388 1767 2461 27).
1798 2388 1855 2443 Si

276 2501 408 2556 ergo
450 2486 537 2545 ille
577 2494 772 2555 caput,
805 2501 903 2547 nos
945 2500 1173 2554 corpus,
1207 2500 1341 2541 unus
1384 2484 1541 2538 homo
1587 2483 1851 2552 loquitur;

275 2577 392 2642 sive
417 2585 576 2645 caput
597 2577 862 2645 loquatur,
894 2575 1007 2629 sive
1036 2574 1295 2639 membra,
1328 2588 1469 2632 unus.
1501 2572 1743 2627 Christus
1774 2573 1855 2626 lo-

275 2671 480 2737 quitur.
509 2667 575 2720 Et
598 2667 783 2735 capitis
805 2674 888 2722 est
905 2666 1174 2736 proprium
1207 2665 1347 2734 loqui
1369 2666 1526 2717 etiam
1557 2665 1608 2721 in
1632 2678 1855 2733 persona

273 2756 667 2813 membrorum.
704 2754 874 2825 Ipsam
920 2766 1152 2811 nostram
1197 2755 1631 2811 consuetudinem
1669 2755 1857 2810 adver-

277 2846 394 2906 tite.
427 2846 607 2900 Primo
635 2846 904 2916 quomodo
942 2846 1083 2915 loqui
1128 2848 1177 2899 in
1222 2846 1476 2901 membris
1514 2847 1708 2901 nostris
1749 2862 1855 2901 non

275 2946 458 3007 potest
488 2936 589 3003 nisi
619 2943 781 3007 caput
810 2938 953 3006 :jnm
981 2953 1109 2992 vero
1138 2946 1297 3007 caput
1325 2948 1564 2992 nostrum
1590 2936 1856 3008 quomodo

275 3031 524 3099 loquatur
551 3029 603 3083 in
635 3044 858 3099 persona
887 3031 1121 3086 omnium
1156 3032 1511 3087 membrorum
1538 3072 1552 3096 ,
1575 3031 1852 3087 advertite.

275 3120 333 3185 In
363 3129 588 3190 angusto
606 3119 698 3173 tibi
716 3120 903 3190 pedem
927 3121 1118 3190 aliquis
1142 3121 1309 3175 calcat
1337 3136 1349 3174 :
1378 3119 1563 3177 Calcas
1592 3136 1700 3187 me,
1728 3121 1859 3175 dicit

250 3218 457 3279 caput.
484 3209 793 3273 Vulneravit
815 3210 906 3265 tibi
931 3210 1119 3280 aliquis
1147 3226 1358 3265 manum
1386 3228 1399 3263 :
1426 3210 1723 3265 Vulnerasti
1747 3226 1853 3278 me,

274 3300 408 3355 dicit
447 3308 624 3370 caput.
654 3299 826 3371 Caput
869 3309 1014 3362 tuum
1056 3301 1230 3355 nullus
1258 3301 1462 3371 tetigit,
1494 3301 1586 3356 sed
1625 3301 1857 3369 loquitur

273 3393 456 3448 unitas
480 3392 807 3462 compaginis
828 3392 1067 3461 corporis
1095 3393 1190 3447 tui.
1220 3393 1468 3448 Omnium
1498 3392 1856 3447 membrorum

273 3494 491 3541 tuorum
517 3499 799 3555 personam
831 3486 941 3550 illa,
966 3500 1083 3555 quae
1114 3486 1165 3541 in
1195 3486 1369 3554 capite
1394 3493 1497 3550 est,
1530 3484 1707 3551 lingua
1736 3498 1856 3539 sus-

273 3578 442 3646 cepit,
477 3577 589 3645 ipsa
616 3590 713 3645 pro
742 3576 994 3632 omnibus
1021 3575 1185 3631 verbo
1209 3575 1463 3647 fungitur.
1491 3575 1582 3631 Sic
1609 3590 1735 3645 ergo
1763 3589 1859 3629 aue

275 3667 489 3723 diamus
516 3664 782 3722 Christum
803 3666 1144 3735 loquentem;
1177 3666 1270 3722 sed
1302 3667 1663 3736 unusquisque
1693 3681 1859 3735 agno-

274 3766 396 3813 scat
442 3758 515 3813 ibi
572 3771 757 3812 vocent
798 3772 985 3823 suam,
1033 3768 1276 3827 tanquam
1309 3758 1518 3812 haerens
1566 3757 1617 3810 in
1659 3755 1859 3811 Christi

276 3864 524 3918 corpore.
554 3847 853 3918 Aliquando
884 3847 1025 3902 enim
1053 3848 1287 3903 dicturus
1312 3856 1392 3902 est
1416 3847 1576 3902 verba
1596 3846 1648 3901 in
1666 3846 1858 3916 quibus

278 3941 458 3999 nullus
480 3950 717 3994 nostrum
738 3940 970 3995 inveniat
989 3955 1268 4010 personam
1291 3955 1462 4003 suam,
1486 3940 1577 3994 sed
1600 3938 1666 3995 ad
1685 3939 1856 3993 solum

278 4040 442 4101 caput
484 4032 818 4101 pertineant;
865 4047 969 4085 non
1013 4045 1071 4085 se
1118 4038 1292 4084 tamen
1332 4041 1544 4096 separat
1580 4046 1645 4085 ex
1685 4029 1860 4085 verbis

280 4123 483 4187 nostris
507 4130 560 4177 et
587 4122 651 4176 ad
679 4137 771 4176 sua
796 4123 1006 4192 propria
1035 4122 1190 4188 tollit,
1216 4121 1344 4176 vela
1368 4122 1479 4176 suis
1506 4121 1731 4191 pmpriis
1754 4136 1859 4174 non

280 4211 347 4281 ad
386 4220 568 4265 nostra
607 4211 761 4273 redit.
809 4213 883 4267 De
914 4212 1028 4283 ipso
1054 4212 1195 4267 enim
1224 4220 1278 4265 et
1306 4211 1372 4266 de
1399 4194 1631 4266 Ecclesia
1662 4213 1859 4267 dictum

280 4314 402 4366 est:
425 4302 589 4361 Erunt
610 4304 708 4357 duo
738 4308 788 4357 iu
810 4320 960 4357 carne
979 4312 1077 4361 una
1097 4303 1246 4375 (Gen.
1267 4320 1324 4368 ιι,
1349 4304 1462 4373 24).
1486 4304 1636 4360 Unde
1664 4313 1721 4360 et
1746 4305 1862 4375 ipse

281 4393 334 4453 in
356 4392 645 4462 Evangelio
675 4393 803 4457 dicit
826 4393 893 4452 de
912 4393 1009 4448 hac
1036 4394 1145 4463 ipsa
1176 4409 1234 4450 re
1263 4412 1275 4448 :
1305 4393 1426 4448 lam
1452 4396 1604 4465 igitur
1628 4413 1727 4451 non
1744 4407 1861 4452 sunt
1881 4437 1905 4453 ..

285 4485 407 4549 duo,
440 4484 527 4545 sed
550 4500 649 4538 una
674 4501 789 4541 caro
817 4484 1024 4556 (Matth.
1051 4500 1162 4549 nx,
1182 4484 1258 4557 6).
1277 4485 1403 4563 Hcce
1421 4502 1556 4540 nova
1579 4501 1682 4544 nou
1707 4499 1857 4551 sunt;

285 4588 313 4628 a
336 4574 485 4629 vobis
514 4589 723 4644 semper
743 4576 757 4605 ¹
780 4576 957 4629 audita
987 4586 1110 4631 sunt
1144 4595 1157 4631 :
1182 4577 1276 4632 sed
1322 4592 1419 4647 per
1439 4578 1746 4634 occasiones
1767 4594 1864 4635 ue-

285 4681 437 4721 cesse
459 4676 541 4721 est
573 4676 1071 4733 commemorentur,
1103 4670 1272 4737 primo
1292 4671 1414 4739 quia
1432 4671 1558 4739 ipsa:
1574 4670 1861 4741 Scriptura:

286 4772 417 4826 quas
445 4766 750 4822 tractamus,
795 4758 864 4812 ita
911 4758 1009 4813 sibi
1064 4768 1186 4813 sunt
1237 4759 1479 4827 innexae,
1510 4770 1568 4816 ut
1620 4764 1781 4817 multa
1809 4763 1861 4817 in

287 4848 469 4904 multis
498 4856 834 4916 repetantur;
865 4857 919 4902 et
957 4849 1084 4903 utile
1106 4858 1205 4903 est.
1230 4848 1366 4915 Cura
1390 4851 1528 4904 enim
1552 4852 1732 4906 mundi
1756 4852 1864 4920 spi-

212 4932 213 4937 “
287 4955 383 4997 nas
406 4938 585 5005 habet,
608 4947 662 4993 et
682 4940 873 4994 oil‘ocat
897 4940 1126 5007 semina;
1155 4949 1364 5010 oportet
1384 4943 1576 5010 saepius
1595 4943 1865 4998 aDomiuo

288 5030 696 5085 commemorari
735 5029 874 5099 quod
915 5030 1055 5103 cogit
1082 5030 1311 5085 mundus
1340 5032 1601 5087 oblivisci.

361 5123 415 5177 ι.
476 5122 647 5196 [rem
685 5124 734 5179 1.
761 5123 782 5197 ]
826 5124 1073 5190 Domine,
1104 5126 1314 5181 clamavi
1350 5126 1419 5191 ad
1449 5136 1518 5194 te,
1552 5128 1736 5181 exaudi
1764 5144 1860 5181 me.

291 5212 403 5267 Iloc
431 5227 618 5270 omnes
648 5228 931 5283 possumus
976 5216 1173 5273 dicere.
1221 5218 1332 5272 Hoc
1378 5232 1481 5277 non
1524 5218 1676 5284 dico,
1725 5227 1865 5273 totus

293 5301 534 5358 Christus
564 5303 690 5358 dicit
710 5322 723 5359 :
743 5303 837 5359 sed
863 5306 1029 5375 magis
1055 5322 1120 5362 ex
1151 5321 1371 5376 persona
1399 5308 1636 5377 corporis
1665 5309 1863 5364 dictum

292 5402 406 5458 est;
435 5393 557 5464 quia
586 5401 640 5448 et
668 5410 788 5449 cum
812 5394 896 5450 hic
914 5405 1076 5463 esset,
1110 5412 1323 5452 carnem
1354 5410 1567 5469 portans
1596 5401 1787 5467 oravit,
1810 5409 1866 5457 et

295 5498 362 5537 ex
401 5498 629 5553 persona
672 5487 912 5555 corporis
950 5488 1119 5542 oravit
1162 5488 1408 5555 Patrem,
1448 5500 1502 5545 et
1530 5506 1649 5545 cum
1688 5501 1867 5554 oraret

292 5573 433 5643 globi
456 5575 727 5644 sanguinis
758 5575 824 5631 de
854 5584 965 5630 toto
986 5592 1209 5647 corpore
1243 5579 1357 5646 ejus
1392 5580 1746 5636 dcstillabant.
1779 5582 1865 5639 Sic

292 5665 544 5733 scriptum
575 5674 656 5721 est
690 5665 743 5721 in
784 5666 1068 5737 Evangelia
1101 5686 1113 5721 :
1148 5668 1320 5723 Oravit
1353 5668 1505 5726 Iesus
1534 5671 1720 5727 intenta
1749 5689 1865 5728 ora-

356 5777 372 5808 ³
399 5776 506 5827 add.
530 5788 677 5839 πρε.
702 5785 756 5828 At
777 5785 865 5835 uss
886 5813 901 5841 ,
926 5791 1128 5840 semper.

1366 366 1759 429 ENARRATIO
1792 364 1858 422 IN
1896 361 2213 422 PSALMUM
2249 367 2401 425 CXL.

3390 375 3531 434 1818

1953 477 2107 540 tione,
2138 488 2183 532 et
2215 479 2413 534 sudavit
2440 482 2732 551 sanguinem
2773 482 2924 555 (Luc.
2956 499 3063 539 χιιι
3082 527 3096 552 ,
3123 484 3237 556 ιι).
3286 485 3422 554 Quid
3447 498 3529 544 est

1954 567 2019 621 de
2059 577 2168 622 toto
2205 584 2429 639 corpore
2465 573 2737 643 sanguinis
2766 574 2981 629 cfﬁuxio
3002 617 3014 639 ,
3046 576 3146 630 nisi
3176 576 3243 632 de
3281 585 3387 631 tota
3417 576 3523 633 Ec-

1953 658 2110 713 clesia
2135 670 2423 731 martyrum
2468 663 2679 731 passio?
2710 663 3185 731 Domine,‘clamavi
3214 668 3281 721 ad
3314 677 3361 722 te
3382 707 3401 734 ,
3436 685 3529 723 ex-

1953 748 2075 800 audi
2096 765 2173 803 me
2196 765 2214 803 :
2239 752 2439 804 intende
2468 754 2575 811 voci
2599 753 2963 823 deprecationis
2997 772 3152 823 meae,
3190 758 3310 810 dum
3341 760 3531 812 clama—

1953 853 2068 891 vero
2102 838 2168 890 ad
2203 848 2266 893 te.
2300 840 2418 895 Jam
2461 842 2664 896 ﬁnitum
2703 845 2970 913 negotium
2998 846 3257 900 clamandi
3287 848 3529 914 putabas,

1955 943 2075 983 cum
2102 929 2339 996 diceres,
2372 930 2598 987 Clamaui
2630 934 2697 987 ad
2733 943 2800 989 te.
2828 934 3100 1001 Clamasti,
3128 936 3236 1006 jam
3273 938 3382 991 noli
3411 952 3533 993 esse

1954 1034 2195 1078 securus.
2227 1023 2281 1078 Si
2312 1024 2453 1078 ﬁnita
2480 1035 2561 1080 est
2588 1026 2875 1092 tribulatio,
2905 1027 3085 1082 ﬁnitus
3110 1037 3190 1083 est
3218 1029 3455 1083 clamor:
3483 1030 3528 1082 si
3576 1088 3579 1089 ν

1954 1122 2129 1168 autem
2169 1123 2347 1169 manet
2386 1116 2654 1172 tribulatio
2684 1118 2936 1173 Ecclesia:
2971 1129 3024 1174 et
3064 1120 3305 1188 corporis
3333 1119 3529 1173 Christi

1956 1223 2126 1277 usque
2154 1208 2205 1261 in
2237 1209 2394 1263 ﬁnem
2426 1210 2627 1275 smculi,
2662 1227 2765 1265 non
2795 1220 2996 1266 tantum
3023 1212 3181 1278 dicat,
3215 1212 3434 1268 Clamavi
3464 1212 3532 1264 ad
3626 1232 3629 1233 ν

1956 1308 2021 1363 te,
2044 1299 2228 1354 exaudi
2247 1315 2327 1353 me
2336 1316 2355 1365 ;
2379 1300 2494 1368 sed,
2512 1300 2728 1355 Intende
2745 1304 2850 1356 uoci
2868 1302 3230 1373 deprecationis
3248 1318 3389 1368 metu,
3410 1304 3531 1356 dum

1956 1390 2237 1447 clamarem
2266 1391 2333 1444 ad
2361 1400 2426 1445 te.

2026 1484 2078 1538 5.
2121 1482 2286 1555 [uers.
2329 1483 2469 1556 εει]
2506 1484 2772 1557 Dirigatur
2806 1488 2967 1541 oratio
3007 1503 3117 1542 mea
3164 1496 3402 1557 tanquam
3444 1486 3527 1540 in-

1956 1590 2159 1628 censum
2186 1575 2238 1627 in
2263 1586 2531 1646 conspectu
2558 1586 2681 1640 tuo;
2706 1577 2912 1631 elevatio
2942 1593 3183 1631 manuum
3206 1594 3430 1631 mearum
3451 1594 3536 1631 sa-

1955 1666 2199 1734 cri/icium
2224 1669 2573 1737 vespertinum.
2600 1668 2715 1724 Hoc
2740 1669 2808 1724 de
2842 1668 2957 1739 ipso
2975 1669 3146 1739 capite
3171 1669 3348 1725 solere
3373 1670 3534 1724 intel-

1955 1756 2065 1826 ligi,
2095 1757 2266 1811 omnis
2290 1758 2609 1813 christianos
2637 1760 2897 1829 agnoscit.
2927 1759 3233 1814 Declinante
3253 1758 3393 1814 enim
3419 1759 3530 1828 jam

1957 1845 2044 1913 die
2067 1845 2119 1899 in
2144 1860 2443 1914 vesperum,
2477 1848 2731 1902 Dominus
2756 1848 2806 1902 in
2830 1861 2988 1903 cruce
3024 1848 3254 1902 animam
3290 1848 3536 1919 deposuit

1957 1945 2286 2005 recepturus,
2329 1952 2433 1991 non
2458 1939 2635 1993 amisit
2662 1940 2881 1993 invitus.
2907 1938 3013 1995 Sed
3041 1950 3216 1994 tamen
3261 1946 3318 2004 et
3340 1938 3410 1993 ibi
3436 1951 3534 1993 nos

1959 2025 2168 2096 ﬁgurati
2212 2042 2415 2083 sumus.
2461 2028 2597 2094 Quid
2638 2030 2778 2083 enim
2807 2029 2948 2084 illius
2991 2028 3242 2100 pependit
3280 2030 3331 2083 in
3372 2028 3533 2099 ligno,

1958 2117 2059 2171 nisi
2091 2116 2229 2187 quod
2258 2117 2325 2172 de
2364 2118 2518 2173 nobis
2556 2120 2791 2187 accepit?
2836 2119 2902 2173 Et
2941 2119 3082 2174 unde
3119 2118 3231 2173 ﬁeri
3277 2127 3452 2187 potest
3478 2125 3539 2173 ut

1957 2207 2243 2277 aliquando
2265 2209 2403 2263 Deus
2444 2209 2601 2264 Pater
2625 2209 2861 2264 dimittat
2883 2218 2939 2264 et
2966 2208 3180 2265 deserat
3203 2209 3416 2264 unicum
3444 2206 3537 2262 Fi-

1960 2299 2108 2365 lium,
2140 2300 2229 2369 qui
2258 2300 2441 2371 utique
2481 2315 2599 2356 cum
2631 2302 2721 2355 illo
2751 2316 2887 2355 unus
2918 2302 3058 2356 Deus
3093 2300 3215 2357 est?
3254 2300 3318 2355 Et
3360 2308 3535 2355 tamen

1959 2402 2194 2447 nostram
2220 2393 2577 2448 inﬁrmitatem
2606 2392 2772 2464 ﬁgens
2796 2394 2849 2448 in
2876 2408 3053 2461 cruce,
3092 2393 3180 2448 ubi
3218 2402 3356 2449 uetus
3385 2392 3535 2446 homo

1960 2492 2148 2550 noster,
2183 2483 2319 2538 sicut
2345 2482 2474 2537 dicit
2520 2485 2827 2553 Apostolus,
2875 2484 3105 2552 conﬁxus
3145 2491 3218 2551 est
3261 2482 3399 2536 cruci
3422 2496 3538 2535 cum

1960 2575 2070 2638 illo,
2116 2590 2183 2630 ex
2234 2590 2365 2631 voce
2404 2575 2569 2644 ipsius
2612 2574 2846 2630 hominis
2875 2577 3042 2631 nostri
3084 2573 3369 2629 clamavit:
3400 2572 3537 2627 Deus

1959 2679 2119 2728 meus,
2152 2662 2289 2717 Deus
2317 2680 2473 2728 meus,
2503 2664 2678 2733 utquid
2706 2681 2783 2717 me
2807 2664 3107 2733 deretiquisti
3136 2662 3304 2734 (Psal.
3326 2678 3435 2725 ut,
3465 2661 3534 2727 ες

1962 2753 2150 2811 Matth.
2179 2770 2344 2817 nvu,
2372 2755 2496 2826 46)?
2518 2754 2645 2809 Illud
2670 2771 2797 2825 ergo
2818 2764 2901 2809 est
2924 2754 3237 2809 sacriﬁcium
3269 2754 3537 2823 vesperti-

1959 2860 2109 2909 num,
2142 2844 2318 2913 passio
2359 2845 2593 2911 Domini,
2638 2861 2770 2900 crux
2807 2845 3034 2906 Domini,
3074 2845 3272 2900 oblatio
3311 2844 3539 2897 victima:

1959 2936 2227 3003 salutaris,
2272 2936 2639 2995 holocaustum
2681 2946 2956 3007 acceptum
2988 2938 3118 2992 Deo.
3161 2936 3291 2991 Illud
3333 2935 3539 2991 sacriﬁ-

1959 3029 2097 3084 cium
2128 3030 2487 3099 vespertinum
2510 3031 2632 3085 fecit
2660 3030 2711 3084 in
2741 3032 3133 3085 resurrectione
3155 3044 3345 3085 munus
3368 3036 3542 3083 malu-

1959 3120 2149 3179 tinum.
2173 3120 2356 3175 Oratio
2388 3136 2515 3191 ergo
2545 3137 2674 3191 pure
2701 3120 2900 3176 directa
2940 3121 3007 3175 de
3032 3121 3193 3176 corde
3221 3119 3381 3186 ﬁdeli,
3414 3126 3539 3173 tan-

1959 3228 2115 3282 quam
2168 3212 2236 3267 de
2291 3227 2383 3267 ara
2446 3221 2631 3267 sancta
2683 3212 2851 3281 surgit
2910 3212 3201 3266 incensum.
3265 3209 3404 3263 Nihil
3458 3218 3543 3263 est

1958 3303 2326 3361 delectabilius
2375 3302 2570 3357 odore‘
2613 3302 2819 3357 Domini
2852 3319 2866 3355 :
2896 3303 2973 3357 sic
3011 3302 3188 3357 oleant
3224 3314 3411 3356 omnes
3451 3300 3540 3371 qui

1958 3393 2204 3449 credunt.
2976 3448 2989 3453 ,

2031 3484 2084 3538 6.
2132 3502 2150 3535 ι
2180 3483 2343 3538 Vetus
2372 3501 2391 3535 I
2423 3498 2550 3553 ergo
2580 3501 2599 3535 ι
2630 3482 2789 3538 Ιιοιιιο
2818 3490 3019 3547 noster,
3054 3501 3074 3535 ι
3110 3482 3346 3551 Apostoli
3376 3481 3540 3536 verba

1959 3584 2106 3641 sunt,
2141 3592 2159 3625 ι
2193 3574 2430 3630 conﬁxus
2451 3584 2532 3629 est
2555 3575 2699 3629 cruci
2725 3589 2845 3631 cum
2876 3574 2997 3639 illo;
3026 3581 3083 3629 ut
3111 3583 3479 3637 evacuarctur,
3516 3590 3535 3624 ι

1960 3665 2151 3734 inquit,
2188 3683 2206 3719 ι
2235 3679 2428 3733 corpus
2450 3666 2671 3733 peccati,
2705 3674 2761 3720 ut
2789 3665 2924 3720 ultra
2964 3680 3069 3720 non
3100 3665 3393 3720 serviamus
3420 3679 3544 3733 pec-

1959 3767 2078 3812 cato
2106 3775 2125 3807 ι
2162 3755 2334 3828 (Rom.
2363 3772 2435 3821 vt,
2459 3756 2538 3819 6).
2570 3754 2696 3811 Inde
2734 3764 2789 3811 et
2836 3755 2889 3810 in
2936 3756 3053 3824 ipso
3080 3756 3283 3824 psalmo
3311 3770 3429 3809 cum
3461 3753 3545 3807 di-

1961 3856 2104 3902 ctum
2135 3856 2295 3909 esset,
2330 3863 2349 3897 ι
2383 3846 2522 3900 Deus
2545 3860 2716 3910 meus,
2750 3847 2889 3900 Deus
2926 3859 3117 3913 meus,‘
3139 3844 3321 3913 utquid
3345 3843 3540 3898 dereli-

1962 3938 2121 4009 quisti
2167 3952 2274 4003 me,
2307 3937 2462 4007 longe
2490 3953 2519 3990 a
2567 3938 2739 3992 salute
2779 3951 2933 4001 mea;
2966 3955 2985 3988 ι
3022 3936 3199 3990 statim
3245 3934 3543 4004 subjectum

1960 4037 2061 4095 est,
2100 4047 2118 4080 ι
2149 4028 2321 4084 Verba
2355 4028 2669 4083 delictorum
2702 4041 2963 4081 ineorum.
3001 4046 3019 4079 ι
3052 4027 3286 4093 Quorum
3314 4024 3541 4079 delicto-

1962 4136 2103 4186 rum,
2138 4118 2184 4173 si
2213 4127 2368 4188 caput
2397 4117 2683 4173 attendas?
2725 4118 2789 4172 Et
2813 4125 2989 4171 tamen
3030 4118 3145 4185 ejus
3175 4114 3334 4169 fuisse
3357 4128 3541 4168 vocem

1963 4212 2016 4266 in
2041 4211 2265 4281 psalmo,
2291 4211 2403 4280 ipse
2424 4208 2647 4264 testatus
2668 4218 2749 4263 est
2778 4209 2829 4263 in
2851 4224 3030 4273 cruce,
3063 4209 3174 4277 ipsa
3198 4205 3357 4261 verba
3385 4205 3539 4272 dixit,

1964 4302 2136 4371 ipsum
2167 4316 2377 4356 versum
2399 4300 2773 4370 pronuntiavit.
2807 4298 2923 4353 Non
2951 4307 3032 4352 est
3059 4297 3272 4352 relictus
3298 4295 3544 4351 humana:

1964 4394 2286 4465 conjectum
2314 4393 2484 4456 locus,
2519 4392 2695 4446 nullus
2723 4390 2945 4461 negandi
2968 4389 3143 4444 aditus
3171 4388 3544 4459 qualicumque

1964 4487 2271 4543 christiano.
2289 4483 2443 4553 Quod
2464 4484 2579 4553 lego
2605 4483 2656 4537 in
2690 4483 2913 4553 psalmo,
2944 4481 3045 4537 hoc
3066 4481 3222 4537 audio
3242 4496 3275 4536 a
3296 4480 3539 4536 Domino.

1967 4579 2022 4632 In
2063 4579 2178 4647 ipso
2225 4577 2384 4632 etiam
2434 4575 2641 4645 psalmo
2690 4590 2921 4645 agnosco
2964 4574 3105 4644 quod
3151 4574 3205 4629 in
3258 4574 3544 4643 Evangelio

1966 4671 2084 4740 lego
2113 4686 2125 4728 ;
2160 4687 2178 4720 ι
2209 4668 2480 4729 Fuderunt
2509 4682 2698 4721 manus
2734 4681 2903 4734 meas,
2943 4677 2996 4721 et
3024 4667 3221 4737 pedes;
3245 4666 3547 4721 dinumera-

1966 4769 2156 4814 verunt
2199 4760 2376 4813 omnia
2419 4774 2540 4813 ossa
2579 4772 2716 4812 mea.
2768 4757 2869 4826 Ipsi
2899 4773 3027 4813 vero
3055 4756 3542 4823 consideraverunt,

1967 4859 2022 4907 et
2043 4857 2431 4920 conspexerunt
2457 4865 2577 4914 me;
2610 4848 2903 4903 diviserunt
2931 4848 3033 4903 sibi
3061 4848 3371 4903 vestimenta
3402 4862 3538 4910 mea,

1967 4949 2019 4995 et
2045 4954 2203 5007 super
2231 4948 2433 4994 vestem
2463 4954 2635 4995 meam
2663 4940 2922 4993 miserunt
2949 4949 3147 4995 sortem
3178 4958 3195 4989 ι
3231 4937 3400 5007 (Psat.
3430 4954 3542 5005 χιιι,

1970 5032 2182 5100 17-19).
2228 5032 2351 5085 llaec
2391 5032 2566 5086 omnia
2614 5032 2750 5085 sicut
2779 5032 3047 5100 praedicta,
3093 5031 3159 5083 ita
3202 5032 3366 5095 facta;
3410 5030 3545 5084 sicut

1968 5124 2284 5190 audivimus,
2322 5126 2391 5178 ita
2432 5133 2489 5178 et
2526 5124 2751 5177 vidimus
2794 5122 2962 5193 (Psal.
3007 5138 3167 5183 xuvu,
3209 5122 3287 5187 9).
3325 5122 3463 5189 Ergo
3500 5122 3546 5176 si

1970 5216 2222 5271 Dominus
2253 5225 2436 5271 noster
2460 5216 2613 5271 Jesus
2637 5215 2878 5270 Christus
2906 5229 3003 5270 nos
3029 5214 3259 5284 ﬁgurans
3285 5215 3336 5267 in
3368 5213 3546 5268 chari-

1970 5317 2079 5364 tate
2117 5308 2360 5377 corporis
2398 5309 2502 5370 sui,
2534 5307 2775 5376 quamvis
2822 5314 2965 5360 esset
3005 5306 3118 5374 ipse
3148 5304 3264 5358 sine
3307 5314 3541 5373 peccato,

1968 5401 2122 5465 dixit,
2159 5399 2321 5455 Verba
2356 5398 2654 5453 delictorum
2690 5413 2947 5460 meorum,-
2975 5396 3107 5449 dixit
3139 5404 3316 5449 autem
3349 5397 3448 5458 hoc
3480 5411 3546 5451 ex

1969 5507 2194 5565 persona
2218 5492 2458 5562 corporis
2484 5491 2565 5545 sui
2593 5508 2605 5544 :
2634 5490 2749 5557 quis
2776 5489 2937 5544 audet
2964 5489 3018 5543 in
3047 5486 3301 5543 membris
3326 5487 3442 5556 ejus
3466 5487 3549 5543 di-

1969 5602 2091 5642 cere
2118 5600 2221 5640 non
2250 5598 2309 5639 se
2340 5582 2533 5638 habere
2563 5574 2861 5652 peccatum,
2885 5580 2986 5635 nisi
3005 5580 3092 5649 qui
3120 5577 3276 5633 fuerit
3303 5593 3462 5633 ausus
3488 5593 3549 5636 se

1970 5676 2117 5731 falsa:
2142 5673 2360 5743 justitia:
2400 5672 2618 5727 nomine
2647 5670 2858 5738 cﬁ‘crre,
2897 5680 2951 5727 et
2990 5669 3259 5727 Christum
3306 5668 3549 5733 falsitatis

2036 5790 2053 5821 ί
2080 5787 2244 5838 Plures
2266 5794 2391 5847 λιες»,
2414 5784 2593 5838 odoris.
