4080 6538
450 391 592 450 1819.

441 503 703 578 arguere?
722 503 910 560 Fatere
941 515 1087 572 ergo,
1117 514 1149 554 ο
1174 496 1491 559 membrum,
1519 492 1660 564 quod
1694 507 1789 561 pro
1819 500 1869 544 te
1897 501 2021 557 pro-

441 597 705 653 nuntiavit
749 603 907 664 caput
948 602 1114 648 tuum.
1158 589 1311 658 Quod
1362 595 1420 642 ut
1456 586 1737 648 fateamur,
1783 580 1924 652 quod
1966 587 2033 634 ut-

441 689 719 754 faciamus,
743 702 841 741 nec
870 700 967 740 nos
978 684 1329 754 justilicemus
1348 688 1471 735 ante
1496 685 1842 746 conspectum
1861 672 2027 727 solius

437 780 588 850 justi,
619 775 974 849 quijustilicat
995 775 1212 844 impium
1242 771 1415 845 (Rom.
1446 767 1644 840 iv,5);
1677 762 2025 833 subjecitjam

443 875 529 928 sui
576 870 819 940 corporis
866 883 1095 922 vocem:
1131 867 1293 929 Pone,
1342 863 1575 927 Domine,
1625 858 1906 914 custodiam
1951 856 2028 913 ari

441 980 574 1031 meo,
604 972 650 1017 et
684 962 866 1016 ostium
892 960 1211 1014 continentia:
1245 958 1380 1011 circa
1404 954 1539 1009 labia
1568 969 1697 1006 mea.
1728 950 1843 1005 Non
1870 948 2039 1015 dixit,

389 1034 396 1041 ’
443 1057 735 1111 claustrum
765 1052 1139 1115 continentim;
1168 1048 1279 1113 sed,
1313 1048 1514 1101 ostium.
1542 1043 1747 1099 Ostium
1770 1049 1825 1096 et
1852 1040 2029 1109 aperi-

444 1158 532 1203 tur
559 1159 612 1204 et
640 1146 903 1202 clauditur
933 1163 945 1198 :
975 1159 1101 1213 ergo
1141 1142 1183 1197 si
1222 1141 1416 1195 ostium
1445 1146 1545 1201 est,
1582 1146 1635 1191 et
1662 1135 1945 1205 aperiatur,
1977 1140 2049 1187 et-

360 1254 369 1264 '
444 1238 755 1303 claudatur;
802 1237 1069 1306 aperiatur
1097 1233 1162 1287 ad
1192 1230 1587 1287 confessionem
1618 1225 1841 1295 peccati,
1876 1224 2030 1279 clau-

446 1328 603 1382 datur
640 1327 704 1381 ad
734 1326 1129 1385 excusationem
1171 1322 1391 1392 peccati.
1422 1320 1496 1374 Ita
1533 1318 1674 1374 enim
1710 1317 1813 1372 erit
1836 1314 2031 1372 ostium

449 1418 812 1481 continentiae,
846 1432 950 1470 non
980 1415 1167 1469 ruinm.
1837 1426 1845 1433 ‘

518 1510 571 1562 7.
613 1507 749 1573 Quid
790 1507 931 1561 enim
957 1506 1110 1563 nobis
1151 1497 1367 1573 prodest
1400 1502 1503 1556 hoc
1531 1500 1723 1553 ostium
1753 1498 2032 1553 continens

448 1599 575 1653 tim?
603 1598 728 1668 quid
760 1606 874 1652 orat
896 1612 957 1651 ex
986 1610 1210 1665 persona
1245 1593 1485 1664 corporis
1513 1590 1798 1647 Christus?
1828 1588 1895 1643 Ut
1930 1604 2033 1643 non

449 1688 687 1752 declines,
720 1689 909 1757 inquit,
939 1704 1027 1745 cor
1049 1703 1213 1743 meum
1235 1686 1290 1739 in
1319 1684 1464 1738 verba
1490 1683 1733 1752 maligna.
1763 1680 1898 1748 Quid
1928 1688 2029 1745 est,

447 1797 535 1833 cor
554 1796 715 1833 meum
738 1780 762 1833 ?
780 1777 887 1833 Cor
908 1776 1161 1833 Ecclesia:
1179 1790 1331 1841 meas,
1349 1789 1443 1829 cor
1458 1773 1637 1841 utique
1656 1771 1895 1839 corporis
1907 1770 2031 1825 mei.

446 1869 621 1926 Verba
668 1872 756 1925 illa
798 1869 1055 1925 attendite
1090 1869 1177 1923 ubi
1210 1867 1362 1921 nobis
1402 1865 1580 1934 regula
1616 1863 1811 1933 figitur,
1854 1863 2047 1937 Saule,‘

449 1961 631 2029 Saule,
670 1963 793 2033 quid
833 1980 912 2019 me
947 1961 1253 2032 persequeris
1290 1960 1427 2028 (Act.
1468 1974 1546 2024 ix,
1575 1957 1671 2026 4)?
1696 1971 1815 2013 cum
1860 1955 2033 2025 ipsum

448 2070 608 2110 nemo
641 2056 917 2125 tetigisset.
970 2073 987 2105 ι
1019 2052 1251 2117 Esurivi,
1300 2059 1354 2107 et
1380 2051 1595 2105 cibastis
1630 2065 1747 2113 me;
1777 2049 1940 2112 sitivi,
1980 2056 2036 2103 et

450 2154 632 2217 potum
660 2145 882 2200 dedistis
917 2143 1045 2203 mihi
1082 2161 1093 2196 :
1128 2160 1149 2194 ›
1188 2151 1241 2197 et
1266 2150 1477 2196 caetera.
1509 2140 1575 2194 Et
1604 2140 1677 2194 illi
1710 2156 1722 2193 :
1760 2158 1779 2189 ‹
1810 2139 2035 2207 Quando

449 2244 503 2292 te
523 2237 750 2291 vidimus
769 2236 1091 2295 esurientem
1118 2244 1207 2289 aut
1228 2234 1530 2289 sitientem?
1560 2254 1577 2286 ι
1606 2232 1816 2288 Etille:
1855 2251 1877 2284 ‹
1902 2232 2034 2287 Cum

449 2331 539 2383 nni
555 2345 617 2384 ex
636 2329 869 2384 minimis
889 2329 1022 2383 meis
1039 2327 1257 2393 fecistis,
1274 2327 1400 2380 mihi
1416 2326 1616 2382 fecistis
1639 2324 1885 2395 1(Matth.
1904 2341 2051 2397 xxv,~

448 2421 537 2487 56,
563 2422 650 2487 57,
670 2420 782 2488 40).
812 2420 935 2474 llaec
953 2417 1266 2474 Christianis
1284 2418 1530 2473 inusitata
1552 2431 1669 2471 esse
1686 2430 1791 2471 non
1814 2415 2031 2484 debent,

446 2511 678 2567 maxime
701 2510 759 2571 in,
783 2510 972 2579 quibus
1000 2510 1196 2579 regulae
1232 2509 1352 2562 lixa:
1378 2517 1502 2562 sunt
1535 2516 1589 2562 et
1614 2516 1927 2562 czeterorum
1957 2507 2045 2563 in-.

447 2600 888 2668 telligendorum;
921 2609 975 2655 et
995 2609 1085 2653 aut
1113 2614 1218 2654 non
1255 2600 1627 2662 turbabuntur,
1657 2608 1747 2653 aut
1776 2598 1881 2653 cito
1908 2614 2031 2653 cor-

447 2690 703 2760 rigentur.
750 2690 898 2745 Sicut
926 2706 1053 2760 ergo
1095 2690 1164 2744 ibi
1195 2690 1385 2744 dicturi
1432 2698 1554 2745 sunt
1578 2689 1707 2758 justi
1742 2707 1754 2742 :
1789 2690 2032 2757 Domine,

447 2796 611 2850 quare
659 2780 859 2846 dixisti,
910 2779 1135 2847 Esnrivi,
1181 2793 1228 2834 et
1267 2781 1475 2835 dedistis
1519 2781 1644 2835 mihi
1684 2780 2039 2847 manducare?

445 2873 650 2943 quando
679 2873 892 2926 uidimus
918 2884 964 2925 te
982 2872 1325 2925 esurientem?
1354 2881 1404 2926 et
1435 2871 1523 2925 ille
1554 2886 1905 2939 responsurus
1929 2880 2029 2935 est,

448 2963 576 3017 Cum
607 2964 698 3016 uni
726 2980 789 3018 ea;
828 2963 1046 3018 minimis
1073 2965 1195 3018 meis
1225 2964 1432 3034 fecistis,
1464 2964 1586 3016 mihi
1611 2964 1834 3032 fecistis;
1879 2966 1955 3018 sic
1981 2973 2035 3019 et

447 3051 535 3108 hic
560 3053 796 3109 dicamus
819 3056 834 3086 ί
863 3052 1075 3109 Christo
1114 3055 1275 3121 intus,
1322 3055 1373 3109 in
1406 3055 1654 3111 interiore
1681 3056 1894 3111 homine
1933 3073 2030 3111 no-

447 3152 581 3209 stro,
618 3145 705 3214 qui
726 3143 796 3198 ibi
829 3160 925 3214 per
962 3144 1122 3200 ﬁdem
1159 3145 1398 3201 habitare
1432 3145 1678 3215 dignatur
1706 3146 1921 3216 (Ep/tes.
1952 3164 2029 3213 tn,

447 3231 559 3303 l7).
587 3232 703 3288 Non
731 3236 872 3289 enim
896 3234 1089 3290 absens
1109 3245 1191 3290 est
1215 3249 1242 3288 a
1270 3236 1508 3301 nobis,et
1534 3252 1637 3289 non
1669 3245 1751 3291 est
1776 3238 1860 3291 cui
1892 3237 2034 3293 dica—

447 3341 587 3392 mus,
611 3341 735 3381 cum
767 3328 881 3395 ipse
906 3327 1046 3382 dicat
1075 3346 1088 3383 :
1116 3328 1246 3381 Ecce
1271 3344 1361 3399 ego
1387 3329 1635 3383 vobiscum
1659 3346 1943 3399 sumasque
1966 3330 2034 3383 ad

448 3418 929 3474 consummationem
963 3418 1136 3473 seaculi
1164 3418 1377 3489 (Matth.
1410 3436 1597 3483 xxvnt,
1626 3421 1741 3489 20).
1791 3421 2035 3480 Dicamus

449 3522 579 3578 ergo
622 3508 695 3561 illi
723 3518 779 3562 et
802 3524 919 3573 nos,
951 3510 1201 3578 quoniam
1237 3519 1422 3564 vocem
1461 3510 1578 3579 ejus
1606 3510 1658 3564 in
1701 3510 1800 3565 hoc
1829 3510 2034 3580 psalmo

451 3599 754 3667 accepimus
785 3618 797 3653 :
825 3598 941 3668 ejus
978 3600 1119 3656 enim
1167 3615 1273 3655 vox
1316 3610 1415 3666 est,
1470 3601 1611 3670 quod
1656 3615 1815 3655 nemo
1855 3609 2031 3671 negat,

458 3710 476 3743 ι
518 3690 760 3745 Elcvatio
812 3707 1062 3753 manuum
1112 3707 1350 3748 mearum
1397 3692 1715 3747 sacriﬁcium
1770 3695 2035 3763 vesperti-

451 3797 601 3837 num.
634 3801 652 3834 ι
685 3782 777 3837 Dic
807 3797 934 3852 ergo
960 3792 1352 3852 consequenter
1380 3801 1392 3837 :
1428 3801 1459 3836 ι,
1484 3784 1651 3847 Pone,
1679 3782 1920 3850 Domine,
1943 3797 2036 3837 cu-

455 3872 680 3927 stodiam
711 3874 791 3928 ori
821 3889 963 3938 meo,
992 3881 1047 3928 ct
1078 3874 1275 3939 ostium
1306 3875 1645 3947 continentia:
1669 3875 1868 3929 circum
1900 3874 2033 3928 labia

453 3978 571 4017 mea
593 3980 607 4028 ;
631 3973 689 4017 ut
719 3979 823 4018 non
850 3963 1086 4019 declines
1115 3979 1209 4018 cor
1229 3980 1403 4019 meum
1434 3965 1484 4018 in
1509 3965 1667 4020 verba
1694 3965 1941 4035 maligna,
1969 3964 2036 4022 ad

452 4056 781 4110 excusandas
801 4058 1170 4113 excusationes
1189 4057 1240 4111 in
1263 4059 1517 4127 peccatis.
1548 4077 1566 4109 ι
1598 4058 1772 4125 Quare
1794 4058 1869 4112 sic
1890 4072 2031 4124 oras,

454 4146 723 4202 Domine?
752 4163 870 4218 quae
901 4156 1116 4217 peccata
1167 4156 1252 4203 tua
1279 4156 1624 4202 excusaturus
1666 4150 1760 4204 es?
1790 4149 2035 4219 Respon-

454 4238 565 4303 det,
598 4237 730 4293 Cum
767 4255 931 4294 unum
971 4255 1034 4294 ex
1079 4240 1332 4294 membris
1374 4242 1508 4294 meis
1550 4240 1629 4294 sic
1653 4249 1791 4305 orat,
1821 4255 1919 4310 ego
1959 4240 2038 4296 sic

455 4346 551 4384 oro
574 4348 587 4383 :
610 4332 749 4387 sicut
778 4333 847 4388 ibi
879 4332 1171 4403 respondit,
1215 4331 1339 4387 Cum
1366 4333 1453 4385 uni
1477 4349 1539 4387 ea:
1568 4333 1787 4391 minimis
1807 4336 1929 4389 meis
1957 4336 2036 4406 fe-

456 4421 613 4485 cistis,
649 4422 771 4474 mihi
802 4422 1007 4493 fecistis.

528 4514 581 4568 8.
622 4512 753 4569 Cum
791 4523 967 4570 autem
995 4529 1100 4570 non
1140 4514 1460 4570 declinatum
1490 4514 1650 4572 fuerit
1681 4530 1775 4572 cor
1811 4524 1977 4581 tuum,
2002 4530 2036 4572 ο

457 4603 755 4659 membrum
782 4603 999 4673 Christi,
1026 4621 1146 4661 cum
1176 4622 1270 4661 cor
1296 4615 1443 4662 tuum
1485 4622 1590 4663 non
1631 4607 1790 4662 fuerit
1814 4606 2041 4663 declina-

460 4702 570 4748 tum
599 4713 618 4745 ‹
648 4694 699 4748 in
727 4696 888 4750 verba
928 4697 1175 4768 maligna,
1203 4698 1269 4753 ad
1308 4697 1640 4753 excusandas
1667 4698 2041 4755 excusationes

459 4787 511 4842 in
542 4790 794 4857 peccatis,
817 4805 937 4844 cum
970 4791 1273 4847 hominibus
1301 4790 1645 4861 operantibus
1666 4791 2037 4861 iniquitatem;

456 4886 511 4932 ct
536 4894 638 4933 non
672 4899 690 4932 ι
717 4879 1048 4935 combinabis
1073 4899 1093 4933 ι
1124 4897 1243 4937 cum
1268 4882 1452 4937 electis
1480 4895 1685 4936 eorum.
1715 4900 1734 4934 ι
1767 4881 1878 4936 Hoc
1898 4882 2040 4937 enim

458 4972 735 5041 sequitur:
772 4991 790 5024 ι
825 4972 890 5026 Et
919 4989 1022 5027 non
1063 4973 1379 5027 combinabo
1413 4988 1531 5027 cum
1559 4973 1743 5028 electis
1777 4989 1985 5029 eorum.
2018 4992 2037 5027 ι

457 5061 555 5128 Qui
595 5072 719 5118 sunt
765 5064 919 5118 electi
951 5064 1181 5119 eorum?
1228 5065 1327 5132 Qui
1367 5066 1571 5134 seipsos
1597 5065 1909 5135 justiﬁcant.
1941 5068 2043 5136 Qui

457 5163 581 5208 sunt
621 5155 777 5209 electi
813 5156 1036 5210 eorum?
1067 5156 1166 5225 Qui
1211 5156 1310 5211 sibi
1334 5157 1464 5226 justi
1499 5157 1765 5225 videntur,
1812 5167 1867 5215 et
1912 5175 2043 5216 con-

460 5254 705 5299 temnunt
731 5256 977 5312 caeteros,
1001 5248 1137 5302 sicut
1158 5246 1449 5317 pharisaeus
1470 5248 1560 5303 ille
1582 5249 1632 5302 in
1662 5250 1860 5319 templo
1881 5250 2042 5306 dixit:

460 5335 619 5403 Deus,
652 5338 841 5408 gratias
867 5355 963 5410 ago
991 5339 1099 5405 tibi,
1127 5339 1245 5409 quia
1273 5355 1373 5394 non
1392 5356 1503 5393 sum
1531 5340 1660 5394 sicut
1684 5342 1851 5394 cwteri
1877 5342 2045 5397 homi-

462 5443 548 5480 nes
580 5427 1033 5501 (Luc.xv1u,il).
1064 5429 1163 5497 Qui
1192 5439 1317 5485 sunt
1342 5430 1495 5485 electi
1516 5445 1701 5486 eorum
1723 5430 1747 5483 ?
1771 5430 1872 5484 Hic
1897 5432 2047 5487 homo

464 5520 507 5571 si
533 5522 777 5590 propheta
804 5530 949 5590 esset,
981 5523 1127 5577 sciret
1153 5539 1265 5593 quae
1304 5524 1485 5578 mulier
1525 5524 1602 5578 illi
1630 5525 1837 5580 accessit
1862 5525 1931 5578 ad
1960 5541 2049 5595 pe-

459 5610 565 5664 des.
600 5612 900 5679 Agnoscitis
937 5628 1123 5669 vocem
1164 5614 1383 5670 alterius
1414 5613 1680 5685 pharismi,
1735 5616 1826 5686 qui
1870 5615 2050 5671 Domi-

458 5771 548 5882 ηεξ
579 5770 711 5833 ΕιΜ.,
747 5772 798 5822 in
826 5771 1032 5824 Christo.
1075 5772 1374 5835 Particulam,
1418 5772 1489 5837 in,
1514 5785 1611 5826 non
1655 5785 1830 5825 omnes
1868 5773 2050 5828 habent

1677 379 1733 436 s.
1773 370 2135 450 AUGUSTINI
2179 373 2483 433 Episcopi

3583 376 3719 433 189.0

2132 502 2261 542 nam
2287 487 2621 553 invitaverat,
2649 485 2877 556 quando.
2908 485 3099 539 mulier
3126 485 3214 539 illa
3244 501 3363 555 qua:
3399 496 3517 542 erat
3547 488 3600 544 ῐιι
3638 492 3723 544 ci-

2131 578 2293 635 vitate
2314 579 2599 648 peccatrix,
2638 578 2783 635 venit.
2811 587 2866 632 et
2893 579 3119 633 accessit
3143 578 3209 632 ad
3242 579 3404 648 pedes
3436 580 3595 651 ejus?
3628 583 3722 637 illa

2132 667 2418 738 impudica,
2454 668 2719 739 quondam
2748 669 2984 724 frontosa
3025 668 3091 723 ad
3121 668 3546 738 fornicationem,
3575 673 3726 728 fron-

2134 762 2299 816 tosior
2314 762 2377 815 ad
2398 762 2646 825 salutem,
2678 760 2866 831 irrupit
2891 761 2942 817 in
2971 760 3186 817 domum
3216 761 3463 816 alienam.
3492 762 3599 819 Sed
3628 764 3725 818 ille

2134 852 2223 922 qui
2257 852 2329 907 ibi
2360 852 2744 918 discumbebat,
2777 868 2883 917 non
2914 862 3029 907 erat
3057 852 3283 908 alienus.
3318 853 3433 908 Non
3463 866 3726 911 extranea

2134 943 2425 1016 quemlibet
2454 945 2752 1008 convivam,
2785 943 2879 999 sed
2903 945 3097 999 ancilla
3139 945 3421 1000 Dominum
3450 961 3606 1001 suum
3635 963 3728 1002 se-

2134 1044 2253 1097 cuta
2295 1044 2398 1091 est.
2440 1036 2683 1092 Accessit
2711 1036 2778 1115 ad
2809 1035 2989 1105 pedes,
3020 1037 3143 1106 quia
3175 1036 3291 1107 ejus
3318 1038 3539 1108 vestigia
3569 1041 3726 1110 sequi

2134 1128 2410 1197 cupiebat;
2442 1129 2569 1183 lavit
2594 1129 2862 1201 lacrymis,
2894 1130 3048 1184 tersit
3074 1129 3299 1199 capillis.
3330 1130 3499 1186 Pedes
3520 1131 3722 1187 Christi

2134 1220 2226 1291 qui
2260 1230 2401 1287 sunt,
2435 1222 2535 1278 nisi
2567 1237 2662 1292 per
2695 1237 2828 1292 quos
2873 1224 3172 1293 peragravit
3202 1232 3373 1278 totum
3425 1224 3721 1280 mundum?

2136 1311 2303 1380 Quam
2329 1314 2539 1383 speciosi
2566 1314 2717 1383 pedes
2750 1331 2925 1375 eorum
2949 1315 3036 1384 qui
3077 1316 3380 1369 annuntiant
3405 1332 3602 1385 pacem,
3634 1317 3727 1386 qui

2135 1405 2436 1465 annuntiant
2462 1403 2592 1459 bona
2619 1405 2768 1475 (lsai.
2794 1421 2883 1470 LII,
2906 1407 2937 1459 7
2962 1422 2976 1470 ;
3004 1404 3151 1460 Rom.
3180 1423 3232 1472 x,
3262 1406 3379 1477 ιδῃ
3402 1407 3576 1464 Pedes
3595 1424 3726 1479 ergo

2137 1495 2347 1552 Domini
2379 1499 2560 1569 quanti
2592 1508 2962 1569 susceperunt,
2995 1508 3050 1553 ut
3074 1500 3415 1570 suscipiendo
3437 1501 3639 1570 justum
3670 1504 3724 1558 in

2137 1590 2353 1643 nomine
2372 1588 2519 1659 justi,
2548 1590 2852 1651 mercedem
2882 1590 3004 1659 justi
3032 1592 3367 1662 acciperent;
3396 1602 3449 1649 et
3472 1608 3729 1664 suscepe.

2137 1689 2263 1737 runt
2300 1679 2610 1749 praphetam
2645 1680 2698 1735 in
2736 1681 2952 1736 nomine
2981 1682 3276 1751 propheta},
3310 1692 3370 1738 ut
3417 1685 3725 1741 mercedem

2140 1772 2413 1840 prOphetae
2439 1771 2779 1841 acciperent!
2828 1791 2846 1824 ι
2878 1772 2951 1827 Ει
2970 1772 3291 1843 quicumque
3332 1784 3514 1843 potum
3558 1776 3725 1832 dede.

2138 1862 2228 1927 rit,
2261 1881 2279 1913 ι
2324 1862 2513 1931 inquit,
2562 1881 2581 1914 ι
2612 1864 2705 1918 uni
2751 1878 2820 1918 ex
2865 1864 3098 1925 minimis
3137 1864 3250 1919 istis
3297 1866 3518 1921 calicem
3569 1883 3726 1937 aqua:

2139 1950 2362 2022 frigidae,
2389 1960 2588 2008 tantum
2612 1953 2664 2007 in
2694 1954 2910 2009 nomine
2926 1952 3372 2022 discipuli,ramen
3400 1956 3520 2012 dico
3548 1959 3724 2025 vobis,

2140 2058 2245 2097 non
2276 2043 2462 2113 perdet
2482 2044 2781 2099 mercedem
2810 2060 2963 2101 suam
2992 2064 3012 2097 ι
3043 2044 3253 2117 (Matth.
3284 2063 3341 2114 x,
3361 2048 3452 2116 41,
3482 2050 3596 2121 42).
3624 2050 3726 2118 Qui

2139 2148 2268 2203 ergo
2315 2134 2405 2188 tali
2446 2136 2773 2192 humanitate
2819 2136 2984 2206 pedes
3030 2138 3237 2195 Domini
3285 2142 3539 2212 suscepit,
3597 2143 3727 2213 quid

2096 2260 2106 2270 ι
2140 2224 2417 2294 impendit,
2461 2227 2561 2281 nisi
2593 2243 2714 2298 quia
2754 2227 2981 2282 habebat
3012 2229 3064 2282 in
3093 2229 3254 2284 domo
3278 2232 3590 2301 superﬂua?
3616 2234 3729 2291 Mc-

2139 2316 2244 2371 rito
2283 2317 2404 2387 quia
2435 2319 2609 2387 capilli
2638 2320 2787 2389 quasi
2829 2320 3082 2390 superﬂui
3113 2331 3256 2390 sunt,
3290 2324 3413 2380 inde
3443 2325 3531 2381 illa
3560 2328 3728 2397 pedes

2142 2407 2348 2463 Domini
2397 2408 2724 2481 detergebat.
2774 2412 3053 2482 Superilua
3106 2423 3211 2477 tua.
3243 2418 3546 2474 necessaria
3592 2420 3728 2477 ﬁunt

2141 2501 2254 2567 tibi,
2292 2504 2338 2556 si
2370 2501 2493 2557 inde
2524 2503 2691 2559 fueris
2732 2505 3017 2559 obsecutus
3057 2506 3281 2576 pedibus
3322 2509 3547 2564 Domini.
3583 2511 3728 2582 Ergo

2140 2592 2227 2649 illa
2253 2594 2426 2655 curari
2455 2594 2682 2660 volebat,
2711 2596 2922 2651 conscia
2950 2598 3125 2667 magni
3149 2599 3406 2655 vulneris.
3439 2601 3543 2657 Sed
3571 2619 3729 2658 num-

2139 2686 2263 2756 quid
2308 2702 2556 2757 magnnm
2596 2692 2805 2755 vulnus,
2835 2698 2889 2743 et
2930 2704 3124 2758 parvus
3168 2691 3441 2747 medicus?
3469 2693 3726 2751 Pharisazi

2139 2787 2315 2832 autem
2374 2778 2627 2835 nolebant
2685 2794 2744 2833 se
2795 2780 2955 2850 tangi,
2996 2781 3063 2836 ab
3109 2781 3434 2850 immundis,
3487 2785 3729 2841 vitabant

2138 2882 2352 2924 onmem
2394 2878 2696 2923 contactum
2728 2880 3104 2940 peccatorum;
3152 2881 3206 2927 et
3253 2873 3296 2927 si
3341 2874 3555 2943 quando
3590 2876 3729 2932 forte

2138 2962 2455 3015 necessitate
2507 2961 2891 3031 tangebautur,
2962 2962 3247 3020 abluebant
3306 2952 3389 3019 se.
3440 2965 3508 3037 Et
3558 2981 3729 3037 pr0pe

2138 3052 2476 3122 baptizabant
2502 3069 2597 3122 per
2621 3069 2808 3111 omnes
2854 3054 3013 3110 horas
3055 3071 3160 3111 non
3205 3064 3529 3124 tantumse,
3548 3060 3643 3115 sed
3674 3070 3730 3115 et

2139 3159 2262 3199 vasa
2289 3159 2405 3211 sua,
2432 3145 2596 3200 lectos
2618 3159 2765 3209 suos,
2784 3146 2997 3213 calices,
3022 3148 3357 3218 parapsides,
3385 3158 3527 3206 Sicut
3548 3150 3728 3209 Domi-

2138 3252 2240 3291 nus
2265 3237 2315 3290 iu
2362 3237 2647 3307 Evangelia
2676 3248 3062 3293 commemorat
3109 3237 3217 3308 (Id.
3258 3256 3409 3305 χχιιι,
3448 3241 3561 3310 25).
3592 3242 3727 3297 Cum

2140 3342 2267 3397 ergo
2296 3327 2383 3381 ille
2419 3327 2710 3397 pharisaeus
2740 3338 2924 3383 nosset
2954 3327 3091 3387 hanc
3131 3329 3432 3397 mulierem,
3472 3346 3592 3401 qua:
3629 3332 3731 3386 uti—

2139 3434 2243 3487 que
2271 3418 2313 3471 si
2346 3417 2413 3474 ad
2455 3418 2619 3487 pedes
2646 3419 2788 3473 illius
2818 3419 3069 3489 pharismi
3110 3419 3412 3487 accederet,
3444 3423 3732 3491 repelleret

2141 3521 2275 3571 eam,
2298 3522 2365 3561 ne
2392 3507 2646 3562 sanctitas
2665 3507 2783 3578 ejus
2802 3508 3159 3577 pollueretur;
3192 3508 3419 3563 habebat
3446 3511 3586 3564 enim
3609 3525 3731 3568 eam

2141 3596 2197 3651 in
2223 3612 2467 3667 corpore,
2495 3614 2600 3652 non
2624 3599 2675 3652 in
2702 3598 2898 3664 corde;
2927 3609 2981 3654 et
3005 3600 3125 3670 quia
3152 3615 3256 3655 non
3282 3599 3511 3657 habebat
3536 3616 3651 3656 eam
3675 3602 3731 3658 in

2140 3688 2323 3754 corde,
2352 3690 2535 3759 utique
2565 3689 2752 3747 falsam
2800 3691 3029 3747 habebat
3058 3693 3111 3746 in
3149 3707 3377 3761 corpore
3409 3711 3420 3745 :
3447 3694 3571 3763 quia
3600 3708 3730 3764 ergo

2141 3780 2233 3835 ille
2261 3794 2377 3835 eam
2405 3782 2718 3850 repulsurus
2757 3792 2920 3850 esset,
2953 3798 3074 3839 cum
3106 3783 3207 3838 hoc
3233 3783 3490 3841 Dominus
3518 3799 3625 3838 non
3650 3784 3730 3839 fe-

2142 3872 2234 3939 cit,
2277 3871 2601 3927 existimavit
2638 3888 2761 3929 eum
2803 3874 3013 3929 nescire
3038 3889 3157 3944 quae
3197 3873 3286 3931 illa
3328 3883 3491 3940 esset,
3519 3883 3572 3928 et
3597 3873 3733 3929 dixit

2142 3966 2282 4035 apud
2331 3967 2698 4036 semetipsum,
2743 3965 2844 4021 Hic
2887 3968 2930 4022 si
2967 3977 3091 4022 esset
3131 3950 3397 4038 propheta,
3444 3968 3590 4023 sciret
3619 3983 3734 4038 quc

2142 4057 2323 4111 ntulier
2341 4057 2416 4111 illi
2433 4059 2639 4112 accessit
2663 4058 2731 4111 ad
2754 4058 2923 4127 pedes.
2951 4057 3068 4113 Non
3088 4058 3242 4126 dixit,
3263 4060 3546 4129 repulisset
3566 4074 3683 4114 eam
3714 4077 3729 4117 :

2144 4149 2257 4216 sed,
2286 4150 2433 4203 sciret
2456 4165 2570 4221 quin
2588 4156 2763 4215 esset;
2799 4158 3048 4219 tanquam
3074 4156 3219 4204 esset
3243 4164 3579 4219 consequens
3606 4158 3663 4203 ut
3685 4149 3733 4203 si

2144 4241 2325 4305 sciret,
2358 4240 2661 4311 repelleret.
2692 4239 2769 4293 Ex
2799 4239 2889 4296 illo
2917 4253 3046 4308 ergo
3067 4238 3209 4309 quod
3236 4253 3341 4293 non
3369 4254 3485 4293 eam
3510 4238 3726 4307 repulit,

2143 4332 2303 4386 etiam
2334 4331 2569 4388 nescisse
2595 4346 2718 4387 eum
2748 4346 2845 4400 pro
2886 4337 3035 4386 certo
3076 4330 3374 4400 suspicatus
3412 4338 3514 4385 est.
3547 4330 3731 4385 Domi-

2143 4436 2246 4477 nus
2295 4430 2476 4477 autem
2523 4422 2604 4477 sic
2642 4419 2872 4475 habebat
2894 4420 3079 4476 oculos
3101 4420 3156 4475 in
3178 4420 3324 4475 illam
3350 4420 3649 4486 mulierem,
3675 4426 3737 4475 ut

2146 4512 2303 4568 aures
2343 4514 2565 4570 haberet
2594 4514 2648 4572 in
2682 4527 2778 4568 cor
2815 4512 3085 4584 pharismi.
3119 4512 3301 4584 itaque
3327 4512 3504 4567 audita
3531 4512 3735 4583 cogita-

2145 4606 2289 4660 tione
2308 4604 2444 4675 ejus,
2466 4605 2740 4674 proposuit
2760 4604 3163 4662 similitudinem
3180 4619 3336 4676 quam
3359 4604 3549 4659 nostis.
3574 4623 3594 4657 ι
3622 4604 3736 4659 Duo

2147 4696 2419 4751 debitores
2457 4705 2612 4752 erant
2648 4695 2859 4752 cuidam
2888 4695 3212 4762 feneratori;
3256 4708 3393 4753 unus
3432 4695 3483 4751 ei
3511 4694 3742 4751 debebat

2148 4789 2467 4859 quingentos
2503 4788 2774 4853 denarios,
2815 4788 2953 4843 alter
2996 4787 3421 4858 quinquaginta:
3455 4802 3581 4842 cum
3628 4800 3735 4841 non

2150 4881 2413 4937 haberent
2455 4882 2615 4939 ambo
2657 4882 2798 4938 unde
2841 4882 3148 4949 redderent,
3194 4881 3415 4937 donavit
3456 4880 3740 4936 ambobus.

2150 4973 2343 5042 Quzero
2372 4973 2467 5028 abs
2507 4981 2583 5039 te,
2616 4991 2634 5024 ι
2667 4972 2858 5043 inquit,
2905 4991 2924 5026 ι
2952 4972 3071 5042 quis
3112 4987 3236 5027 eum
3264 4972 3384 5043 plus
3428 4971 3652 5026 dilexit?
3676 4970 3745 5025 Et

2150 5066 2242 5121 ille
2290 5064 2586 5135 reSpondit,
2617 5081 2636 5115 ι
2684 5064 2792 5134 jam
2838 5072 3053 5119 coactus
3089 5064 3315 5118 veritate
3356 5061 3616 5118 adversus
3658 5076 3746 5116 se-

2152 5156 2325 5226 ipsum
2356 5153 2595 5225 proferre
2637 5154 2953 5210 sententiam
2984 5171 2997 5209 :
3034 5172 3053 5205 ι
3076 5152 3270 5216 Credo,
3306 5171 3326 5206 ι
3360 5152 3550 5222 inquit,
3586 5171 3605 5203 ι
3642 5152 3746 5207 Deo

2154 5248 2317 5316 mine,
2344 5247 2469 5318 quia
2497 5246 2585 5301 ille
2610 5246 2696 5301 cui
2725 5245 2844 5316 plus
2864 5244 3099 5300 donavit.
3123 5244 3190 5303 Et
3214 5258 3504 5300 conversus
3528 5242 3595 5299 ad
3627 5259 3747 5297 mu-

2154 5342 2363 5407 lierem,
2407 5340 2541 5395 dixit
2583 5338 2649 5394 ad
2685 5337 2959 5393 Simonem
2986 5355 3000 5392 :
3025 5336 3186 5391 Vides
3225 5337 3383 5391 istam
3422 5333 3746 5390 mulierem?

2156 5432 2373 5490 lntroivi
2402 5433 2454 5488 in
2489 5432 2706 5487 domum
2736 5439 2878 5486 tuam
2911 5449 2925 5484 :
2958 5429 3201 5486 osculum
3224 5428 3355 5483 mihi
3382 5441 3487 5482 non
3518 5425 3742 5490 dedisti;

2156 5524 2244 5580 illa
2272 5534 2449 5580 autem
2475 5539 2579 5579 non
2604 5522 2890 5577 intermisit
2909 5521 3071 5591 pedes
3091 5535 3241 5577 meos
3266 5518 3497 5574 osculari
3518 5535 3530 5570 :
3550 5532 3744 5587 aquam

2156 5615 2285 5671 mihi
2324 5615 2391 5670 ad
2425 5614 2585 5684 pedes
2628 5629 2734 5668 non
2778 5613 3001 5678 dedisti;
3032 5612 3120 5666 illa
3168 5611 3420 5683 lacrymis
3461 5610 3578 5665 suis
3622 5606 3748 5661 lavit

2157 5708 2286 5765 mihi
2314 5707 2477 5779 pedes
2510 5725 2522 5760 :
2557 5708 2739 5763 oleum
2776 5706 2905 5761 mihi
2950 5704 3307 5769 nondedisti;
3350 5704 3434 5758 illa
3464 5703 3614 5757 unxit
3644 5710 3792 5787 un-It

2158 5811 2375 5876 guento.
2407 5802 2632 5872 Propter
2672 5799 2815 5872 quod
2853 5799 2973 5855 dico
3010 5798 3104 5855 tibi
3135 5814 3148 5852 :
3178 5796 3517 5852 dimittuntur
3546 5792 3596 5850 ei
3620 5807 3740 5865 pcco
