4080 6458
316 327 446 386 1821

310 449 428 492 rata
479 435 671 501 multa,
728 433 974 504 quoniam
1023 431 1206 490 dilexit
1246 431 1464 486 multant
1493 450 1511 482 ι
1575 430 1732 500 (an.
1778 444 1880 492 vn,

310 527 524 600 56-47).
570 527 780 596 Quare?
810 525 940 595 Quia
975 523 1217 580 confessa
1266 531 1366 586 est,
1399 523 1526 592 quia
1561 521 1725 586 flevit,
1767 522 1886 590 quia

311 637 419 676 non
461 619 782 676 declinatum
813 629 893 672 est
922 631 1016 672 cor
1043 617 1157 686 ejus
1183 616 1235 669 in
1267 614 1426 669 verba
1457 615 1683 684 maligna
1707 613 1774 668 ad
1798 629 1892 668 εχ-

308 711 574 766 cusandas
602 709 969 765 excusationes
997 708 1046 760 in
1076 705 1326 778 peccatis,
1353 719 1456 764 non
1481 704 1780 762 combinata
1807 712 1890 760 est

308 815 432 858 cum
460 799 645 857 electis
680 815 884 861 eorum,
920 797 972 852 id
998 805 1097 862 est,
1129 795 1534 852 defendentibus
1557 811 1635 852 se.

380 892 437 947 9.
479 890 594 944 Non
630 889 770 945 enim
802 899 856 944 et
892 887 1014 942 huic
1044 887 1140 956 ipsi
1177 886 1406 962 mulieri,
1453 885 1497 938 si
1527 885 1888 940 declinaretur

307 975 405 1040 Cor
433 984 549 1053 ejus
581 981 631 1037 in
659 982 819 1036 verba
863 981 1110 1049 maligna,
1141 979 1350 1034 deesset
1377 975 1618 1034 defensio
1643 987 1889 1046 peccato-

307 1089 448 1130 rum.
483 1075 672 1132 Annon
702 1071 935 1143 quotidie
973 1085 1126 1142 pares
1165 1070 1280 1140 ejus
1327 1071 1378 1124 iu
1411 1069 1752 1138 turpitudine,
1794 1069 1890 1124 sed

306 1181 418 1222 non
457 1179 615 1235 pares
653 1165 702 1217 in
735 1163 1092 1227 confessione,
1125 1161 1760 1228 merctrices,-adu|ter:e,
1789 1159 1890 1218 ila-.-

307 1255 514 1326 gitioszn
539 1253 834 1310 defendunt
874 1261 1090 1324 peccata
1121 1251 1255 1306 sua?
1279 1249 1336 1306 Si
1363 1251 1630 1313 latuerint,
1661 1235 1887 1320 negant;

307 1349 356 1402 si
401 1355 577 1402 autem
607 1345 694 1402 vel
721 1343 1070 1414 deprehensa:
1095 1351 1252 1412 atque
1277 1341 1532 1396 convicta:
1561 1339 1777 1408 fuerint,
1806 1339 1888 1394 vel

307 1435 522 1510 publice
543 1439 594 1495 id
624 1439 847 1509 egerint,
886 1436 1195 1492 defendunt.
1237 1435 1301 1490 Et
1325 1451 1482 1505 quam
1514 1433 1683 1492 facilis
1705 1433 1888 1489 defen-

309 1535 391 1592 sio
420 1547 623 1596 earum,
652 1547 809 1602 quam
835 1531 959 1599 cita,
988 1529 1080 1585 sed
1112 1545 1266 1599 quam
1301 1543 1556 1598 praeceps,
1582 1537 1738 1598 quam
1759 1541 1891 1598 quo.

309 1623 505 1680 tidiana
529 1631 583 1679 et
608 1639 762 1694 quam
792 1622 1082 1692 sacrilega!
1115 1621 1159 1676 Ο
1189 1621 1232 1676 si
1265 1621 1405 1677 Deus
1435 1620 1534 1675 hoc
1561 1621 1748 1688 nollet,
1783 1635 1888 1676 non

309 1713 572 1770 facerem!
616 1713 726 1768 Hoc
759 1714 926 1768 voluit
965 1713 1123 1775 Deus,
1169 1712 1374 1766 fortuna
1417 1711 1520 1768 hoc
1555 1712 1742 1776 voluit,
1789 1711 1891 1768 hoc

309 1803 474 1859 voluit
491 1805 672 1858 fatum.
692 1803 802 1858 Non
826 1803 972 1871 dicit,
998 1803 1102 1874 Ego
1117 1803 1241 1867 dixi,
1259 1803 1491 1870 Domine,
1511 1804 1742 1856 miserere
1757 1804 1852 1856 mei
1868 1819 1889 1868 ;

307 1911 418 1949 non
449 1893 714 1966 quomodo
735 1895 824 1949 illa
857 1895 1119 1964 peccatrix
1145 1895 1210 1948 ad
1240 1895 1398 1963 pedes
1427 1894 1615 1948 medici
1645 1894 1886 1961 veniens,

311 1985 457 2040 Sana
495 1985 714 2038 animant
758 2001 939 2048 meam,
972 1986 1206 2053 quoniam
1234 1983 1432 2055 peccavi
1469 1983 1554 2036 tibi
1587 1982 1759 2052 (Psal.
1793 1999 1886 2051 χι,

297 2079 386 2147 ‘5).
430 2077 494 2132 Et
528 2080 650 2144 ista,
693 2076 884 2136 fratres
925 2077 1048 2144 mei,
1087 2076 1325 2131 defensio
1352 2075 1587 2147 qualium
1626 2075 1892 2131 e51?Non

310 2169 482 2224 solum
513 2167 869 2234 indoctorum,
911 2168 1002 2224 sed
1044 2167 1201 2222 etiam
1233 2165 1534 2221 doctorum.
1581 2165 1800 2230 Sedent,
1838 2175 1893 2221 et

311 2269 619 2332 computant
647 2261 819 2316 sidera
844 2277 857 2325 ;
889 2259 1164 2314 intervalla
1185 2259 1222 2320 ί.
1269 2273 1478 2322 cursus,
1506 2257 1888 2326 volubilitates,

309 2361 498 2420 status,
523 2359 696 2407 motus
713 2351 1009 2414 intendunt,
1034 2350 1360 2417 describunt,
1385 2349 1692 2418 conjiciunt.
1717 2347 1888 2418 Docti,

309 2445 486 2516 magni
517 2443 780 2500 videntur.
811 2443 1002 2498 Totum
1033 2441 1138 2497 hoc
1161 2442 1376 2496 doctum
1419 2449 1473 2496 et
1501 2454 1772 2510 magnum,
1799 2438 1892 2494 de-

311 2537 482 2592 fensio
505 2535 706 2608 peccati
737 2543 837 2590 est.
868 2534 989 2588 Eris
1011 2533 1240 2600 adulter,
1269 2533 1389 2602 quia
1420 2531 1496 2586 sic
1517 2530 1680 2585 habes
1708 2528 1887 2584 Vene-

312 2645 470 2683 rem:
503 2629 608 2682 eris
645 2626 933 2692 homicida,
980 2625 1102 2695 quia
1150 2625 1226 2678 sic
1266 2622 1432 2678 habes
1475 2621 1713 2674 Martem.
1755 2619 1892 2675 Mars

313 2734 441 2790 ergo
465 2718 753 2784 homicida,
795 2732 900 2778 non
927 2725 1014 2782 tu;
1062 2723 1114 2769 et
1139 2713 1320 2770 Venus
1358 2712 1621 2777 adultera,
1669 2725 1773 2766 non
1812 2717 1890 2765 tu.

309 2811 445 2866 Vide
485 2825 552 2865 ne
583 2819 635 2864 et
680 2825 776 2882 pro
813 2809 978 2864 Marte
1025 2817 1080 2863 et
1123 2821 1222 2878 pro
1253 2806 1459 2862 Venere
1502 2813 1556 2860 ιιι
1597 2803 1889 2860 damneris.

313 2901 457 2956 Deus
495 2903 636 2958 enim
663 2901 752 2971 qui
783 2901 1128 2956 damnaturus
1157 2907 1258 2966 est,
1291 2898 1436 2952 novit
1463 2899 1586 2968 quia
1614 2905 1666 2952 tu
1693 2911 1770 2962 es,
1802 2896 1896 2966 qui

311 2989 466 3059 dicis,
499 2991 615 3050 Non
651 3007 770 3062 ego,
792 2992 956 3061 judici
989 2991 1196 3046 scienti.
1225 2989 1390 3044 Porro
1417 2989 1530 3057 ipse
1555 2987 1892 3044 mathemati-

312 3099 407 3148 cus
435 3083 522 3153 qui
551 3081 642 3138 tibi
671 3082 874 3136 fabulas
915 3083 1226 3152 laqueorum
1257 3087 1469 3134 tuorum
1497 3079 1658 3133 etiam
1687 3077 1889 3146 vendit,

313 3185 370 3228 ut
417 3189 520 3227 non
557 3174 638 3227 vel
667 3174 950 3244 gratuitam
991 3185 1268 3242 compares
1309 3178 1532 3224 mortem
1566 3170 1723 3239 (emis
1750 3169 1892 3230 enim

312 3271 541 3318 mortem
571 3279 600 3318 a
648 3261 1022 3316 mathematico
1048 3260 1244 3330 pretio,
1276 3259 1366 3329 qui
1407 3258 1776 3328 contempsisti
1818 3257 1896 3312 vi-

315 3362 420 3412 tam
441 3369 468 3407 a
495 3353 703 3408 Christo
731 3351 923 3424 gratis)
945 3372 960 3405 :
981 3351 1095 3420 ipse
1116 3365 1243 3421 ergo
1267 3349 1672 3405 mathematicus
1695 3349 1738 3404 si
1761 3363 1898 3404 uxo-

314 3459 427 3499 rem
465 3459 614 3499 suam
659 3445 818 3514 paulo
847 3441 1172 3514 petulantius
1203 3441 1398 3498 viderit
1440 3441 1766 3508 conversari,
1805 3448 1898 3500 aut

315 3539 522 3608 aliquos
572 3537 777 3592 alienos
834 3536 1078 3605 improbe
1119 3517 1418 3600 attendere,
1472 3540 1563 3586 aut
1605 3531 1896 3587 fenestram

315 3629 506 3688 crebro
534 3637 812 3698 repetere;
855 3641 1030 3682 nonne
1059 3626 1266 3696 arripit,
1297 3624 1566 3686 verberat,
1613 3631 1667 3678 et
1692 3623 1785 3678 dat
1811 3622 1896 3676 di-

321 3718 600 3787 sciplinam
646 3717 699 3771 in
740 3717 898 3772 domo
941 3715 1076 3772 sua?
1117 3714 1461 3784 Respondeat
1507 3713 1584 3767 illi
1632 3727 1808 3768 uxor:
1841 3713 1899 3768 Si

317 3819 487 3886 putes,
519 3810 780 3865 Venerem
807 3809 972 3874 cmde,
997 3823 1104 3862 non
1133 3823 1238 3861 me.
1269 3807 1460 3862 Nonne
1482 3813 1537 3860 et
1565 3805 1653 3860 ille
1672 3820 1898 3874 reSpon-

263 3923 270 3930 “
315 3901 464 3958 debit
493 3919 506 3957 :
533 3901 718 3969 Fatua,
747 3899 890 3956 aliud
927 3911 1010 3956 est
1036 3899 1180 3970 quod
1219 3899 1474 3969 competit
1511 3898 1726 3964 rectori,
1757 3897 1901 3954 aliud

318 3993 458 4063 quod
487 3995 752 4064 profertur
771 3991 1040 4061 emptori?
1071 3991 1212 4060 Ergo
1242 3989 1394 4046 electi
1422 4003 1606 4044 eorum
1629 3989 1719 4058 qui
1743 3989 1900 4043 sunt?

318 4084 487 4152 Electi
531 4083 814 4148 malorum,
855 4082 1011 4137 electi
1053 4081 1362 4151 impiorum,
1395 4096 1514 4146 cum
1557 4080 1748 4149 quibus
1795 4097 1898 4134 non

319 4181 402 4227 est
442 4171 878 4243 combinandum,
919 4171 972 4226 id
1017 4180 1118 4236 est,
1151 4185 1273 4225 cum
1316 4171 1510 4241 quibus
1556 4184 1661 4223 non
1693 4177 1776 4225 est
1809 4169 1903 4230 ha-

317 4261 494 4319 benda
521 4263 767 4316 societas.
796 4263 896 4328 Qui
941 4247 1066 4316 Sunt
1104 4261 1322 4322 autem?
1362 4260 1697 4316 Arbitrantes
1721 4275 1781 4315 se
1818 4259 1902 4330 ju-

319 4365 458 4430 stos,
483 4364 535 4410 et
560 4364 966 4412 contemnentes
990 4364 1220 4412 caeteros
1237 4353 1386 4425 quasi
1413 4362 1742 4424 peccatores,
1765 4354 1905 4408 sicut

319 4455 473 4514 erant
503 4446 574 4500 illi
608 4443 855 4517 pbarisaei
885 4463 900 4500 :
927 4455 1018 4500 aut
1053 4445 1174 4517 quia
1219 4445 1330 4516 ipsa
1361 4453 1574 4514 peccata
1619 4443 1906 4500 manifeste

320 4538 404 4594 vel
429 4536 925 4606 deprehenduntur,
953 4539 1038 4592 vel
1061 4537 1267 4607 publice
1297 4536 1446 4602 fiunt,
1479 4535 1823 4591 defendentes
1851 4545 1906 4592 et

322 4639 644 4694 asserentes,
691 4645 759 4685 ne
785 4631 982 4698 aliquid
1009 4629 1180 4697 culpae
1215 4645 1398 4684 eorum
1443 4629 1740 4693 tribuatur;
1769 4637 1822 4682 et
1849 4637 1907 4682 ut

323 4720 422 4791 ipsi
465 4721 592 4775 nihil
641 4723 766 4775 mali
815 4722 1004 4776 fecisse
1041 4721 1368 4790 judicentur,
1415 4719 1509 4775 scd
1543 4729 1707 4774 totum
1742 4720 1904 4786 Deus,

321 4813 410 4884 qui
439 4812 518 4867 vel
547 4813 624 4868 sic
647 4813 846 4868 creavit
874 4811 1167 4876 hominem,
1205 4811 1408 4876 dicunt,
1442 4810 1522 4864 vel
1550 4811 1732 4863 stellas
1760 4824 1908 4864 conzq

322 4905 520 4974 posuit,
548 4905 632 4960 vel
681 4919 769 4960 res
811 4904 1070 4958 humanas
1113 4901 1348 4971 negligit.
1395 4899 1738 4964 Defensiones
1781 4907 1908 4954 sunt

321 4994 611 5055 electorum
643 4993 844 5057 seculi.
876 4993 982 5048 Sed
1005 4992 1146 5048 dicat
1191 4990 1485 5050 membrum
1523 4989 1740 5054 Christi,
1766 4987 1909 5044 dicat

321 5099 516 5155 corpus
553 5083 772 5148 Christi,
817 5083 960 5138 dicat
1000 5082 1241 5137 Christus
1279 5096 1346 5137 ex
1393 5093 1620 5150 persona
1667 5079 1910 5148 corporis

321 5173 425 5239 sui,
469 5192 487 5224 ι
515 5173 629 5228 Νοιι
659 5173 895 5228 declines
937 5189 1031 5230 cor
1057 5187 1233 5226 meum
1268 5171 1325 5230 in
1349 5171 1508 5224 verba
1551 5169 1802 5239 maligna,
1840 5169 1908 5223 ad

321 5263 658 5320 excusandas
681 5263 1050 5326 excusationes
1089 5263 1142 5316 in
1171 5260 1422 5331 peccatis,
1452 5275 1570 5314 cum
1605 5259 1910 5324 hominibus

321 5353 668 5424 operantibus
696 5353 1026 5424 iniquitatem
1051 5367 1070 5418 ;
1098 5360 1282 5410 etnon
1308 5350 1624 5406 combinabo
1651 5363 1773 5406 cum
1797 5349 1910 5404 elec.

320 5446 422 5500 ctis
447 5461 654 5500 eorum.
694 5465 712 5498 ι

395 5537 484 5592 10.
513 5535 709 5602 Nostis,
740 5536 948 5602 fratres,
971 5535 1110 5606 quod
1135 5549 1240 5590 non
1266 5543 1349 5590 est
1369 5533 1902 5605 praetermittendum,

321 5627 474 5698 quasi
500 5627 674 5698 iustos
693 5625 1070 5683 eminentiores
1089 5625 1144 5680 in
1169 5640 1229 5682 se
1255 5634 1496 5684 tenentes
1521 5625 1663 5682 velut
1683 5625 1907 5698 primum

391 5761 410 5794 ι
446 5765 700 5824 υιιιιεᾋε..
723 5758 940 5818 siderum
963 5757 1230 5816 intervalla.

1483 311 1878 376 EN.\RBAT‘|0
1915 317 1982 374 IN
2019 319 2341 380 PSALMUM
2379 325 2536 382 CXL.

3433 331 3574 406 13:22

1994 433 2212 504 gradum
2235 435 2480 504 justitite,
2506 435 2715 492 Electus
2741 434 2914 490 vocari
2941 435 3078 506 apud
3101 436 3438 496 Manichazos.
3469 442 3570 512 Qui

1992 533 2274 592 noverunt,
2294 536 2694 597 recognoscant;
2715 527 3144 598 quineseiebant,
3162 529 3572 588 audiantElecti

1991 616 2204 686 quidem
2223 618 2314 672 Dei
2327 627 2452 674 sunt
2469 633 2655 680 omnes
2674 621 2862 687 sancti,
2885 620 3204 678 ethabemus
3223 623 3324 680 hoc
3351 626 3403 680 in
3429 626 3572 682 Scri-

1990 709 2159 776 pturis
2191 708 2402 782 (Mat/at.
2433 711 2838 782 λημνιὲλὲιῄ
2854 713 2942 786 51)
2973 732 2986 768 :
3017 715 3114 770 sed
3138 719 3572 788 usurparuntsibi

1990 797 2117 854 illud
2147 814 2360 866 nomen,
2381 809 2434 856 ει
2448 803 2597 871 quasi
2619 801 2930 860 familiarius
2959 805 3060 859 sibi
3079 806 3571 878 applicaverunt,ut

1991 897 2238 962 tanquam
2267 893 2480 962 proprie
2497 893 2608 963 jam
2637 894 2794 950 electi
2817 896 3164 966 appellentur.
3197 899 3299 966 Qui
3327 908 3453 956 sunt
3482 901 3570 957 isti

1990 981 2178 1036 electi?
2205 981 2404 1048 Quibus
2441 983 2483 1037 si
2512 983 2735 1050 dixeris,
2767 983 3038 1052 PeccaSti;
3077 987 3253 1042 statim
3295 989 3439 1044 illam
3470 989 3569 1046 de-

1990 1071 2284 1130 fensionem
2325 1075 2538 1144 impiam
2569 1085 2624 1130 et
2663 1075 2896 1146 pejorem
2925 1077 3133 1134 caeteris
3165 1079 3438 1150 magisque
3477 1095 3567 1136 sa-

1990 1164 2239 1234 crilegam
2272 1165 2579 1234 proferunt:
2610 1165 2722 1220 Non
2755 1181 2851 1238 ego
2875 1169 3110 1236 peccavi,
3137 1167 3227 1224 sed
3255 1185 3388 1240 gens
3415 1181 3569 1225 tene-

1989 1255 2226 1312 brarum.
2255 1255 2382 1324 Quae
2421 1267 2503 1312 est
2531 1257 2632 1314 ista
2655 1272 2785 1328 gens
2816 1259 3184 1314 tenebrarum?
3213 1259 3342 1328 Quae
3369 1260 3568 1316 bellum

1989 1347 2153 1416 gessit
2177 1361 2297 1402 cum
2328 1345 2458 1404 Deo.
2487 1346 2554 1414 Et
2583 1348 2691 1416 ipsa
2721 1359 3070 1418 peccat,_cum
3093 1357 3148 1404 tu
3175 1331 3404 1420 peccas?
3425 1349 3564 1420 Ipsa,

1990 1438 2192 1510 inquit,
2235 1439 2356 1508 quia
2399 1439 2717 1500 commixtus
2755 1455 2870 1494 sum
2915 1439 3008 1496 illi.
3047 1439 3356 1510 Deusenim
3400 1439 3488 1510 qui
3518 1449 3569 1496 te

1989 1531 2354 1598 commiscuit,
2384 1529 2508 1600 quid
2535 1529 2746 1584 timuit?
2775 1530 2886 1586 Iloc
2915 1531 3054 1586 enim
3084 1532 3283 1598 dicunt,
3312 1530 3453 1602 quod
3481 1531 3568 1588 illa

1989 1637 2120 1694 gens
2155 1623 2490 1678 tenebrarum
2525 1621 2859 1678 rebellaverit
2885 1623 3136 1678 adversus
3168 1623 3333 1678 Deum
3356 1665 3371 1688 ,
3413 1633 3568 1680 ante-

1989 1731 2146 1786 quam
2174 1715 2402 1774 mundus
2425 1715 2608 1779 fieret;
2640 1710 2692 1770 ei
2718 1715 2805 1772 ille
2828 1728 3020 1769 eavens
3046 1730 3113 1770 ne
3135 1731 3292 1786 regna
3315 1715 3430 1786 ejus
3449 1715 3569 1770 loco

1989 1805 2304 1862 adveniente
2325 1806 2497 1860 hostili
2519 1805 2721 1883 impetu
2745 1813 3095 1871 vastarentur,
3120 1805 3261 1858 misit
3281 1799 3383 1862 huc
3403 1821 3571 1861 mem-

1992 1899 2088 1954 bra
2132 1913 2262 1964 sua,
2309 1897 2660 1954 substantiam
2705 1905 2888 1962 suam,
2933 1895 3034 1952 hoc
3065 1896 3204 1965 quod
3246 1897 3357 1965 ipse
3386 1905 3492 1962 est;
3524 1896 3572 1952 si

1990 2006 2198 2059 aurum,
2225 2005 2448 2054 aurum;
2477 1988 2522 2043 si
2547 1988 2658 2054 lux,
2681 1987 2852 2046 lucem
2878 2004 2890 2042 :
2920 1986 3170 2058 quidquid
3195 1985 3320 2040 illud
3344 1995 3444 2051 est,
3471 1985 3574 2042 hoc

1991 2083 2164 2146 misit,
2213 2091 2267 2136 et
2309 2080 2522 2134 miscuit
2554 2077 2847 2134 visceribus
2886 2077 3057 2149 gentis
3087 2077 3457 2146 tenebrarum,
3489 2077 3574 2132 di-

1991 2180 2150 2240 cunt,
2178 2181 2232 2228 et
2264 2169 2540 2226 fabricavit
2565 2169 2688 2238 inde
2717 2169 2991 2224 mundum.
3025 2167 3094 2222 Et
3119 2183 3215 2222 nos
3241 2169 3465 2236 animae,
3495 2168 3577 2224 in-

1992 2264 2214 2334 quiunt,
2245 2261 2314 2318 de
2340 2263 2468 2332 ipsis
2507 2260 2760 2318 membris
2789 2261 2883 2316 Dei
2911 2275 3128 2325 sumus;
3161 2259 3252 2316 sed
3284 2259 3576 2330 premimur

1995 2353 2082 2408 hic
2109 2353 2400 2408 visceribus
2423 2353 2597 2422 gentis
2624 2351 2984 2416 tenebrarum,
3007 2360 3060 2406 et
3079 2349 3331 2422 quidquid
3355 2364 3576 2420 peccare

1993 2445 2239 2513 dicimur,
2273 2445 2359 2499 illa
2383 2459 2515 2516 gens
2545 2453 2747 2512 peccat.
2791 2443 2860 2498 Se
2887 2443 3100 2512 quidem
3129 2442 3373 2497 videntur
3409 2456 3574 2496 excu-

1993 2552 2112 2594 sare
2137 2553 2165 2591 a
2193 2544 2444 2606 peccato;
2476 2536 2569 2590 sed
2599 2535 2768 2590 Deum
2797 2550 2951 2590 suum
2991 2549 3095 2588 non
3132 2541 3386 2590 excusant
3411 2547 3440 2586 a
3471 2533 3578 2586 cri-

1994 2629 2138 2684 mine
2181 2628 2420 2694 timoris,
2451 2641 2549 2682 ncc
2591 2625 2755 2696 ipsam
2785 2625 3133 2686 substantiam
3174 2625 3264 2678 Dei
3295 2623 3374 2678 sui
3402 2637 3431 2675 a
3465 2622 3577 2676 cri-

1994 2723 2138 2784 mine
2183 2707 2662 2792 corruptibilitatis.
2705 2719 2760 2774 Si
2788 2719 2928 2775 enim
2959 2715 3374 2786 incorruptibilis
3403 2715 3577 2780 Deus,

1994 2815 2040 2870 si
2069 2813 2540 2878 incommutabilis,
2569 2811 2613 2866 si
2642 2808 3154 2876 incontamiuabilis,
3185 2807 3232 2864 si
3266 2805 3580 2861 immacula-

1993 2907 2136 2973 bilis,
2164 2906 2208 2962 si
2239 2903 2674 2976 impenetrabilis,
2704 2901 2830 2972 quid
2852 2901 2900 2956 ei
2925 2900 3128 2958 factura
3154 2905 3268 2954 erat
3291 2911 3422 2968 gens
3451 2895 3540 2950 illa
3557 2895 3610 2947 ἲ·

1995 2999 2231 3062 Fecisset
2253 2998 2338 3054 illa
2357 3013 2516 3067 quem
2563 2995 2722 3053 vellet
2748 2994 3000 3064 impetum
3025 3009 3040 3056 ;
3067 2991 3336 3062 quomodo
3357 2995 3584 3044 terreret

1996 3088 2478 3162 impenetrabilem,
2510 3085 2893 3150 inviolabilem,
2921 3081 3466 3144 incontaminabilcm,
3495 3079 3580 3133 in-

1997 3181 2428 3244 commutabilem
2453 3189 2506 3235 et
2529 3177 3018 3248 incorruptibilem?
3044 3175 3098 3231 Si
3123 3191 3250 3245 ergo
3278 3175 3396 3228 talis
3421 3173 3578 3238 Deus,

1997 3271 2262 3338 crudelis;
2290 3271 2411 3342 quia
2439 3272 2553 3326 sine
2581 3285 2738 3324 causa
2769 3269 2870 3322 huc
2897 3282 2993 3322 vos
3020 3267 3182 3330 misit,
3214 3265 3296 3321 cui
3325 3265 3458 3320 nihil
3487 3280 3586 3320 no-

1997 3367 2108 3423 ceri
2141 3374 2364 3436 poterat.
2393 3365 2568 3432 Quare
2597 3378 2692 3417 vos
2717 3362 2897 3417 misit?
2923 3355 3061 3418 Ecce
3089 3375 3220 3432 gens
3246 3359 3584 3414 tenebrarum

2000 3460 2072 3514 illi
2101 3473 2294 3513 nocere
2321 3472 2424 3512 non
2452 3463 2692 3526 poterat;
2719 3455 2832 3524 ipse
2855 3464 3030 3509 autem
3059 3452 3206 3506 vobis
3231 3451 3461 3522 graviter
3489 3463 3586 3504 no-

1999 3553 2142 3618 cuit,
2191 3560 2244 3606 et
2287 3550 2434 3620 ipse,
2477 3547 2648 3620 magis
2674 3563 2832 3618 quam
2875 3546 2996 3612 illa,
3037 3545 3204 3602 hostis
3243 3554 3420 3600 vester
3447 3542 3582 3598 fuit:

1999 3658 2302 3713 quanquam
2328 3651 2382 3698 et
2419 3641 2530 3710 ipsa
2563 3639 2711 3696 vobis
2737 3654 2930 3693 nocere
2957 3637 3144 3708 potuit.
3177 3635 3432 3691 Potuistis
3458 3649 3583 3705 pre-

2001 3733 2108 3798 mi,
2137 3732 2384 3802 potuistis
2413 3729 2665 3800 captivari
2685 3771 2700 3794 ,
2737 3728 2980 3798 potuistis
3010 3727 3308 3796 inquinari,
3341 3725 3586 3796 potuistis

2001 3800 2269 3894 corrumpi
2297 3843 2310 3879 :
2343 3824 2512 3894 potuit
2536 3837 2663 3892 ergo
2705 3832 2758 3876 et
2801 3821 2912 3876 ille.
2971 3819 3220 3874 Frustum
3259 3819 3400 3873 enim
3445 3832 3585 3888 quo-
3635 3800 3640 3806 ”

2002 3916 2326 3982 dummodo,
2376 3923 2430 3969 et
2477 3913 2809 3986 portiuncula
2855 3920 3060 3964 natura:
3111 3909 3276 3980 ipsius
3321 3909 3606 3964 convincit

2003 4022 2258 4064 massam.
2287 4005 2453 4074 Quale
2482 4013 2566 4060 est
2605 4003 2732 4058 illud
2762 4003 2902 4072 quod
2941 4001 3042 4056 huc
3072 4001 3248 4068 misit,
3295 4001 3398 4056 tale
3424 4007 3508 4056 est
3533 4008 3587 4054 et

2005 4099 2136 4156 illud
2165 4097 2306 4170 quod
2331 4097 2402 4152 ibi
2427 4096 2701 4151 remansit.
2721 4093 2832 4150 Hoc
2863 4092 2960 4162 ipsi
2989 4092 3206 4146 dicunt:
3234 4091 3332 4162 ipsi
3355 4089 3588 4144 fatentur

2004 4192 2129 4264 quia
2153 4189 2274 4244 duae
2301 4188 2608 4244 substantia:
2630 4195 2790 4249 sunt;
2821 4200 2921 4240 una
2948 4183 3056 4250 illa,
3084 4193 3136 4238 et
3163 4198 3265 4237 una
3289 4183 3410 4237 ista.
3441 4181 3588 4236 Libri

2005 4296 2190 4338 eorum
2221 4281 2323 4334 hoc
2349 4278 2574 4344 habent;
2603 4285 2654 4332 et
2675 4275 2718 4330 si
2741 4282 2955 4344 negant,
2987 4271 3251 4343 leguntur,
3284 4279 3338 4327 et
3366 4272 3590 4327 convin‘

2008 4380 2224 4438 cuntur,

2080 4464 2166 4518 ll.
2199 4459 2337 4528 Quid
2375 4458 2539 4530 ergo?
2583 4456 2654 4514 Ut
2695 4455 2748 4511 in
2785 4453 2888 4510 hoc
2917 4469 3023 4510 uno
3052 4451 3270 4510 exordio
3298 4451 3428 4507 nihil
3472 4467 3587 4506 am-

2005 4553 2146 4628 plius
2175 4552 2344 4608 dicam
2364 4591 2380 4617 ,
2413 4565 2518 4603 non
2567 4547 2741 4602 dicam
2779 4545 2958 4616 pejora
2979 4587 2994 4610 ,
3027 4559 3131 4599 non
3161 4543 3334 4598 dicam
3363 4543 3594 4598 scelera.-

2011 4648 2143 4702 tiora
2168 4664 2182 4700 :
2211 4647 2262 4700 in
2303 4645 2406 4700 hoc
2437 4645 2552 4714 ipso
2579 4640 2796 4698 exordio
2825 4655 2930 4710 quo
2969 4638 3166 4693 bellum
3198 4635 3486 4702 inducunt,
3515 4633 3592 4688 vi-

2008 4742 2130 4798 dete
2173 4737 2618 4814 quemadmodum
2663 4735 3025 4796 debellentur;
3070 4739 3123 4786 et
3167 4729 3258 4783 ubi
3305 4737 3590 4798 pugnatum

2009 4833 2267 4888 adversus
2293 4831 2458 4885 Deum
2487 4844 2516 4881 a
2559 4834 2717 4898 gente
2759 4823 3091 4879 tenebrarum
3137 4819 3350 4882 dicunt,
3395 4816 3494 4885 ipsi
3538 4815 3590 4870 in

2011 4940 2193 4982 eorum
2218 4922 2504 4980 verborum
2527 4933 2699 4990 pugna
2722 4916 3018 4986 capiuntur.
3043 4911 3156 4966 Non
3180 4910 3320 4964 enim
3349 4915 3431 4962 est
3451 4905 3592 4976 quod

2011 5016 2218 5078 dicant,
2252 5023 2342 5068 aut
2367 5027 2472 5082 quo
2509 5009 2794 5078 refugiant.
2827 5003 2932 5060 Sed
2963 5003 3069 5068 vis,
3100 5017 3134 5055 ο
3163 4998 3422 5064 nefande,
3463 4996 3593 5052 false

2013 5106 2201 5172 electo,
2233 5103 2522 5160 defendere
2558 5109 2828 5170 peccatum
2859 5103 3037 5158 tuum,
3073 5101 3129 5146 nt
3159 5087 3368 5160 quando
3397 5087 3592 5156 aliquid

2014 5198 2140 5254 mali
2171 5195 2384 5260 feceris,
2413 5209 2520 5248 non
2551 5201 2606 5246 tu
2635 5189 2824 5244 fecisse
2846 5184 3106 5240 videaris:
3139 5181 3332 5254 quaeris
3360 5179 3409 5232 in
3437 5193 3592 5248 quem

2014 5297 2290 5360 peccatum
2322 5296 2466 5340 tuum
2510 5279 2787 5344 refundas,
2817 5287 2871 5332 et
2916 5273 3152 5330 refundis
3191 5273 3243 5326 in
3273 5277 3481 5341 gentem
3516 5279 3592 5322 te-

2015 5381 2318 5438 nebrarum.
2351 5377 2454 5432 Sed
2482 5374 2548 5428 ad
2577 5374 2742 5428 Deum
2770 5367 2982 5424 attende
3001 5409 3014 5432 ,
3043 5367 3087 5420 si
3117 5379 3222 5420 non
3253 5365 3304 5416 in
3333 5361 3478 5416 illum
3508 5374 3596 5414 re-

2017 5472 2210 5528 fundis.
2241 5472 2298 5526 Si
2324 5469 2464 5524 enim
2492 5473 2671 5536 posset
2706 5477 2834 5532 gens
2867 5459 3225 5520 tenebrarum,
3255 5469 3410 5525 quam
3442 5451 3595 5522 fingi-
3639 5463 3648 5470 ‘

2018 5563 2106 5628 tis,
2134 5561 2235 5616 hoc
2266 5559 2356 5614 tibi
2386 5557 2624 5611 diceret:
2647 5551 2790 5622 Quid
2821 5567 2906 5605 me
2935 5547 3192 5604 accusas?
3219 5545 3370 5601 Potui
3401 5541 3595 5613 aliquid

2014 5653 2194 5708 facere
2234 5652 2342 5706 Deo
2382 5659 2503 5712 tuo,
2546 5661 2723 5701 annon
2753 5641 2936 5714 potui?
2965 5641 3020 5696 Si
3063 5639 3244 5710 potui,
3290 5637 3475 5692 fortior
3502 5635 3595 5690 illo

2020 5759 2136 5802 sum
2163 5760 2176 5797 :
2206 5741 2250 5798 si
2276 5755 2380 5796 non
2421 5737 2602 5816 potui,
2631 5733 2906 5810 quare'me
2929 5731 3140 5790 timuit?
3167 5730 3224 5788 Si
3253 5745 3358 5787 non
3387 5727 3595 5792 timuit,
