4080 6464
518 352 657 408 Ιὸὶῢ

512 484 678 541 quare
724 468 828 525 huc
871 476 921 523 te
965 467 1139 533 misit,
1181 472 1240 520 ut
1271 471 1412 519 tanta
1455 461 1541 529 hic
1583 461 1829 531 patiaris,
1859 474 1978 515 cum
2018 458 2092 513 sis

513 563 811 617 membrum
858 562 1058 631 ipsius,
1103 574 1223 613 cum
1254 558 1329 613 sis
1352 556 1643 613 substantia
1688 554 1887 633 ipsius?
1916 553 1960 607 si
1989 569 2092 608 non

515 656 721 722 timuit,
772 654 1001 725 invidit;
1022 654 1065 707 si
1099 652 1197 715 hoc
1229 650 1417 714 timore
1455 665 1560 705 nou
1592 648 1758 721 fecit,
1781 647 2094 715 crudelitate

512 745 655 801 fecit.
684 745 851 813 Quam
879 759 1004 813 ergo
1029 744 1239 814 iniquus
1262 750 1362 807 est,
1390 742 1475 803 cui
1505 741 1636 799 nihil
1663 740 1839 795 noceri
1867 748 2104 815 poteratt

512 846 563 890 et
593 836 715 890 fecit
740 844 794 890 ut
822 834 1072 904 membris
1098 835 1206 889 suis
1237 833 1322 888 hic
1342 834 1417 895 ita,
1440 833 1751 889 noceretur?
1781 833 1862 886 An
1888 839 2102 901 poterat

511 926 733 979 noceri?
762 925 905 995 Ergo
936 924 1351 994 incorruptibilis
1376 939 1484 979 non
1528 933 1629 985 est,
1674 922 1808 979 Cum
1844 923 1928 990 vis
1966 937 2094 1000 ergo

510 1026 562 1071 te
591 1003 878 1072 defendere
898 1018 965 1086 de
992 1029 1206 1093 peccato
1230 1027 1338 1085 tuo,
1363 1018 1577 1073 laudare
1602 1032 1703 1072 non
1728 1026 1878 1091 potes
1905 1017 2097 1078 Deum,

510 1109 567 1163 In
602 1109 758 1164 laude
789 1110 880 1165 Dei
926 1126 1029 1163 non
1077 1110 1377 1181 Capereris,
1421 1109 1520 1177 nisi
1564 1109 1615 1162 in
1664 1118 1748 1162 tua
1791 1108 2122 1178 jactareris.'

509 1198 697 1253 Transi
741 1200 806 1253 ad
849 1201 1289 1275 vituperationem
1334 1208 1597 1274 tuamn‘et
1635 1198 1871 1259 laudabis
1900 1198 2099 1263 Deum.

508 1290 642 1345 Redi
689 1291 755 1347 ad
796 1294 955 1347 verba
1000 1293 1328 1347 Psalmorum
1373 1306 1506 1360 quos
1548 1290 1929 1359 exsecramini,
1970 1291 2103 1363 dic;

507 1378 622 1451 Ego
648 1382 784 1453 dixi,
805 1381 1019 1436 Domine
1035 1425 1050 1449 ,
1082 1386 1314 1445 miserere
1338 1384 1433 1437 mei
1448 1399 1469 1448 ;
1502 1399 1627 1437 sana
1652 1384 1872 1436 animam
1898 1399 2102 1455 meum,

508 1473 747 1542 quoniam
771 1476 970 1544 peccavi
998 1474 1103 1529 tibi.
1137 1476 1246 1545 Ego
1272 1475 1375 1535 dixi
1394 1517 1406 1538 ,
1437 1490 1535 1545 ego
1564 1476 1811 1544 peccavi;
1846 1490 1951 1529 non
1982 1474 2090 1528 for-

509 1572 667 1627 tuna,
701 1578 805 1619 non
839 1564 1038 1631 fatum,
1086 1581 1193 1619 non
1232 1579 1364 1636 gens
1395 1566 1752 1624 tenebrarum.
1796 1566 1850 1620 Si
1882 1581 2006 1636 ergo
2034 1574 2090 1620 tu

506 1658 761 1727 peccasti,
788 1658 894 1728 jam
924 1658 1045 1714 vide
1070 1659 1513 1732 quemadmodum
1544 1669 1717 1728 pateat
1746 1660 1859 1713 laus
1891 1660 2002 1723 Dei,
2038 1660 2090 1713 in

506 1764 609 1818 qua
638 1751 1033 1824 angustabaris,
1063 1766 1181 1805 cum
1213 1760 1263 1805 te
1290 1751 1456 1806 velles
1483 1750 1787 1807 defendere.
1821 1751 2005 1806 Melius
2037 1751 2089 1806 in

507 1842 742 1908 peccatis
783 1842 885 1895 tuis
916 1843 1213 1911 angustaris
1233 1852 1342 1910 ,,et
1383 1845 1434 1896 in
1476 1842 1616 1897 illius
1646 1842 1800 1911 laude
1829 1842 2102 1912 dilataris.‘

506 1928 622 1986 Jam
652 1946 778 2001 ergo
807 1932 1053 1989 confesso
1080 1942 1299 2003 peccato
1328 1943 1449 1999 tuo,
1478 1933 1598 1988 vide
1640 1933 2089 2004 quemadmodum

507 2020 753 2076 laudetur
782 2023 920 2077 Deus
946 2042 958 2077 :
992 2025 1109 2093 quia
1140 2033 1193 2079 et
1216 2025 1392 2093 justus
1419 2034 1531 2090 est,
1558 2039 1677 2078 cum
1710 2034 1759 2077 te
1788 2026 1939 2095 punit
1971 2041 2092 2095 per-

506 2122 877 2179 severantem;
911 2123 965 2168 et
991 2115 1297 2169 misericors
1317 2156 1330 2179 ,
1361 2130 1480 2169 cum
1511 2114 1700 2169 liberat
1724 2115 2085 2172 confitentem.

506 2204 630 2259 Non
652 2220 797 2275 ergo,
828 2206 1014 2276 inquit,
1045 2207 1262 2261 declines
1290 2224 1376 2261 cor
1399 2224 1561 2260 meum
1589 2208 1640 2260 in
1671 2207 1816 2261 verba
1842 2208 2082 2278 maligna,

503 2295 573 2348 ad
599 2296 912 2351 excusandas
937 2298 1280 2352 excusationes
1305 2299 1355 2352 in
1394 2300 1606 2368 peccatis
1628 2315 1648 2364 ;
1687 2307 1743 2353 ut
1765 2299 1949 2369 dicam.
1966 2299 2086 2376 quia

501 2402 633 2457 gens
664 2387 1005 2443 tenebrarum
1028 2388 1151 2443 fecit
1172 2388 1313 2461 quod
1343 2404 1441 2459 ego
1468 2388 1589 2444 feci.

576 2477 662 2531 12.
708 2477 830 2532 Cum
870 2479 1155 2535 hominibus
1197 2480 1522 2550 operantibus
1550 2480 1880 2549 iniquitatem.
1914 2478 2083 2551 Quam

500 2570 869 2640 iniquitatem?
896 2572 1141 2627 Dicamus
1172 2572 1399 2643 aliquam
1424 2586 1608 2629 eorum
1638 2572 2088 2643 iniquitatemnc-

499 2658 732 2719 fundam.
764 2662 958 2718 Audite
1005 2663 1337 2737 iniquitatem
1369 2663 1623 2719 nefariam
1671 2664 2083 2733 Manichaeorum

500 2753 790 2822 publicam,
820 2770 978 2825 quam
1010 2756 1350 2826 confitentur.
1382 2755 1645 2827 Expedire
1672 2758 1854 2814 dicunt
1883 2759 2083 2814 homini

498 2842 854 2900 feneratorem
884 2861 1004 2902 esse
1023 2888 1038 2914 ,
1075 2862 1232 2917 quam
1264 2848 1572 2918 agricolam.
1602 2849 1805 2917 Quaeris
1831 2865 2044 2906 causam
2066 2892 2081 2918 ,

498 2944 554 2991 et
583 2937 809 2992 reddunt
835 2939 1115 3009 rationem.
1150 2939 1281 2994 Vide
1320 2941 1363 2994 si
1391 2940 1525 2995 ratio
1565 2941 1653 2996 illa
1683 2958 1786 2996 non
1816 2941 2094 3005 dementia,

497 3027 823 3091 nominanda
854 3039 953 3083 est.
993 3030 1093 3097 Qui
1121 3030 1264 3085 enim
1296 3031 1347 3084 in
1377 3046 1593 3085 usuram
1616 3074 1628 3096 ,
1677 3032 1948 3102 inquiunt,
1992 3033 2096 3093 dat

497 3117 774 3187 pecuniam
796 3160 817 3189 ,7
855 3135 962 3173 non
998 3120 1145 3175 lardit
1169 3136 1382 3176 crucem
1414 3121 1627 3176 luminis
1654 3120 1828 3194 (multi
1862 3140 1964 3178 non
1996 3123 2081 3178 iu-

498 3209 764 3280 telligunt,
797 3211 890 3266 sed
918 3213 1203 3284 exponam)
1231 3232 1244 3268 :
1276 3214 1365 3284 qui
1392 3225 1600 3282 autem,
1629 3215 1903 3284 inquiunt,
1935 3216 2080 3287 agri-

494 3299 614 3354 cola
640 3311 742 3367 est,
777 3302 997 3357 multum
1027 3303 1171 3358 Redit
1191 3319 1401 3360 crucem
1430 3306 1662 3360 luminis.
1692 3306 1895 3373 Quaeris
1923 3322 2078 3377 quam

494 3406 709 3447 crucem
755 3393 1006 3455 luminis?
1053 3394 1323 3460 Membra,
1372 3396 1647 3467 inquiunt,
1697 3396 1783 3451 illa
1829 3397 1924 3451 Dei
1962 3413 2081 3468 quae

494 3493 649 3553 capta
672 3492 796 3545 sunt
828 3486 881 3539 in
905 3486 995 3539 illo
1018 3487 1222 3555 przclio,
1247 3489 1409 3541 mixta
1436 3498 1560 3543 sunt
1585 3489 1834 3545 universo
1855 3491 2075 3559 mundo,

494 3583 549 3626 c'.
574 3583 692 3627 sunt
728 3574 780 3628 in
811 3575 1115 3640 arboribus,
1151 3577 1203 3630 in
1234 3576 1414 3632 herbis
1435 3620 1449 3646 ,
1496 3580 1547 3635 in
1577 3580 1781 3650 pomis,
1816 3581 1868 3634 iu
1898 3580 2079 3635 fructi-

495 3664 616 3723 bus.
659 3665 752 3720 Dei
784 3668 1021 3729 memhra
1050 3676 1240 3737 vexat,
1273 3671 1363 3740 qui
1395 3679 1591 3726 terram
1617 3673 1764 3727 sulco
1793 3672 2075 3741 discindit;

494 3754 591 3809 Dei
631 3756 869 3811 membra
900 3770 1091 3826 vexat,
1115 3760 1203 3829 qui
1246 3760 1463 3821 herbam
1500 3760 1567 3817 de
1598 3771 1737 3818 terra
1764 3764 1947 3831 vellit;
1983 3764 2077 3820 Dei

492 3850 732 3904 membra
758 3860 933 3919 vexat,
969 3853 1055 3922 qui
1088 3868 1300 3927 pomum
1333 3857 1502 3927 carpit
1525 3856 1592 3912 de
1621 3858 1834 3914 arbore.
1866 3859 1990 3915 Haec
2012 3875 2077 3916 nc

493 3940 654 3999 faciat
682 3944 733 3999 in
764 3960 891 4016 agro
914 3937 1053 4001 falsa
1072 3947 1376 4017 homicidia,
1406 3950 1531 4006 facit
1557 3953 1607 4007 in
1630 3952 1815 4015 fenore
1839 3971 1964 4010 vera
1983 3956 2079 4010 ho-

493 4036 728 4091 micidia.
760 4037 955 4093 Panem
1004 4039 1323 4095 mendicanti
1372 4058 1475 4099 non
1524 4045 1765 4120 porrigit.
1796 4046 1983 4107 Videte
2032 4047 2089 4107 si.

493 4136 669 4196 potest
712 4144 833 4183 esse
878 4130 1047 4199 major
1095 4130 1343 4201 iniquitas
1390 4132 1487 4188 ista
1531 4134 1736 4205 justltia
1790 4137 1828 4189 ¹.
1878 4136 2075 4192 Panem

493 4218 815 4273 mendicanti
849 4236 952 4275 non
999 4223 1254 4293 porrigit:
1285 4226 1516 4294 quaeris,
1564 4228 1767 4297 quare?
1794 4228 1872 4284 Ne
1914 4229 2076 4285 vitam

494 4325 614 4377 quae
649 4320 729 4365 est
759 4312 811 4365 in
852 4328 1017 4381 pane,
1048 4330 1206 4384 quam
1236 4315 1420 4371 dicunt
1458 4318 1756 4373 membrum
1790 4320 1913 4386 Dei,
1946 4322 2077 4377 sub~

494 4400 742 4455 stantiam
771 4401 1026 4471 divinam,
1057 4405 1332 4461 mendicus
1353 4406 1439 4462 ille
1460 4408 1699 4477 accipiat,
1726 4418 1779 4464 et
1806 4410 1933 4480 liget
1957 4426 2074 4471 eam

494 4490 546 4545 in
578 4506 757 4547 carne.
803 4492 939 4561 Quid
978 4510 1104 4565 ergo
1135 4497 1262 4550 vos?
1305 4496 1471 4567 quid?
1499 4514 1661 4567 quare
1708 4500 2077 4556 manducatis?

494 4579 720 4637 Carnem
745 4599 848 4637 non
874 4584 1118 4641 habetis?
1144 4586 1246 4642 Sed
1271 4603 1387 4652 nos,
1416 4589 1675 4659 inquiunt,
1699 4591 1821 4660 quia
1846 4591 1948 4646 lide
1971 4592 2078 4648 Ma-

495 4673 687 4728 nichzei
730 4674 1008 4730 illuminati
1052 4693 1269 4743 sumus,
1304 4680 1633 4737 orationibus
1657 4692 1710 4735 et
1736 4683 1950 4751 psalmis
1978 4699 2076 4737 no-

495 4767 641 4833 stris,
672 4767 760 4837 qui
787 4757 941 4823 elecli
970 4784 1171 4835 sumus,
1204 4788 1489 4843 purgamus
1515 4773 1636 4827 inde
1664 4774 1825 4833 vitam
1853 4792 1970 4846 qua:
1995 4783 2078 4832 est

494 4858 546 4913 in
579 4859 668 4913 illo
691 4876 844 4930 pane,
876 4870 930 4917 et
950 4863 1205 4918 mittimus
1236 4864 1376 4919 illam
1400 4866 1463 4920 ad
1489 4866 1764 4935 thesauros
1793 4869 2072 4924 caalorum.

495 4949 651 5005 Tales
679 4961 799 5007 sunt
828 4954 1002 5019 electi,
1031 4965 1211 5010 utnon
1243 4958 1347 5012 sint
1371 4957 1605 5013 salvandi
1636 4974 1665 5011 a
1698 4959 1827 5026 Deo,
1855 4961 1948 5015 sed
1971 4960 2077 5015 salo

492 5055 704 5099 vatores
730 5045 844 5100 Dei.
881 5046 945 5099 Et
970 5047 1082 5116 ipse
1111 5059 1192 5102 est
1219 5047 1496 5115 Christus,
1530 5050 1746 5117 dicunt,
1789 5052 2076 5109 cruciﬁxus

492 5136 545 5191 in
575 5145 685 5190 toto
713 5137 928 5192 mundo.
960 5138 1069 5208 Ego
1100 5138 1150 5192 iu
1181 5140 1467 5210 Evangelio
1492 5140 1822 5197 Salvatorcm
1850 5157 2073 5211 accepe-

490 5247 604 5289 ram
635 5233 934 5299 Christum;
980 5251 1072 5289 vos
1114 5245 1290 5290 autem
1319 5236 1449 5290 estis
1480 5236 1531 5289 in
1571 5236 1719 5292 libris
1744 5236 1936 5292 vestris
1964 5237 2074 5293 sal-

492 5336 703 5381 vatores
731 5325 947 5381 Christi.
980 5326 1121 5381 Estis
1159 5329 1314 5396 plane
1358 5327 1817 5398 blasphematorcs
1844 5329 2073 5399 Christi,

489 5426 546 5472 et
572 5418 690 5473 ideo
709 5434 737 5472 a
760 5418 971 5475 Christo
995 5434 1099 5474 non
1121 5420 1385 5478 salvandi.
1410 5421 1552 5490 Ergo
1573 5421 1809 5478 buccella
1832 5439 1899 5478 ne
1921 5423 2075 5479 detur

490 5508 754 5573 mendico,
782 5519 835 5564 et
860 5511 1031 5579 ploret
1060 5511 1111 5565 in
1143 5510 1380 5567 buccella
1422 5513 1719 5569 membrum
1750 5515 1876 5583 Dei,
1924 5532 2077 5571 men-

488 5598 642 5655 dicus
672 5599 806 5656 fame
834 5604 1122 5658 moriturus
1142 5604 1262 5659 est!
1298 5603 1447 5658 Falsa
1482 5604 1845 5663 misericordia
1872 5609 1923 5664 in
1947 5608 2075 5667 buc-

554 5762 568 5791 ι
595 5760 667 5810 sic
686 5758 912 5827 plerique
936 5768 1041 5813 Mss.
1069 5769 1121 5816 At
1144 5762 1282 5826 Edd.,
1308 5761 1398 5815 ista
1420 5761 1668 5827 injustitia.

1779 340 1837 397 S.
1878 336 2241 395 AUGUSTINI
2283 337 2583 394 EPISCOPI

3648 349 3787 405 {89b

2205 454 2423 519 cellam,
2458 454 2581 511 facit
2620 470 2801 511 verum
2833 457 3173 516 homicidium
3214 462 3267 518 in
3310 462 3580 523 hominem
3607 468 3649 522 '.
3680 469 3784 527 Sed

2200 547 2306 617 qui
2336 560 2466 603 sunt
2507 550 2590 619 isti
2636 551 2789 621 electi
2830 555 3050 619 eorum?
3084 554 3203 610 Non
3245 556 3464 615 declines
3501 577 3589 615 cor
3618 579 3786 619 meum

2273 641 2419 695 verba
2445 644 2668 715 maligna
2687 686 2701 708 ,
2733 654 2780 700 et
2805 663 2905 714 non
2931 650 3360 711 combinubocnm
3384 659 3557 715 electis
3582 677 3784 725 eorum.

2272 732 2360 787 15.
2392 733 2539 805 [vers.
2572 722 2653 808 5.]
2683 735 2984 803 Emendabit
3017 759 3095 796 me
3110 744 3281 814 justus
3317 748 3371 802 in
3406 722 3783 823 misericordia,

2199 832 2254 891 et.
2296 834 2471 897 arguet
2522 845 2618 883 me.
2674 830 2859 887 Videte
2910 846 3243 902 peccatorem
3297 841 3663 900 confessorem
3710 849 3783 902 ’ς

2198 917 2473 971 emendari
2501 934 2559 973 se
2590 920 2702 979 vult
2744 923 3186 995 misericorditer,
3231 932 3408 1001 potius
3429 934 3450 967 ³
3479 950 3639 1006 quam
3667 939 3786 994 lau-

2198 1004 2311 1069 dari
2342 1005 2617 1077 fallaciter.
2645 1009 2947 1085 Emendabit
2986 1034 3065 1072 me
3082 1020 3259 1091 justus
3295 1024 3349 1078 in
3391 1004 3735 1090 misericordia
3762 1048 3785 1087 :

2198 1098 2243 1152 si
2269 1097 2445 1169 justus
2474 1112 2573 1167 est,
2602 1104 2644 1157 si
2674 1105 2977 1164 misericors
3008 1121 3111 1178 est,
3134 1115 3345 1183 quando
3371 1134 3456 1172 me
3484 1121 3626 1175 videt
3650 1137 3783 1192 pec-

2197 1200 2427 1245 cantem.
2462 1192 2581 1265 Hoc,
2604 1197 2782 1268 utique
2807 1201 3047 1277 quaedam
3078 1208 3314 1273 membra
3341 1210 3543 1270 Chriin
3561 1215 3747 1272 dicunt
3764 1261 3785 1286 ,

2197 1279 2264 1343 de
2288 1283 2602 1352 quihusdam
2648 1290 2903 1346 membris
2931 1292 3130 1351 Christi
3173 1298 3389 1368 dicunt,
3435 1304 3488 1358 in
3520 1321 3628 1361 uno
3655 1279 3781 1364 cor:

2197 1386 2327 1442 pore
2378 1375 2579 1433 dicunt.
2630 1379 2888 1451 Dignatur
2938 1384 3081 1456 loqui
3128 1388 3385 1447 Dominus
3435 1412 3502 1451 ex
3553 1412 3781 1467 persona

2196 1467 2591 1538 emendatoris,
2642 1488 2739 1528 nec
2790 1478 2993 1546 respuit
3046 1496 3328 1557 personam
3377 1489 3644 1546 emendati
3698 1494 3784 1552 vel

2195 1558 2513 1614 emendandi
2542 1561 2564 1593 ⁸
2590 1579 2602 1615 :
2631 1565 2806 1618 omnia
2835 1568 2975 1625 enim
3003 1573 3236 1628 membra
3269 1575 3319 1629 in
3345 1576 3455 1644 illo,
3479 1589 3534 1634 et
3557 1582 3673 1652 ipse
3699 1585 3781 1638 di-

2196 1648 2623 1720 cit,‘Emendabit
2647 1672 2724 1717 me
2742 1657 2936 1735 justus.
2968 1661 3097 1729 Quis
3118 1662 3295 1733 justus
3322 1676 3372 1722 te
3403 1648 3785 1731 emendaturus

2196 1742 2319 1795 est?
2351 1743 2521 1816 Caput
2559 1747 2809 1815 emendat
2851 1754 3028 1807 omnia
3057 1756 3313 1817 membra.
3362 1759 3665 1819 Emendabit
3703 1783 3785 1823 me

2187 1832 2359 1902 justus
2384 1834 2436 1888 in
2459 1824 2826 1909 misericordia,
2852 1852 2899 1895 et
2923 1856 3099 1918 arguet
3120 1863 3216 1900 me.
3243 1850 3463 1920 Arguet,
3487 1853 3579 1908 sed
3603 1856 3654 1909 in
3682 1858 3783 1911 mi-

2197 1928 2487 1985 sericordia
2513 1949 2526 1985 :
2555 1944 2759 2004 arguet,
2792 1937 2884 2001 sed
2912 1954 3016 1993 non
3044 1941 3186 2009 odit;
3216 1952 3271 1999 et
3294 1961 3358 2001 eo
3384 1950 3551 2018 magis
3570 1962 3779 2019 arguet,

2194 2019 2315 2110 quia
2351 2036 2459 2076 non
2499 2023 2628 2079 odit.
2659 2027 2722 2080 Et
2756 2028 2855 2084 iste
2884 2046 3048 2100 quare
3075 2034 3197 2101 inde
3225 2038 3419 2106 gratias
3454 2041 3599 2110 agit?
3622 2041 3783 2110 Quia,

2192 2106 2402 2187 Corripe
2419 2113 2723 2181 sapientem,
2756 2127 2803 2172 et
2830 2120 3016 2175 amabit
3043 2131 3089 2176 te
3111 2123 3290 2193 (Prov.
3317 2144 3387 2193 ιχ,
3418 2106 3780 2199 8).Ἐηιεξιι1αλ

2194 2199 2263 2253 bit
2292 2218 2369 2255 me
2384 2204 2556 2274 justus
2577 2222 2597 2260 :
2622 2208 2743 2277 quia
2768 2212 3145 2281 persequitur?
3172 2217 3324 2272 Absit
3348 2236 3360 2273 :
3394 2220 3481 2276 hic
3500 2232 3582 2276 est
3605 2224 3785 2293 potius

2191 2294 2577 2362 emendandus,
2607 2299 2649 2352 si
2678 2300 2799 2356 odio
2823 2305 3089 2367 emendat.
3123 2306 3298 2376 Quare
3336 2327 3463 2379 ergo
3488 2317 3783 2371 emendat?

2193 2384 2257 2457 In
2284 2391 2648 2459 misericordia.
2699 2394 2765 2448 Et
2803 2408 2978 2470 arguet
3022 2417 3140 2456 me:
3169 2403 3224 2465 in
3250 2419 3355 2474 quo
3376 2405 3438 2460 ’ἲ
3467 2407 3524 2462 ln
3568 2409 3781 2465 miseri-

2191 2478 2392 2531 cordia.
2427 2478 2606 2536 Oleum
2635 2494 2801 2538 autem
2829 2490 3103 2555 peccatoris
3132 2507 3232 2552 non
3262 2494 3598 2566 impinguabit
3624 2509 3782 2569 caput

2190 2584 2373 2623 meum.
2404 2569 2539 2638 Quid
2567 2582 2667 2639 est,
2704 2573 2883 2631 Oleum
2909 2583 3187 2648 peccatoris
3215 2587 3671 2662 nonimpinguabit
3689 2608 3779 2644 ca-

2190 2670 2282 2729 put
2309 2665 2514 2718 meum?
2542 2664 2657 2721 Non
2685 2678 2890 2725 crescet
2917 2683 3077 2742 caput
3124 2690 3301 2731 meum
3343 2678 3423 2735 de.
3451 2682 3777 2743 adulatione.

2189 2748 2343 2806 Falsa
2376 2753 2491 2811 laus
2516 2756 2749 2813 adulatio
2777 2771 2893 2827 est;
2926 2761 3059 2831 falsa
3086 2765 3199 2829 laus
3224 2769 3534 2839 adulatoris,
3568 2775 3669 2831 hoc
3695 2786 3781 2832 est

2188 2841 2365 2897 oleum
2413 2850 2727 2918 peccatoris.
2774 2851 3061 2923 Propterea
3091 2865 3145 2915 et
3188 2858 3433 2918 homines
3477 2879 3601 2922 cum
3641 2865 3779 2923 falsa

2189 2933 2345 3004 laude
2374 2938 2602 3008 aliquem
2636 2941 2898 2999 irriserint
2920 2987 2934 3012 ,
2984 2948 3084 3005 hoc
3126 2952 3285 3007 etiam
3315 2953 3381 3009 de
3429 2956 3521 3011 illo
3551 2956 3774 3015 dicunt:

2188 3025 2325 3098 Unxi
2366 3029 2439 3084 illi
2468 3041 2644 3101 caput.
2675 3034 2865 3092 Amate
2911 3054 3037 3112 ergo
3062 3043 3209 3113 argui
3241 3060 3269 3099 a
3294 3044 3439 3115 justo
3477 3048 3530 3102 in
3560 3051 3777 3107 miseri-

2186 3118 2399 3187 cordia;
2425 3122 2587 3177 nolite
2612 3140 2739 3195 ergo
2767 3142 2947 3185 amare
2974 3132 3172 3187 laudari
3195 3150 3224 3189 a
3246 3146 3525 3205 peccatore
3550 3154 3671 3195 cum
3703 3143 3777 3197 ir-

2186 3211 2407 3268 risione.
2436 3214 2694 3273 Habetote
2722 3219 2897 3276 oleum
2924 3224 3195 3281 vobiscum
3216 3269 3230 3293 ,
3272 3238 3327 3283 et
3366 3246 3471 3285 non
3517 3235 3775 3303 quzeretis

2185 3305 2360 3361 oleum
2390 3311 2704 3377 peccatoris.
2734 3312 3013 3382 Sapientes
3034 3319 3177 3374 enim
3206 3321 3309 3375 illa:
3327 3324 3561 3393 virgines
3587 3342 3775 3383 secum

2184 3400 2467 3467 portabant
2497 3402 2670 3457 oleum
2703 3403 2915 3472 (Matth.
2946 3423 3081 3477 xxv,
3105 3408 3161 3483 4)
3190 3429 3203 3464 :
3250 3414 3516 3483 sapientes
3540 3417 3776 3488 virgines

2184 3506 2364 3546 secum
2396 3494 2571 3549 oleum
2605 3498 2920 3566 portabant,
2964 3500 3159 3570 idest,
3204 3507 3527 3567 conscientia
3559 3509 3773 3565 illarum

2184 3581 2286 3636 illis
2313 3585 2675 3641 testimonium
2700 3589 3033 3657 perhibebat.
3053 3591 3239 3661 Oleum
3260 3597 3429 3667 gloria
3448 3608 3551 3667 est,
3582 3600 3770 3671 fulget,

2183 3672 2318 3728 nitet
2345 3674 2395 3728 in
2418 3677 2720 3745 superficie.
2745 3679 2848 3735 Sed
2871 3681 3007 3746 bona
3027 3683 3189 3741 debet
3209 3702 3329 3743 esse
3346 3688 3537 3759 gloria,
3564 3699 3619 3747 et
3643 3708 3774 3749 vera

2181 3763 2378 3833 gloria,
2424 3776 2481 3822 ut
2508 3766 2577 3822 ibi
2604 3769 2673 3824 sit
2699 3770 2841 3835 intus
2871 3773 2922 3826 in
2954 3776 3094 3832 vasis
3126 3778 3258 3833 suis.
3290 3780 3425 3835 Audi
3455 3782 3579 3853 quid
3605 3793 3690 3840 est
3714 3785 3771 3841 in

2182 3856 2325 3910 vasis
2348 3873 2360 3908 :
2398 3855 2585 3934 Probet
2604 3870 2771 3922 autem
2798 3879 2852 3917 se
2875 3864 3024 3921 homo
3044 3907 3060 3933 ,
3092 3878 3139 3922 et
3169 3878 3288 3924 tunc
3311 3872 3366 3926 in
3388 3875 3651 3946 semetipso
3676 3876 3773 3931 Ita.

2183 3947 2310 4001 bebit
2334 3948 2571 4019 gloriam,
2600 3960 2645 4007 et
2670 3970 2770 4008 non
2799 3954 2850 4009 in
2877 3955 3036 4013 altera
3066 3959 3261 4029 (Galat.
3292 3979 3365 4031 vr,
3393 3964 3471 4038 4).
3497 3967 3633 4035 Quid
3660 3978 3768 4038 est,

2182 4039 2241 4101 In
2280 4043 2419 4096 vasis
2461 4044 2609 4100 suis?
2639 4047 2774 4102 Audi
2820 4048 2992 4119 ipsum
3038 4053 3350 4123 Apostolum
3378 4077 3390 4113 :
3421 4058 3562 4119 Nam
3598 4062 3769 4132 gloria

2182 4145 2356 4189 nostra
2398 4136 2506 4197 lucc
2549 4148 2662 4207 est,
2710 4142 3051 4199 testimonium
3098 4148 3416 4209 conscientia
3458 4164 3643 4209 nostra
3684 4154 3769 4227 (ll

2181 4220 2300 4279 Cor.
2326 4239 2364 4291 ι,
2400 4224 2512 4296 12).

2256 4319 2341 4374 ﬂ.
2372 4319 2667 4389 Postremo,
2689 4324 2809 4394 quia
2839 4326 2892 4381 in
2920 4342 3146 4398 corpore
3174 4330 3371 4387 Christi
3395 4348 3476 4401 es,
3503 4343 3558 4390 et
3591 4335 3771 4395 adhuc

2181 4419 2366 4480 portas
2409 4414 2783 4470 mortalitatem
2812 4419 3129 4488 quamdam;
3168 4432 3220 4477 tu
3250 4422 3343 4478 tibi
3363 4424 3385 4456 ⁸
3414 4434 3530 4480 esto
3552 4426 3766 4496 justus,

2183 4512 2235 4556 et
2258 4503 2309 4556 in
2338 4510 2388 4558 te
2415 4511 2531 4559 esto
2553 4505 2749 4575 justus.
2778 4507 3036 4565 Peccntor
3073 4526 3133 4567 es
3155 4553 3171 4579 ,
3201 4514 3409 4570 vindica
3438 4519 3489 4571 in
3517 4525 3607 4582 te;
3652 4519 3771 4575 redi

2182 4592 2247 4646 ad
2273 4592 2650 4650 conscientiam
2692 4606 2854 4664 tuam,
2878 4602 3030 4672 exige
3057 4602 3124 4657 de
3150 4613 3202 4659 te
3230 4616 3417 4675 poenas
3442 4648 3457 4674 ,
3483 4611 3661 4665 crucia
3691 4618 3774 4665 te-

2182 4684 2375 4753 ipsum.
2392 4685 2467 4740 lta
2483 4687 2623 4741 enim
2642 4688 2802 4744 olTers
2821 4693 3137 4748 sacrificium
3154 4696 3284 4751 Deo.
3306 4697 3438 4764 Quia
3456 4700 3502 4753 si
3516 4700 3763 4757 voluisses

2181 4776 2519 4843 sacriﬁcium,
2563 4778 2807 4834 dedissent
2832 4783 3036 4852 utique,
3067 4785 3142 4840 ait
3170 4797 3437 4857 peccator,
3461 4791 3773 4848 holocaustis

2182 4883 2281 4921 non
2314 4868 2656 4924 delectaberis.
2689 4871 2826 4939 Quid
2871 4876 3038 4945 ergo?
3080 4876 3285 4933 nullum
3325 4881 3519 4952 accipit
3557 4885 3772 4939 sacriti.

2182 4959 2360 5014 cium?
2383 4960 2709 5031 Sacri/icium
2751 4963 2862 5020 Deo
2882 4968 3089 5037 spiritus
3119 4971 3516 5039 contribulatus;
3536 4991 3623 5028 cor
3647 4992 3771 5030 con-

2183 5052 2354 5108 tritum
2372 5063 2418 5107 et
2442 5055 2761 5109 hutniliatum
2794 5055 2932 5113 Deus
2952 5076 3051 5114 non
3073 5063 3263 5132 spernit
3286 5063 3456 5136 (Psal.
3487 5081 3538 5134 ι,
3558 5066 3771 5136 18,19).

2245 5205 2263 5282 ξ
2288 5205 2455 5282 Plures
2477 5214 2602 5282 tisszg
2640 5206 2831 5282 misum
2866 5210 3250 5282 misericordiam
3282 5214 3333 5267 in
3366 5216 3599 5270 bucellam
3628 5217 3770 5282 facit,

2178 5280 2344 5319 verum
2373 5269 2682 5321 homicidium
2704 5272 2753 5323 in
2774 5272 3027 5323 hominem.

2244 5331 2475 5402 f__Aliquot
2507 5340 2612 5382 Mss.
2639 5348 2748 5382 cum
2768 5342 2901 5402 βιῳ,
2940 5345 3246 5397 peccatorum
3278 5341 3609 5402 confessorem.
3648 5350 3773 5392 Nou-

2180 5392 2317 5466 nulli,
2342 5392 2643 5455 peccatorum
2664 5392 3020 5459 confessionem.
3047 5405 3098 5448 Et
3120 5401 3331 5463 quidam,
3362 5392 3626 5466 peccatoris
3657 5417 3772 5455 con-

2179 5458 2444 5519 [essionena

2245 5518 2337 5589 "in
2358 5524 2409 5589 β.
2428 5518 2573 5589 deest
2591 5530 2702 5578 vox,
2726 5519 2898 5581 potius,
2919 5534 3064 5584 quam
3087 5536 3152 5573 ex
3175 5530 3248 5574 Er.
3273 5525 3419 5589 Ludg.
3446 5534 3564 5578 ven.
3588 5535 3640 5578 et
3653 5535 3769 5579 Lor.

2181 5585 2496 5629 resutuintus.
2526 5588 2580 5627 Μ.

2243 5640 2356 5703 fsic
2378 5638 2609 5690 meliores
2630 5648 2736 5691 Mss.
2762 5642 2874 5691 Edd.
2899 5657 3036 5703 vero,
3064 5644 3135 5696 vel
3152 5647 3465 5700 emendanti}.

2244 5701 2266 5769 ξ
2287 5709 2384 5750 Am.
2408 5710 2459 5751 et
2484 5703 2705 5769 plerique
2727 5711 2857 5755 Mss:
2889 5714 2941 5769 In
2958 5701 3053 5769 qua
3076 5707 3448 5761 misericordia?

2247 5764 2268 5793 '
2302 5769 2435 5828 Lov.,
2452 5769 2504 5814 tu
2525 5764 2591 5817 ibi
2613 5764 2727 5828 esto,
2754 5775 2871 5831 etc.,
2893 5764 3298 5825 dissentientibus
3315 5773 3429 5825 de.
3449 5772 3556 5827 aliis
3575 5781 3627 5827 et
3656 5781 3768 5829 ιω.
