4038 6462
307 377 444 438 l825

305 493 533 549 Ilumilia
574 505 670 547 cor
695 498 881 554 tuum,
935 492 1153 543 contere
1206 495 1299 537 eor
1349 487 1532 542 tuum,
1559 475 1734 531 crucia
1779 487 1874 527 cor

303 595 452 640 tuum
477 600 494 648 ς
523 592 578 637 et
631 592 684 636 tu
736 582 905 650 ipsum
946 572 1254 632 emendabis
1279 571 1331 625 in
1360 565 1741 623 misericordia:
1771 577 1876 616 non

305 676 448 731 enim
477 674 635 729 odisti
658 681 730 735 te,
761 683 882 725 cum
911 667 1065 723 saevis
1097 665 1150 718 in
1187 671 1256 716 te.
1282 660 1400 715 Eris
1427 660 1480 711 in
1511 664 1661 726 parte
1689 667 1877 708 emen-

307 768 468 820 dante
496 767 512 797 ‘
540 763 718 833 iustus
742 801 757 825 ,
780 757 1031 831 quamvis
1050 757 1124 811 sis
1143 753 1314 807 adhuc
1333 751 1385 805 in
1413 744 1738 804 en‘iendanda
1757 757 1880 813 pec-

307 868 458 914 cator
483 875 498 912 :
526 872 590 912 ex
617 869 718 925 qua
745 859 894 924 parte
918 851 1061 906 enim
1093 847 1185 901 tibi
1213 843 1462 912 displices
1484 881 1500 904 ,
1531 837 1758 908 iniustus
1783 850 1876 900 es;

307 961 371 1004 εκ
395 963 496 1018 qua
524 946 618 1000 tibi
663 942 908 1012 displicet
936 940 988 993 in
1034 946 1086 992 te
1113 933 1254 1006 quod
1287 932 1540 1002 iniustum
1563 937 1645 982 est
1669 926 1880 1018 ,rjustus

265 1071 276 1076 -
311 1055 371 1095 es
399 1017 441 1092 ί.
473 1037 566 1094 Vis
591 1033 776 1090 videre
799 1046 958 1102 quam
996 1029 1171 1098 justus
1197 1025 1296 1080 es?
1324 1023 1437 1078 Hoc
1483 1021 1534 1075 in
1566 1028 1617 1074 te
1651 1017 1742 1072 tibi
1768 1017 1882 1071 dis-

313 1131 473 1200 plicet
501 1125 642 1198 quod
667 1135 721 1180 et
747 1123 856 1178 Deo
887 1139 901 1174 :
935 1121 1042 1190 jam
1062 1113 1382 1187 canjunxisti
1409 1119 1462 1166 te
1481 1107 1736 1165 voluntati
1763 1103 1880 1170 Dei,

306 1198 376 1279 5e:
409 1222 462 1277 in
493 1219 664 1289 teipse
693 1216 714 1248 ³
741 1231 847 1271 non
877 1212 1016 1284 quod
1047 1211 1137 1266 ille
1163 1209 1286 1264 fecit
1309 1247 1326 1269 .
1351 1204 1444 1260 sed
1475 1201 1613 1274 quod
1654 1201 1740 1255 ille
1771 1198 1885 1253 odit

301 1312 494 1369 “odisti.
518 1312 596 1366 Ex
623 1324 690 1365 eo
709 1306 852 1377 quod
875 1304 1033 1360 odisti
1061 1303 1114 1356 in
1145 1311 1196 1355 te
1223 1297 1363 1368 quod
1391 1294 1583 1360 fecisti,
1607 1291 1748 1362 quod
1771 1289 1885 1345 odit

298 1414 367 1461 ὀι
392 1403 482 1458 ille
507 1401 596 1472 qui
624 1399 726 1454 hoc
755 1412 860 1452 non
893 1394 1016 1450 fecit
1034 1390 1279 1461 ,‘einpisti
1316 1389 1370 1443 in
1397 1395 1450 1442 te
1479 1399 1598 1441 esse
1621 1394 1882 1472 severus;

307 1497 416 1551 erit
441 1469 540 1549 ille
569 1490 874 1548 misericors
903 1504 917 1540 :
942 1490 1166 1556 parcet,
1188 1481 1311 1551 quia
1351 1487 1405 1532 tu
1433 1492 1538 1532 non
1572 1469 1881 1545 pepercisti.

250 1647 256 1654 _
309 1589 456 1659 Ergo
499 1601 564 1642 ex
591 1597 698 1654 quo
735 1579 1058 1649 coniunctus
1086 1585 1146 1630 es
1171 1572 1339 1626 oculis
1355 1569 1473 1638 ejus
1489 1593 1511 1633 κ,
1550 1574 1606 1621 et
1639 1561 1887 1659 condele-

273 1723 276 1726 .
315 1652 481 1735 eta'ris
505 1652 623 1745 legi
645 1673 785 1742 ejus,
809 1679 864 1726 et
891 1669 992 1722 hoc
1018 1667 1069 1720 iu
1095 1673 1149 1719 te
1177 1660 1353 1732 arguis
1373 1657 1513 1730 quod
1539 1657 1623 1711 lex
1649 1652 1764 1745 ejus
1792 1665 1887 1745 ar:-

309 1769 466 1840 guit,
496 1739 689 1822 ριἰιοέ
734 1761 786 1815 in
834 1768 887 1815 te
917 1756 1012 1813 tibi
1053 1751 1302 1824 displicet
1327 1746 1472 1820 quod
1517 1753 1572 1801 et
1600 1743 1768 1840 oculis
1792 1739 1888 1797 Dei

309 1833 562 1929 displicet
588 1895 604 1919 ,
632 1852 752 1907 vide
777 1863 935 1920 quam
955 1847 1130 1917 justus
1148 1856 1242 1899 es:
1271 1856 1335 1896 ex
1359 1852 1466 1909 quo
1495 1846 1674 1891 autem
1707 1833 1889 1929 lapsus

315 1923 487 2007 feciin
516 1963 576 2004 ea
608 1961 727 2016 quae
750 1942 1030 2012 diSplieent
1064 1938 1209 2002 Deo,
1239 1943 1294 1990 et
1336 1931 1620 2002 fragilitate
1661 1923 1888 1997 quadam

318 2037 644 2096 inﬁrmitatis
683 2035 926 2089 humana:
955 2025 1248 2100 prohiberis
1268 2024 1320 2078 in
1347 2022 1457 2086 illa,
1486 2027 1543 2074 et
1565 2017 1738 2072 adhuc
1759 2029 1890 2084 pur-

317 2142 401 2188 tas
450 2127 810 2185 inﬁrmitatem
859 2121 1068 2186 carnis,
1119 2125 1174 2172 et
1211 2115 1379 2186 gemis
1430 2108 1702 2180 cujusdam
1746 2104 1889 2160 relu-

271 2279 278 2284 ,
313 2219 572 2277 ctationis
614 2211 963 2279 conscientia,
991 2224 1056 2265 ex
1083 2207 1182 2262 hac
1208 2212 1360 2276 parte
1386 2200 1408 2234 ’⁵
1443 2200 1654 2270 iniquus
1685 2203 1742 2250 et
1766 2207 1892 2264 pec-

314 2323 470 2370 αιιοι·
495 2328 573 2368 es.

395 2405 482 2460 15.
511 2398 790 2470 Quomodo
813 2438 829 2464 ,
856 2393 1092 2465 inquies,
1121 2406 1190 2447 ex
1226 2385 1452 2460 quadam
1497 2388 1648 2454 parte
1670 2378 1847 2470 justus
1873 2414 1890 2441 ,

317 2514 386 2553 ex
414 2466 640 2566 quadam
671 2498 819 2560 parte
849 2484 1130 2558 peccator?
1154 2479 1278 2551 quid
1308 2487 1391 2533 est
1419 2473 1560 2566 quod
1581 2472 1717 2566 dicis
1738 2466 1896 2566 iisa-

316 2560 572 2644 iteramus
591 2623 607 2650 ,
633 2581 871 2638 videmur
900 2574 1042 2645 loqui
1077 2569 1370 2630 contraria,
1401 2565 1499 2621 nisi
1529 2560 1681 2618 nobis
1703 2560 1897 2614 subve-

315 2679 435 2734 niat
461 2674 749 2743 apostolica
771 2667 1078 2726 auctoritas.
1095 2661 1232 2719 Audi
1261 2658 1390 2715 illud
1417 2657 1485 2712 ab
1510 2651 1798 2743 Apostolo,
1817 2663 1898 2743 ne

315 2783 412 2822 me
439 2740 608 2821 malus
653 2760 951 2818 intellector
990 2767 1243 2811 accuses:
1279 2747 1604 2805 Condelector
1621 2742 1754 2798 enim
1776 2777 1793 2807 ,
1817 2740 1897 2794 in-

314 2858 458 2928 quit,
487 2856 582 2926 legi
605 2853 701 2908 Dei
718 2849 992 2906 secundum
1013 2845 1298 2900 interiorem
1323 2832 1899 2928 hominemaEcce‘ju-s:

316 2919 655 3002 tiisaAn'nnn
703 2949 784 2997 est
823 2939 997 3008 justus
1037 2934 1128 3005 qui
1164 2929 1565 2988 condolectatur
1611 2923 1710 2994 legi
1758 2919 1898 2975 Dei?

273 3087 279 3092 .
326 3036 478 3094 Unde
505 3050 634 3104 ergo
663 3028 944 3104 peccator?
987 3025 1142 3082 Video
1184 3023 1339 3076 aliam
1385 3019 1545 3090 legem
1588 3016 1640 3070 in
1668 3011 1900 3068 membris

318 3131 468 3194 meis,
491 3133 848 3198 repugnantem
869 3120 966 3191 legi
989 3118 1165 3173 mentis
1186 3131 1306 3170 mea:
1324 3155 1339 3180 ,
1361 3123 1405 3168 et
1433 3111 1684 3181 captivum
1703 3123 1782 3161 me
1801 3106 1900 3159 du-

317 3232 518 3276 centem
559 3217 615 3271 in
642 3220 751 3286 tege
790 3211 1000 3284 peccati.
1048 3207 1238 3264 Adhuc
1274 3204 1469 3260 bellum
1520 3200 1775 3255 adversus
1813 3210 1900 3250 me

275 3369 278 3374 _
319 3325 476 3382 gero,
508 3285 740 3364 nonduin
756 3318 874 3359 sum
900 3309 1040 3356 totus
1061 3299 1384 3352 instauratus
1416 3291 1482 3348 ad
1513 3289 1793 3361 imaginem
1816 3285 1901 3340 fa-

321 3398 612 3456 bricatoris
643 3395 745 3450 mei
771 3411 786 3459 ;
817 3391 954 3462 σαερί
984 3387 1238 3458 resculpi,
1259 3393 1314 3440 et
1342 3399 1406 3440 ex
1428 3398 1489 3438 ea
1516 3389 1665 3452 parte
1693 3393 1794 3450 qua
1822 3391 1901 3432 re-

322 3493 552 3556 formor,
584 3487 828 3558 displicet
856 3483 983 3542 mihi
1006 3479 1148 3552 quod
1165 3478 1407 3533 deforme
1433 3482 1534 3530 est.
1556 3473 1696 3543 Ergo
1717 3484 1903 3542 quam-

319 3585 418 3637 diu
462 3583 533 3636 ita
561 3594 678 3634 sum
699 3615 714 3644 ,
755 3574 882 3648 quid
909 3572 1107 3644 spero?
1141 3569 1336 3642 Infelix
1361 3583 1450 3638 ego
1484 3566 1632 3620 homo
1655 3604 1670 3629 ,
1692 3562 1800 3633 quis
1826 3576 1905 3614 me

323 3672 555 3727 liberabit
576 3669 638 3724 de
655 3682 864 3737 corpore
882 3663 1056 3718 mortis
1073 3662 1226 3731 hujus
1245 3660 1269 3713 ?
1292 3657 1471 3713 Gratia
1501 3656 1600 3710 Dei
1623 3671 1709 3719 per
1725 3650 1904 3706 Iesum

322 3763 587 3818 Christum
612 3759 884 3815 Dominum
909 3765 1136 3809 nostrum
1163 3748 1340 3822 (Rom.
1366 3765 1458 3814 vn,
1486 3746 1693 3814 22-25).
1723 3745 1904 3800 Gratia

324 3855 422 3909 Dei
449 3869 565 3923 qua:
589 3849 750 3920 cmpit
774 3848 883 3918 jam
910 3845 1243 3913 resculpcre,
1273 3840 1440 3910 gratia
1461 3838 1550 3893 Dei
1581 3853 1697 3907 qua:
1725 3833 1906 3889 infun-

323 3946 407 3998 dit
429 3943 741 3997 suavitatem
764 3979 783 4006 ,
809 3947 868 3992 ut
895 3937 1004 4006 jam
1028 3950 1125 4006 per
1154 3933 1456 3987 interiorem
1485 3927 1752 3982 hominem
1779 3940 1909 3979 con—

323 4033 613 4090 dt’lCClel‘iS
636 4031 736 4100 legi
760 4029 858 4085 Dei
887 4045 901 4082 :
933 4026 1056 4082 inde
1082 4033 1275 4080 caetera
1311 4021 1658 4084 sanabuntur,
1691 4016 1829 4070 unde
1855 4024 1909 4070 et

325 4129 433 4182 ista
457 4134 637 4180 sanata
669 4133 809 4178 sunt.
843 4120 1011 4177 Geme
1034 4117 1210 4174 adhuc
1239 4113 1571 4179 vulneratus,
1598 4110 1792 4180 castiga
1825 4119 1906 4175 te,

325 4218 554 4286 disidice
584 4215 692 4269 tibi.

426 4306 517 4362 16.
548 4305 665 4360 Non
695 4304 767 4359 sic
795 4317 983 4374 pugno,
1012 4297 1200 4370 inquit,
1226 4295 1369 4365 quasi
1388 4306 1550 4347 aerem
1571 4287 1764 4346 ca'dens
1786 4305 1803 4348 ;
1824 4287 1912 4342 sed

330 4399 526 4469 castigo
563 4413 746 4467 corpus
774 4409 936 4449 meum
969 4401 1017 4446 et
1063 4391 1116 4443 in
1151 4388 1437 4442 servitutem
1461 4383 1634 4453 redigo
1660 4423 1672 4443 ,
1696 4396 1757 4433 ne
1786 4383 1914 4450 forte

333 4493 456 4545 aliis
504 4487 785 4560 pradicaus
826 4486 934 4555 ipse
976 4481 1217 4554 reprobus
1248 4477 1472 4532 inveniar
1497 4473 1516 4546 (
1542 4475 1560 4529 l
1586 4469 1909 4538 Cor.ix,2(i,

331 4585 462 4654 27).
494 4579 759 4652 Numquid
791 4579 877 4648 qui
928 4575 1152 4644 castigat
1189 4586 1415 4640 corpus,
1443 4567 1554 4622 odit
1597 4565 1827 4634 corpus?
1857 4564 1914 4619 Si

335 4680 458 4749 quis
488 4676 710 4743 castigat
745 4686 984 4732 servum,
1012 4667 1126 4722 odit
1167 4663 1421 4720 servum?
1450 4661 1493 4716 si
1521 4660 1640 4730 quis
1673 4657 1918 4712 verberat

339 4771 528 4830 ﬁlium,
562 4766 674 4822 odit
702 4764 863 4818 lilium
886 4761 909 4815 ν
940 4760 1008 4814 Et
1035 4769 1092 4813 ut
1112 4755 1310 4826 aliquid
1337 4752 1671 4822 coniunctius
1700 4749 1919 4818 eloqua-

339 4876 484 4926 mur,
513 4873 639 4912 ειη-ο
667 4866 753 4909 tua
783 4863 1031 4921 tanquam
1053 4848 1246 4916 conjux
1278 4855 1364 4899 tua
1383 4852 1483 4898 est.
1514 4841 1624 4895 Hoc
1655 4841 1765 4908 ipse
1787 4841 1921 4906 Apo-

340 4955 517 5009 stolus
543 4950 707 5006 dicit:
742 4945 906 5002 Nemo
927 4957 1148 5012 unquam
1176 4952 1375 4992 carnem
1402 4949 1545 4988 suam
1579 4931 1695 4986 odio
1720 4929 1918 4992 habuit;

342 5045 434 5100 sed
483 5041 639 5097 nutrit
690 5047 735 5092 et
782 5038 912 5106 fouet
955 5049 1102 5094 eam,
1133 5029 1262 5083 sicut
1303 5037 1348 5080 et
1378 5024 1606 5079 Christus
1641 5015 1923 5072 Ecclesium

346 5133 575 5207 (Ep‘ies.
599 5126 939 5198 v,‘29).Certe
957 5136 1084 5178 caro
1108 5130 1357 5189 tanquam
1372 5113 1563 5182 eonjux
1580 5117 1742 5176 est,et
1767 5123 1923 5163 nemo

411 5259 429 5286 ι
455 5255 528 5304 sic
550 5249 782 5301 meliores
810 5254 914 5295 Mss.
951 5251 1007 5294 At
1025 5236 1449 5304 Fdd..emendata.
1565 5291 1576 5304 .
1786 5288 1816 5304 η

413 5318 434 5348 ⁸
795 5287 1478 5375 ιξξεῖἈὶ-Ᾰιιιξῖᾼρρςις
1499 5291 1627 5375 snitu

349 5352 1103 5438 εωνᾶἶδὶᾶἐέἷὲέῆτβρᾳῖτε
1139 5360 1225 5438 ‘1'“
1241 5352 1561 5438 ’ἐξίὲτδέξέειέὶιε
1583 5352 1928 5438 ἔξέτέοίέςθέξείξ

348 5414 958 5495 ἓέίῆιᾶιιεέῖςῖὲὶὸ
971 5414 1124 5475 retiam
1145 5431 1225 5492 Er.
1247 5430 1295 5471 et
1318 5414 1449 5479 110m,
1473 5417 1564 5466 nisi
1583 5415 1713 5526 quod
1749 5414 1798 5462 hi
1833 5414 1929 5460 duo

354 5500 471 5526 ...ηις
495 5499 667 5526 mm“...
713 5499 757 5526 οι
779 5504 841 5526 ενι·
864 5502 956 5526 mm
978 5485 1062 5526 tibi
1083 5482 1299 5526 m’mtmet
1335 5482 1385 5526 in
1417 5487 1461 5526 te
1489 5490 1582 5526 auo
1643 5480 1819 5526 iustum
1840 5479 1928 5526 est,

353 5479 477 5549 ἓιῖῖίί
493 5479 694 5554 adddit;
706 5479 757 5543 et
779 5479 841 5541 es
864 5502 957 5552 qua
978 5482 1303 5554 displicet
1335 5482 1393 5552 in.
1417 5487 1461 5554 te
1489 5479 1631 5554 quod
1635 5479 1819 5537 justum
1840 5479 1928 5532 est,

351 5541 691 5623 iiij'ii'stifs'ii'f
715 5541 927 5614 moxque.
949 5541 1222 5608 subjiciunt,
1247 5543 1326 5614 .vis
1347 5541 1527 5612 uidere,
1550 5547 1654 5610 _etc._

422 5624 442 5656 ι
464 5624 538 5661 sic
564 5632 658 5661 Am-
687 5623 738 5661 et
761 5623 862 5661 Mss.
892 5619 944 5660 Αι
966 5617 1092 5658 Lov.:
1122 5616 1218 5656 Hoc
1241 5619 1291 5655 in
1313 5611 1357 5654 te
1383 5603 1471 5652 tibi
1509 5600 1759 5661 displiceat
1801 5595 1929 5658 quod

358 5609 442 5656 ν’*
464 5609 538 5670 Sic
561 5632 659 5669 sm.
687 5623 738 5665 et
761 5609 862 5664 Mss".
892 5619 944 5660 Αι
966 5617 1092 5658 Lov.:
1122 5616 1218 5656 Hoc
1241 5609 1291 5655 in
1313 5611 1357 5654 te
1383 5609 1471 5652 tibi
1509 5609 1759 5662 displiceat
1801 5609 1870 5658 qui

358 5689 408 5734 et
432 5692 543 5732 nco.
567 5690 676 5730 Jam
695 5671 982 5737 cmijunxisti
1007 5676 1050 5720 te
1063 5663 1430 5737 _iioliintuti_pei,
1451 5663 1493 5737 si
1513 5663 1563 5713 in
1583 5661 1870 5737 τάρφεθὲ

426 5721 551 5793 ίῖἶῖὲ
567 5721 796 5804 aliialii?
810 5721 991 5804 better.
1017 5731 1228 5804 additum
1249 5727 1356 5789 fuit,
1365 5721 1526 5789 justus
1547 5737 1617 5785 es,
1646 5721 1690 5773 et
1713 5735 1776 5772 ex
1796 5721 1884 5768 hac
1913 5729 1933 5769 :

365 5807 491 5871 quod
513 5797 688 5855 mei-ito
703 5801 842 5852 abest
865 5797 924 5846 ab
948 5807 1044 5843 Am.
1071 5800 1122 5843 et
1145 5798 1251 5840 uss.

1415 359 1807 421 ENARRATIO
1845 357 1910 416 ΙΝ
1947 356 2266 416 PSALMUM
2303 358 2457 416 CXL.

3403 365 3551 424 11826

1982 485 2194 526 carnem
2213 486 2361 526 suam
2390 472 2516 528 odio
2532 473 2714 530 habet.
2740 475 2939 530 Tamen
2957 474 3084 546 quid
3107 467 3218 531 alio
3235 476 3356 532 loco
3375 477 3400 531 ι
3420 477 3551 534 Caro

1981 565 2288 632 concupiscit
2319 566 2559 620 adversus
2587 567 2821 635 spiritum
2843 608 2859 633 ,
2891 577 2937 622 et
2957 568 3161 638 spiritus
3181 569 3418 625 adversus
3442 587 3555 625 car-

1983 665 2096 707 nem
2118 653 2311 726 (Galat.
2334 671 2385 709 v.
2408 657 2472 711 17
2496 655 2538 726 ).
2564 654 2903 725 Concupiscit
2927 659 3187 714 adversus
3209 668 3278 725 te,
3307 671 3556 731 tanquam

1983 747 2174 815 conjux
2216 757 2338 813 tua;
2377 763 2493 802 ama
2524 760 2577 804 et
2597 752 2792 820 castiga
2814 791 2829 816 ,
2856 750 3027 806 donec
3057 752 3147 806 ﬁat
3180 752 3230 806 in
3254 768 3356 809 una
3384 755 3556 808 refor-

1986 837 2218 892 matione
2246 853 2348 893 una
2373 839 2678 894 concordia.
2709 840 2932 908 Quando
2965 841 3103 896 istud
3129 843 3266 897 erit?
3293 842 3556 910 Quoniam

1985 926 2146 982 modo
2169 927 2386 992 clamas,
2416 927 2612 998 Infelix
2653 946 2742 1001 ego
2781 931 2930 984 homo
2952 972 2967 997 ,
3002 932 3112 1000 quis
3140 948 3218 985 me
3245 932 3471 986 liberabit
3497 934 3560 988 de

1985 1033 2196 1086 corpore
2235 1020 2409 1074 mortis
2450 1021 2649 1090 hujus?
2675 1021 2929 1091 numquid
2961 1022 3294 1091 separabitur
3321 1039 3350 1077 a
3379 1034 3430 1079 te
3457 1023 3560 1080 hoc

1987 1124 2203 1179 corpus,
2230 1120 2285 1166 et
2311 1121 2437 1166 tunc
2460 1127 2680 1169 securus
2705 1113 2852 1168 eris?
2883 1113 2950 1167 Et
2974 1112 3099 1182 quid
3128 1122 3249 1180 est,
3291 1113 3356 1168 In
3385 1116 3559 1170 uobis-

1985 1203 2213 1271 metipsis
2241 1203 2613 1272 ingemiscimu's
2635 1239 2652 1271 ,
2702 1203 3021 1274 adoptionem
3059 1212 3399 1274 exspectantes
3422 1244 3436 1268 ,
3477 1220 3561 1256 re-

1988 1292 2324 1364 demptionem
2357 1294 2582 1362 corporis
2611 1294 2768 1348 nostri
2786 1294 2973 1365 (Rom.
2997 1309 3110 1360 vni,
3130 1293 3242 1362 25).
3267 1293 3561 1363 Reparatur

1987 1397 2167 1452 ergoa
2196 1383 2518 1438 mortalitate
2539 1383 2606 1437 ad
2633 1383 3104 1449 immortalitatem,
3133 1391 3189 1438 et
3208 1383 3316 1453 jam
3344 1398 3450 1437 non
3471 1398 3561 1438 re-

1989 1473 2150 1539 sistit,
2173 1472 2297 1542 quia
2322 1487 2428 1526 non
2457 1481 2539 1526 est
2561 1473 2854 1528 mortalitas
2877 1488 2994 1542 qua:
3021 1476 3257 1527 resistat.
3276 1472 3562 1542 Propterea

1989 1563 2188 1634 castiga
2218 1577 2412 1633 corpus
2439 1572 2584 1616 tuum
2610 1579 2626 1630 ;
2657 1562 2817 1617 modo
2840 1563 2996 1618 doma
3024 1563 3164 1632 quod
3195 1572 3377 1633 postea
3421 1562 3563 1619 reci-

1991 1655 2136 1725 pias;
2161 1653 2321 1709 modo
2348 1653 2578 1720 deﬁciat,
2609 1662 2666 1708 ut
2714 1663 2837 1710 tunc
2865 1653 3093 1709 sufﬁciat
3119 1657 3154 1710 ί.
3201 1654 3335 1709 Nam
3372 1655 3425 1709 in
3465 1654 3565 1711 hac

1992 1744 2097 1799 vita
2127 1744 2364 1813 reparari
2404 1759 2509 1800 non
2540 1751 2753 1814 potest,
2781 1743 3033 1815 quamdiu
3079 1745 3302 1800 mortale
3341 1744 3563 1816 geritur.

1989 1833 2109 1890 Non
2139 1843 2190 1890 te
2210 1833 2464 1905 deponat,
2488 1850 2592 1889 non
2623 1843 2677 1890 te
2704 1835 3012 1906 abrumpat;
3032 1844 3204 1906 porta,
3233 1834 3407 1902 crudi,
3439 1849 3562 1890 cas-

1995 1927 2100 1995 tiga
2131 1943 2145 1981 :
2174 1926 2507 1996 reparabitur
2533 1926 2586 1982 in
2617 1926 2742 1982 fine.
2776 1927 2842 1982 Et
2889 1927 3012 1997 quia
3039 1943 3185 1981 nemo
3213 1942 3431 1997 unquam
3449 1943 3564 1980 car-

1997 2033 2109 2070 nem
2134 2033 2280 2070 suam
2309 2017 2426 2071 odio
2454 2017 2646 2084 habuit,
2664 2025 3136 2088 resurgetetcaro.
3151 2015 3256 2072 Sed
3277 2005 3568 2087 quomOdo?

1996 2107 2157 2162 etiam
2186 2115 2313 2162 tunc
2337 2107 2631 2162 luctatiirus
2654 2123 2771 2163 sum
2793 2109 2818 2162 ‘i
2852 2107 3081 2175 Oportet,
3107 2108 3295 2177 inquit,
3321 2109 3571 2179 corrupti-

1998 2201 2095 2254 bile
2122 2200 2215 2253 hoc
2239 2201 2446 2254 induere
2472 2201 2918 2270 incorruptionem,
2947 2209 2992 2254 et
3013 2200 3224 2254 mortale
3245 2199 3341 2254 hoc
3363 2199 3571 2254 induere

1996 2291 2422 2345 immortalitatem
2443 2290 2498 2360 (1
2525 2289 2643 2345 Cor.
2674 2305 2764 2354 xv,
2792 2289 2906 2359 55).

2069 2385 2156 2438 17.
2181 2383 2323 2453 Ergo
2351 2399 2471 2441 cum
2493 2383 2706 2450 dicitur,
2729 2374 3034 2437 Emendabit
3059 2398 3158 2449 me,
3181 2391 3228 2438 et
3250 2391 3426 2453 arguet
3450 2398 3529 2436 me
3551 2398 3570 2446 ;

1998 2477 2114 2530 sive
2138 2476 2208 2530 sit
2237 2474 2421 2543 frater,
2450 2474 2566 2531 sive
2585 2474 2656 2530 sit
2683 2475 2978 2545 proximus,
3001 2474 3111 2530 sive
3131 2474 3442 2540 sitvieinus,
3458 2473 3572 2529 sive

2001 2574 2055 2620 tu
2083 2566 2196 2635 ipse
2223 2604 2239 2633 ,
2269 2565 2321 2620 in
2349 2563 2716 2620 misericordia
2757 2563 2925 2620 debes
2952 2563 3135 2634 argui,
3180 2571 3235 2618 et
3280 2561 3570 2618 emendari.

2006 2653 2186 2710 Oleum
2233 2664 2400 2710 autem
2443 2655 2717 2725 peccatoris
2757 2670 2858 2709 non
2902 2654 3180 2724 impinguet
3205 2664 3357 2725 caput
3386 2669 3571 2708 meum.

2003 2748 2108 2804 Sed
2133 2748 2260 2818 quid
2291 2747 2426 2803 facio
2454 2784 2470 2815 ,
2495 2746 2628 2802 dicis
2657 2746 2788 2801 mihi
2806 2747 2836 2800 ?
2878 2745 3058 2800 Patior
3082 2744 3389 2800 adulatores
3417 2785 3434 2810 ,
3466 2759 3574 2798 non

2001 2846 2216 2895 cessant
2249 2846 2622 2909 perstrepere;
2665 2836 2884 2890 laudant
2927 2835 2980 2890 in
3009 2850 3096 2890 me
3120 2850 3239 2905 quae
3268 2835 3392 2889 nolo
3413 2874 3430 2902 ,
3457 2849 3576 2904 qua:

2001 2943 2103 2999 ego
2142 2926 2468 2998 parvipeudo
2490 2924 2708 2980 laudant
2733 2926 2786 2980 in
2815 2940 2922 2988 me,
2947 2923 3089 2994 quod
3115 2939 3214 2995 ego
3234 2923 3456 2980 charum
3474 2923 3575 2990 ha-

2002 3018 2106 3074 beo
2149 3015 2548 3088 reprehendunt
2587 3016 2641 3070 in
2667 3031 2752 3070 me
2773 3056 2789 3080 ,
2813 3015 3118 3070 adulatores
3141 3056 3156 3078 ,
3190 3015 3404 3069 fallaces
3424 3054 3442 3080 ,
3481 3015 3580 3070 de-

2002 3116 2268 3179 ceptores.
2302 3107 2522 3178 Magnus
2549 3105 2630 3160 vir
2658 3106 2767 3170 ille,
2785 3104 2933 3160 verbi
2956 3105 3146 3174 gratia,
3170 3103 3334 3159 Gaius
3360 3103 3578 3171 Seius’;

2004 3215 2249 3271 magnus,
2271 3199 2476 3263 doetus,
2500 3199 2742 3267 sapiens:
2767 3196 2863 3251 sed
2889 3210 3052 3265 quare
3077 3190 3580 3251 cbristianusiNam

2004 3307 2195 3363 magna
2241 3290 2481 3346 doctrina
2503 3331 2518 3355 ,
2549 3297 2606 3343 et
2648 3303 2854 3358 magna:
2883 3288 3073 3342 littera:
3097 3286 3140 3350 ³,
3189 3295 3243 3341 et
3279 3301 3468 3356 magna
3497 3301 3582 3341 sa-

2006 3383 2222 3455 pientia.
2247 3381 2304 3438 Si
2325 3395 2512 3450 magna
2540 3378 3066 3450 sapientia,approba
3088 3377 3227 3449 quod
3261 3376 3582 3434 christianus

2006 3485 2120 3531 est:
2153 3475 2194 3531 si
2219 3488 2407 3546 magna
2437 3472 2700 3537 doctrina,
2727 3470 2884 3526 docte
2907 3469 3065 3540 elegit
3083 3468 3123 3523 ⁸.
3149 3469 3424 3524 Postremo
3441 3469 3583 3539 quod

2008 3578 2064 3625 tu
2095 3569 2363 3637 vituperas
2391 3607 2407 3633 ,
2439 3565 2540 3620 hoc
2565 3565 2614 3620 ei
2643 3564 2814 3633 placet
2839 3577 2997 3633 quem
3028 3560 3229 3617 laudas.
3269 3560 3374 3617 Sed
3406 3560 3532 3632 quid
3557 3560 3581 3614 ?

2010 3662 2264 3717 Laudatio
2290 3659 2378 3712 illa
2408 3673 2512 3713 non
2545 3655 2778 3712 indulcat
2808 3655 2864 3719 ⁸;
2915 3653 3092 3708 oleum
3142 3651 3434 3722 peccatoris
3476 3661 3580 3706 est.

2010 3752 2116 3808 Sed
2161 3767 2264 3804 non
2318 3756 2493 3805 cessat
2519 3747 2719 3802 dicere.
2753 3745 2868 3800 Non
2915 3743 3037 3798 inde
3086 3744 3383 3813 impinguet
3421 3751 3582 3812 caput

2011 3853 2158 3900 tuum
2188 3860 2202 3908 ;
2235 3842 2286 3897 id
2313 3851 2416 3908 est,
2445 3839 2552 3894 noli
2579 3836 2810 3909 gaudere
2834 3834 2900 3889 ad
2935 3831 3058 3888 talia
3088 3832 3176 3897 ;id
3202 3843 3284 3886 est
3307 3873 3321 3895 ,
3349 3832 3454 3887 noli
3484 3847 3586 3886 an-

2013 3949 2198 3996 nuere,
2228 3931 2336 3986 noli
2361 3929 2684 3992 consentire,
2709 3925 2817 3980 noli
2850 3923 2973 3978 inde
3001 3920 3255 3992 gratulari
3285 3939 3298 3974 :
3328 3929 3383 3975 et
3419 3919 3463 3974 si
3497 3919 3585 3975 ille

2011 4026 2188 4080 attulit
2212 4024 2388 4078 oleum
2438 4018 2758 4076 adulationis
2783 4055 2799 4082 ,
2830 4014 2923 4069 sed
2955 4022 3116 4083 caput
3148 4021 3292 4066 tuum
3322 4011 3585 4080 integrum

2013 4116 2210 4174 mansit
2237 4151 2254 4182 ,
2281 4129 2387 4168 non
2418 4111 2657 4166 inﬂatum
2695 4116 2777 4164 est
2802 4147 2819 4172 ,
2848 4121 2954 4160 non
3001 4103 3212 4158 tumuit.
3255 4102 3312 4156 Si
3337 4101 3478 4156 enim
3507 4100 3590 4154 in-

2015 4211 2198 4265 ﬂatum
2225 4206 2381 4260 fuerit
2409 4212 2463 4258 et
2492 4199 2743 4257 tumuerit
2765 4233 2780 4264 ,
2809 4191 2934 4251 facit
2973 4197 3180 4264 pondus
3211 4201 3267 4247 et
3295 4190 3591 4262 principitat

2017 4311 2087 4358 te.
2123 4301 2303 4355 Oleum
2323 4306 2488 4350 autem
2520 4291 2792 4364 peccatoris
2810 4305 2908 4343 non
2932 4287 3209 4358 impinguet
3233 4291 3385 4354 caput
3402 4298 3588 4336 meum.

2089 4392 2176 4447 i8.
2213 4388 2464 4456 Quoniam
2485 4384 2650 4437 adhuc
2677 4390 2722 4436 et
2761 4380 2920 4434 oratio
2949 4393 3060 4430 mea
3083 4375 3137 4428 in
3163 4373 3478 4444 beneplacitis
3504 4388 3592 4426 eo-

2017 4499 2154 4538 rum.
2185 4481 2481 4548 Exspecta;
2514 4473 2672 4529 modo
2694 4487 2778 4527 me
2800 4470 3124 4538 vituperant,
3143 4468 3216 4520 ait
3243 4463 3503 4530 Christus.
3529 4462 3587 4517 In

2021 4575 2208 4646 primis
2255 4569 2587 4640 temporibus
2632 4563 3054 4620 Christianorum
3084 4601 3099 4626 ,
3127 4558 3362 4639 undique
3402 4571 3583 4626 repre-

2023 4636 2391 4722 hendebantur
2433 4654 2743 4714 Christiani.
2777 4653 2955 4707 Adhuc
2998 4659 3248 4720 exspecta
3283 4664 3298 4715 ;
3336 4636 3390 4702 et
3432 4646 3592 4701 oratio

2019 4775 2134 4813 mea
2156 4757 2208 4811 in
2227 4751 2550 4824 beneplacitis
2575 4764 2746 4804 eorum
2771 4747 2892 4801 erit.
2913 4744 3104 4800 Veniet
3133 4753 3362 4811 tempus,
3383 4735 3595 4808 quando

2091 4953 2204 5012 [sic
2225 4949 2391 5012 plures
2421 4953 2536 5012 Mss.
2555 4945 2639 5012 Alii
2662 4951 2840 5012 autem
2857 4939 2988 5012 duo:
3026 4939 3182 5012 maga
3205 4935 3382 5012 sufﬁcit
3422 4941 3472 4988 ut
3509 4947 3604 4987 non

2028 4996 2241 5078 deﬁciat:
2260 4996 2393 5078 idm,
2426 4996 2566 5058 modo
2589 5003 2798 5078 deﬁciat,
2822 5012 2866 5054 et
2890 4996 3250 5078 tunc

2091 5055 2433 5130 filiiféaa’u’
2647 5055 2865 5130 magnus,
2883 5064 3067 5122 doctus,
3080 5055 3289 5130 sapiens.
3303 5057 3395 5128 Sed
3415 5070 3566 5130 quare
3582 5055 3607 5130 ξ

2029 5119 2269 5197 Numquid
2290 5119 2760 5197 quiachri'stia'nus'ff
2793 5119 2942 5197 voces
2959 5119 3401 5197 :_N'umquidquia,
3429 5119 3607 5197 absunt

2031 5183 2268 5248 Ξιῗέίιιίίέ
2290 5183 2388 5242 lim.
2432 5199 2484 5242 et
2516 5199 2588 5240 Er.
2630 5191 2712 5252 qui
2743 5188 2944 5252 habent,
2973 5183 3116 5252 cuius
3139 5183 3317 5241 imicus,
3357 5189 3408 5230 et
3432 5194 3460 5228 a
3497 5188 3604 5230 Mss.

2031 5244 2238 5324 ἐξιοῦὺιίί
2253 5244 2306 5305 in
2327 5255 2448 5314 aliis.
2469 5253 2610 5302 σαίιιε
2632 5244 3146 5324 ὡηςῖιξξβὲἱίξνξίμὲειξ
3154 5252 3333 5324 916's»
3353 5255 3479 5324 ηιλνο.
3487 5253 3608 5324 993'

2033 5304 2382 5382 ῧίἷίιῖέριιειε
2406 5304 2612 5382 persona
2638 5304 2860 5382 positum,
2876 5309 3114 5382 unusupra
3136 5308 3184 5355 in
3209 5304 3437 5382 Psal._70,
3457 5315 3605 5382 serui;

2037 5362 2575 5442 ἱῗιὶῗῖιῖἓίσῑτὶὁιζ]
2599 5362 2650 5422 in
2676 5379 2818 5442 ;loan:
3023 5362 3298 5442 Quanquam
3330 5362 3610 5442 Tertulliani

2037 5425 2370 5506 Ᾰῑλῦίοέὲῇιέιις
2391 5437 2570 5506 cap._3,
2593 5431 2724 5504 unde
2744 5431 2888 5506 isthic
2909 5428 3042 5506 locus
3063 5425 3289 5506 acceptus
3314 5425 3612 5506 videt'uirlsic

2037 5485 2412 5554 idilld.vlialiet.
2447 5485 2470 5544 ἑ
2495 5485 2652 5546 Bonus
2676 5495 2746 5542 vir
2767 5493 2904 5541 Caius
2923 5491 3078 5554 Seius,
3105 5485 3286 5554 tantum
3323 5486 3450 5549 quod
3480 5485 3589 5534 (ξιιτὶ

2046 5549 2293 5621 ῗείῖἆιῖιιέξ
2311 5559 2433 5621 (vel)
2455 5558 2542 5607 sed
2566 5557 2718 5605 malus
2738 5561 2920 5621 tantum
2944 5551 3070 5613 quod
3087 5549 3395 5598 Christianus.
3423 5564 3445 5592 ι

2103 5612 2252 5674 inissa
2271 5612 2514 5676 omittunt,
2537 5626 2582 5668 et
2603 5627 2790 5681 magna:
2813 5612 3001 5681 (illene.

2102 5689 2124 5722 ι
2146 5668 2638 5744 Ξιῖὲιῖίέιιήρὶιίψιθ
2664 5668 2769 5728 iss.
2797 5680 2851 5724 At
2868 5683 2967 5723 Am.
2995 5680 3046 5724 et
3070 5679 3204 5732 Lov.,
3230 5671 3365 5720 docte
3384 5668 3514 5732 legit.

2104 5752 2126 5783 ⁸
2151 5755 2244 5810 En,
2265 5744 2478 5796 inducat.
2504 5748 2562 5790 tit.
2586 5753 2594 5762 ί
