4080 6484
485 376 618 441 18ἳ¹1

480 504 736 573 superent
764 498 1038 554 hominum
1068 484 1268 547 millia‘
1303 482 1632 541 tundentium
1660 480 1765 573 sibi
1790 484 1982 548 pectus
2002 480 2058 528 et

480 572 809 649 dicentium:
840 587 1050 642 Dimitte
1089 582 1231 637 nobis
1260 579 1428 633 debita
1467 583 1638 630 nostra
1666 612 1681 638 ,
1726 572 1856 625 sicut
1894 578 1940 623 et
1969 582 2060 620 nos

481 685 781 740 dimittimus
831 675 1135 734 debitoribus
1182 672 1369 727 nostris
1397 670 1415 740 (
1440 666 1629 722 Matth.
1658 681 1708 719 v1
1732 696 1747 732 ,
1772 662 1841 718 12
1866 661 1910 731 ).
1938 658 2055 716 Jam

479 784 611 846 quot
652 776 1026 828 remanserunt
1067 766 1159 836 qui
1209 764 1311 819 sibi
1354 761 1679 818 erubescunt
1722 762 1906 825 pectus
1935 761 2060 807 tun-

477 845 608 925 dere
629 865 805 934 ‘tErgo
833 858 1257 931 reprehendant;
1284 856 1593 910 toleremus.
1620 845 2053 918 Reprehendant,

479 960 712 1022 oderint,
747 962 1022 1019 accusent,
1048 951 1333 1006 detrahant
1362 963 1374 1000 ε
1400 942 1578 999 Adhuc
1603 951 1652 996 et
1681 940 1843 994 oratio
1864 952 1975 993 mea
2006 934 2058 991 in

478 1049 802 1119 beneplacitis
828 1062 997 1101 eorum
1017 1052 1037 1109 ι
1065 1043 1240 1097 veniet
1266 1044 1497 1108 tempus,
1516 1034 1728 1106 quando
1748 1032 1927 1119 oratio
1941 1044 2059 1084 mea

477 1110 710 1214 placebit
753 1140 876 1194 illis.
922 1138 1141 1206 Erigent
1186 1148 1246 1188 se
1297 1132 1442 1187 enim
1493 1127 1645 1198 quasi
1682 1125 1812 1196 justi
1859 1110 2083 1177 vi'ribus

478 1236 591 1289 suis
619 1249 635 1296 ;
669 1232 950 1285 vincentur
970 1228 1021 1281 in
1053 1226 1228 1280 lucta:
1261 1224 1381 1293 quia
1413 1219 1645 1289 superbe
1671 1231 1731 1272 se
1751 1221 2058 1279 erexerunt,

480 1308 763 1387 elidentur,
797 1321 1075 1375 trahentur
1100 1333 1129 1371 a
1162 1316 1394 1386 peccatis
1413 1353 1429 1379 ,
1452 1311 1705 1366 videbunt
1732 1323 1794 1363 se
1823 1308 2056 1377 iniquos,

480 1415 836 1486 implebuntur
862 1426 980 1483 qua:
1012 1411 1146 1465 dicta
1173 1416 1297 1463 sunt
1337 1416 1432 1476 per
1462 1402 1754 1472 Prophetas
1780 1416 1795 1465 ;
1842 1397 2061 1468 incipiet

485 1508 662 1563 timeri
702 1506 963 1576 judicium
988 1546 1003 1571 ,
1037 1508 1315 1559 convertet
1357 1513 1416 1553 se
1444 1496 1637 1551 anima:
1666 1494 1809 1548 acies
1829 1491 1896 1546 ad
1926 1497 2058 1545 cun-

478 1598 758 1654 scientiam
786 1605 1145 1666 peccatorum,
1170 1600 1223 1646 et
1251 1588 1475 1660 placebit
1498 1585 1585 1641 illa
1610 1585 1784 1639 oratio
1803 1624 1818 1648 ,
1852 1581 2061 1635 Dimitte

478 1688 621 1743 nobis
649 1688 817 1742 debita
842 1695 1038 1747 nostra,
1070 1684 1198 1737 sicut
1218 1690 1263 1734 et
1292 1694 1384 1734 nos
1431 1677 1726 1732 dimittimus
1756 1672 2060 1726 debitoribus

478 1780 681 1835 nostris.
712 1778 757 1834 Ο
782 1778 1007 1832 verbosa
1024 1773 1267 1830 defensio
1296 1768 1615 1839 iniquitatis!
1644 1764 1802 1820 Certe
1825 1763 1933 1832 jam
1956 1753 2061 1816 hoc

478 1871 661 1941 populi
689 1869 909 1932 dicunt,
938 1875 993 1922 et
1034 1865 1350 1935 populorum
1381 1868 1595 1930 pectora
1625 1855 1955 1913 tundentium
1980 1863 2059 1907 (οι

475 1962 684 2015 nitruus
706 1973 812 2013 non
839 1955 1254 2027 quiescit.Recte
1279 1952 1447 2006 nubes
1464 1948 1728 2011 tonant,in
1740 1946 1931 2015 quibus
1946 1943 2057 2013 jam

480 2051 683 2107 habitat
704 2051 858 2105 Deus.
881 2048 975 2103 Ubi
995 2055 1075 2102 est
1095 2046 1182 2100 illa
1200 2042 1515 2106 verbositas,
1537 2039 1627 2094 ubi
1643 2047 1725 2093 est
1747 2038 1831 2091 illa
1855 2036 2059 2106 jactan-

478 2146 547 2199 tia
574 2161 586 2193 :
618 2142 797 2197 Justus
826 2156 964 2205 sum,
996 2137 1125 2191 nihil
1156 2134 1281 2192 mali
1307 2132 1453 2189 feci?
1483 2131 1638 2187 Certe
1667 2144 1789 2184 cum
1820 2128 1874 2181 in
1906 2125 2057 2181 Scri-

477 2233 649 2305 pturis
674 2229 872 2287 sanctis
895 2228 1061 2283 fueris
1090 2223 1482 2295 contemplatus
1528 2235 1769 2276 normam
1794 2218 2013 2287 justitia:
2036 2258 2051 2284 ,

475 2334 967 2394 quantumcumque
995 2317 1287 2389 profeceris
1311 2357 1325 2381 ,
1355 2314 1592 2370 invenies
1619 2322 1672 2369 te
1698 2319 2051 2382 peccatorem.

474 2412 777 2477 Profecisti,
803 2413 912 2482 jam
945 2423 1110 2465 Unum
1146 2410 1315 2464 Deum
1342 2408 1515 2471 colis;
1542 2406 1741 2475 optime
1771 2423 1786 2458 :
1812 2418 1919 2458 non
1948 2399 2056 2456 for-

474 2505 670 2565 nicaris
695 2504 762 2559 ab
790 2518 854 2558 eo
880 2502 945 2557 ad
971 2500 1111 2556 idola
1132 2541 1147 2566 ,
1192 2498 1259 2553 ad
1288 2498 1721 2562 mathematicos,
1752 2493 1818 2549 ad
1846 2492 2053 2547 sortile-

470 2608 603 2669 gos,
635 2595 700 2651 ad
732 2594 1006 2664 aruspices
1035 2634 1049 2658 ,
1081 2592 1147 2647 ad
1180 2605 1408 2661 augures
1428 2631 1444 2656 ,
1495 2588 1563 2643 ad
1616 2585 1920 2650 maleﬁcos;
1952 2585 2053 2638 ista

471 2689 611 2745 enim
643 2688 927 2742 fornicatio
956 2693 1037 2741 est
1063 2700 1091 2739 a
1126 2684 1350 2739 Domino
1377 2682 1491 2737 Deo
1519 2699 1533 2735 :
1564 2681 1673 2750 jam
1704 2695 1763 2735 es
1791 2680 1844 2733 in
1873 2678 2051 2748 aliquo

470 2794 698 2835 numero
722 2778 1085 2833 membrorum
1102 2773 1320 2833 Christi.
1347 2774 1463 2837 Jam
1492 2774 1664 2842 incipe
1689 2772 1869 2826 videre
1888 2770 2049 2826 etiam

470 2870 561 2926 illa
611 2879 828 2941 peccata
871 2869 1143 2923 societatis
1170 2867 1439 2921 humanae.
1495 2864 1609 2919 Non
1637 2862 1835 2917 occidis
1865 2860 2073 2930 quem;

470 2978 648 3035 quam,
682 2978 788 3017 non
835 2962 1107 3016 adulteras
1134 2960 1445 3029 cujusquam
1476 2969 1694 3011 uxorem
1719 2997 1734 3021 ,
1765 2970 1869 3009 non
1899 2954 2048 3007 uxori

470 3063 573 3109 tua:
599 3054 776 3108 eundo
803 3053 868 3107 ad
901 3053 1147 3118 alteram,
1180 3051 1429 3123 injuriam
1467 3048 1596 3103 facis
1617 3090 1631 3113 ,
1664 3062 1769 3101 non
1800 3047 1902 3100 ulla
1929 3060 2050 3115 pes-

469 3148 603 3202 sima
631 3138 935 3216 corruptela
980 3153 1031 3200 te
1074 3144 1439 3205 contaminas,
1471 3141 1773 3194 abstinuisti
1804 3154 1991 3193 manus
2015 3154 2045 3194 a

468 3236 631 3303 furto,
648 3237 925 3306 linguama
945 3234 1200 3305 perjurio,
1224 3248 1316 3288 cor
1344 3248 1370 3284 a
1390 3229 1809 3299 concupiscenda
1838 3244 1894 3283 re
1920 3244 2043 3299 pro-

466 3329 595 3383 ximi
624 3328 696 3381 tui
726 3344 739 3379 :
768 3327 877 3396 jam
922 3325 1099 3396 justus
1127 3339 1205 3378 es.
1262 3320 1491 3377 Attende
1532 3329 1763 3385 caetera;
1804 3320 1909 3373 noli
1934 3320 2043 3388 jam

466 3419 765 3489 superbire.
795 3415 1007 3471 Nihilne
1029 3431 1217 3485 peccas
1240 3415 1291 3468 in
1312 3411 1527 3484 lingua?
1553 3429 1658 3467 non
1683 3411 2046 3481 prolaberisin

464 3511 684 3565 verbum
747 3509 991 3563 durum?
1033 3507 1138 3563 Sed
1187 3507 1312 3576 quid
1363 3520 1612 3575 magnum
1676 3505 1858 3561 dicis?
1908 3504 2045 3571 Quid

463 3600 753 3670 maguum?
810 3599 909 3664 Qui
956 3599 1139 3653 dixerit
1163 3598 1309 3668 fratri
1337 3614 1450 3662 suo,
1474 3595 1669 3662 Fatue;
1699 3612 1811 3649 reus
1837 3595 1930 3648 erit
1956 3611 2045 3665 ge-

466 3692 645 3745 hennae
682 3692 814 3762 ignis
842 3690 861 3763 (
888 3690 973 3745 Id.
1005 3707 1056 3753 ν.
1084 3689 1155 3744 22
1178 3688 1218 3760 ).
1248 3688 1626 3744 Contremiscit
1661 3688 1773 3757 jam
1817 3695 1924 3742 tota
1956 3687 2047 3744 illa

465 3785 733 3855 superbia.
769 3786 904 3839 Ecce
928 3783 1038 3853 jam
1070 3798 1175 3838 non
1208 3782 1361 3837 valde
1391 3782 1512 3836 facit
1542 3781 1679 3837 unde
1697 3782 1833 3836 Deus
1862 3780 2045 3835 videa-

467 3882 551 3931 tur
575 3877 845 3945 impietate
881 3872 1056 3944 aliqua
1104 3874 1490 3943 blasphemari;
1520 3886 1627 3927 non
1657 3873 1810 3927 irruit
1862 3874 1912 3926 in
1942 3871 2044 3926 ali-

466 3982 624 4038 quem
649 3966 971 4031 laedendum,
1000 3976 1106 4019 non
1130 3963 1257 4018 facit
1281 3964 1434 4018 alteri
1461 3963 1601 4033 quod
1630 3964 1733 4033 pati
1766 3977 1873 4017 non
1898 3963 2041 4017 vult:

464 4058 591 4129 quid
621 4056 687 4112 de
714 4057 933 4126 lingua?
972 4058 1091 4126 quis
1122 4056 1267 4109 illam
1307 4055 1524 4109 domat?
1553 4054 1659 4110 Sed
1687 4066 1812 4109 ecce
1844 4054 1955 4123 jam
1993 4060 2048 4109 et

468 4158 636 4220 ipsam
665 4147 917 4203 frenasti:
961 4157 1262 4217 quanquam
1288 4146 1409 4216 quis
1450 4154 1625 4199 tantus
1672 4152 1729 4198 ut
1775 4143 1877 4199 hoc
1902 4143 2046 4198 omni

467 4240 628 4295 modo
651 4238 929 4310 perﬁciat?
950 4237 1048 4293 sed
1074 4253 1201 4294 ecce
1222 4238 1333 4306 jam
1358 4246 1411 4292 et
1446 4237 1613 4306 ipsam
1638 4236 1852 4291 frenasti
1876 4253 1887 4288 :
1919 4234 2047 4305 quid

386 4346 389 4347 '
464 4325 597 4386 facis
626 4332 693 4385 de
718 4330 1129 4401 cogitationibus
1158 4329 1301 4385 tuis?
1329 4329 1455 4399 quid
1481 4328 1608 4384 facis
1634 4328 1701 4383 de
1734 4327 1964 4383 tumultu
1993 4333 2047 4382 et

466 4430 682 4476 caterva
732 4421 1107 4476 rebellantium
1171 4419 1598 4476 desideriorum?
1645 4419 1762 4474 Non
1817 4419 1895 4474 eis
1950 4418 2046 4474 das

469 4510 730 4565 membra.
758 4507 835 4564 ita
864 4510 1047 4575 credo,
1071 4518 1126 4565 et
1154 4509 1310 4565 video
1340 4530 1352 4565 :
1378 4509 1469 4565 sed
1493 4518 1668 4564 tamen
1698 4508 2045 4579 cogitationes

467 4600 755 4670 aliquando
802 4601 1062 4655 inclinant
1102 4612 1158 4657 et
1208 4600 1455 4656 auferunt
1485 4610 1535 4656 te
1561 4596 1606 4663 ¹,
1635 4601 1947 4670 plerumque
1991 4599 2045 4654 in

466 4690 708 4746 oratione
732 4691 956 4761 genibus
983 4692 1122 4746 lixis.
1151 4692 1355 4762 Corpus
1373 4691 1687 4759 prosternis,
1704 4691 1898 4746 collum
1921 4698 2053 4745 cur-'

474 4790 565 4836 vas
588 4821 603 4845 ,
632 4782 904 4837 conﬁteris
933 4794 1152 4851 peccata
1171 4825 1185 4850 ,
1216 4785 1381 4838 Deum
1410 4783 1602 4837 adoras
1627 4801 1640 4837 :
1672 4783 1826 4838 video
1850 4792 2046 4850 corpus

466 4872 557 4928 ubi
582 4873 778 4943 jaceat,
802 4889 985 4944 quaero
1013 4875 1103 4931 ubi
1135 4874 1317 4928 volitet
1354 4875 1582 4929 animus.
1617 4874 1785 4930 Video
1806 4877 2044 4932 membra

467 4962 691 5034 iacentia
722 4980 735 5016 :
778 4964 1056 5019 videamus
1090 4964 1133 5017 si
1178 4972 1283 5017 stat
1309 4965 1635 5020 conscientia
1664 5007 1679 5033 ,
1701 4966 1975 5022 videamus
1998 4968 2045 5023 si

465 5053 571 5109 ﬁxa
597 5061 682 5109 est
710 5054 764 5109 in
803 5070 923 5109 cum
964 5069 1120 5125 quem
1147 5054 1376 5119 adorat;
1413 5056 1457 5111 si
1490 5072 1595 5111 non
1640 5058 2046 5128 cogitationibus

465 5143 1059 5215 plerumque,tanquam
1084 5154 1214 5200 testu
1243 5146 1417 5201 maris'
1430 5147 1709 5217 abripitur,
1734 5156 1789 5204 et
1839 5159 2043 5220 tempe-

466 5240 606 5293 state
634 5234 838 5288 tollitur
867 5235 921 5289 in
935 5235 1078 5290 aliud
1108 5245 1267 5307 atque
1291 5237 1454 5293 aliud.
1485 5237 1641 5293 Modo
1669 5240 1713 5293 si
1738 5255 1945 5295 mecum
1969 5241 2047 5296 lo-

466 5324 707 5393 quereris
731 5365 746 5390 ,
779 5335 832 5380 et
855 5325 1033 5380 subito
1060 5341 1335 5384 averteres
1364 5338 1415 5383 te
1440 5329 1503 5383 ad
1534 5344 1744 5385 servum
1776 5339 1922 5385 tuum
1944 5371 1959 5398 ,
1991 5342 2046 5387 et

467 5413 760 5470 dimitteres
787 5430 873 5471 me
899 5457 914 5481 ,
945 5432 1049 5471 non
1080 5417 1201 5473 dico
1247 5434 1277 5473 a
1302 5434 1408 5490 quo
1439 5422 1637 5491 aliquid
1667 5423 1881 5492 petebas
1902 5465 1915 5488 ,
1950 5425 2043 5479 sed

468 5516 582 5559 cum
610 5519 716 5576 quo
744 5520 808 5562 ex
839 5522 1007 5602 atquo.
1024 5508 1328 5579 loquebaris
1352 5528 1365 5577 ;
1391 5526 1495 5566 non
1527 5514 1655 5566 mihi
1680 5514 1922 5583 injuriam
1966 5514 2041 5569 fac

523 5663 545 5736 ξ
567 5667 640 5736 iis.
667 5670 721 5736 et
740 5666 1142 5736 l.ov‘.,_
1168 5670 1336 5736 Melius
1360 5679 1458 5721 Am.
1486 5679 1539 5721 et
1561 5672 1727 5736 plures
1739 5682 1844 5725 Mss.
1869 5674 2040 5726 millia.

524 5725 557 5801 ξ,
564 5726 652 5801 sic
660 5723 844 5801 aliquot
859 5723 970 5801 Mss.
992 5728 1093 5801 Alit,
1114 5728 1429 5794 inclinantur,
1445 5740 1488 5783 ct
1511 5723 1731 5797 au'feruut
1756 5745 1818 5788 te.
1836 5723 1888 5787 At

461 5784 771 5847 trutinantur,
795 5794 841 5838 et
863 5789 1067 5852 aﬂ‘cruru
1083 5784 1165 5842 se.

1720 362 1775 420 s.
1814 343 2178 416 AUGUSTINI
2220 355 2519 414 EPlSCOPl

2167 482 2308 529 ctam
2331 475 2675 544 deputarem?
2705 474 2841 530 Ecce
2866 474 2992 545 quid
3025 474 3152 531 facis
3179 474 3416 546 qttotidie
3443 475 3577 530 Deo.
3599 478 3750 543 Qua-

2166 565 2270 620 lem
2301 567 2461 621 modo
2502 566 2636 633 dixi,
2663 566 2886 621 fratres?
2926 567 3043 622 Jam
3072 581 3195 621 eum
3224 567 3314 637 qui
3362 567 3534 622 solum
3580 567 3751 622 Deum

2165 657 2313 724 Colit,
2339 659 2426 726 qui
2454 653 2725 714 Christum
2755 658 3060 723 conﬁtetur,
3085 660 3174 728 qui
3210 659 3421 715 Patrem
3463 668 3519 714 et
3556 660 3752 715 Filium

2165 758 2218 801 et
2238 747 2490 819 Spiritum
2514 757 2755 805 sanctum
2778 766 2940 804 unum
2970 750 3136 805 Deum
3167 751 3343 817 novit,
3370 750 3463 821 qui
3496 767 3602 805 non
3634 759 3757 820 post

2165 855 2285 895 eum
2318 841 2628 907 fornicatur,
2655 842 2743 913 qui
2775 858 2877 897 non
2902 842 3087 897 adorat
3114 843 3405 909 dtemones,
3432 843 3524 912 qui
3550 844 3753 898 auxilia

2165 931 2267 986 sibi
2292 948 2322 987 a
2346 931 2558 987 diabolo
2590 948 2694 987 non
2735 932 3017 1004 requirit‘,
3041 934 3129 1003 qui
3166 941 3312 988 tenet
3336 934 3630 989 Ecclesiam
3659 949 3754 987 ca-

2166 1022 2417 1077 tholicam
2443 1040 2457 1089 ;
2487 1023 2554 1079 de
2580 1024 2731 1094 cujus
2757 1023 2947 1079 fraude
2975 1038 3133 1079 nemo
3171 1026 3534 1093 conqueritur,
3569 1025 3637 1081 de
3657 1040 3755 1080 cut

2159 1113 2249 1183 jus
2279 1128 2525 1184 pressura
2558 1131 2661 1170 non
2688 1116 2852 1186 gemit
2876 1115 3081 1170 vicinus
3102 1117 3344 1171 inﬁrmus
3370 1133 3384 1183 ;
3409 1117 3498 1187 qui
3522 1132 3747 1172 uxorem

2164 1204 2394 1258 alienam
2427 1220 2534 1260 non
2568 1215 2734 1261 tcutat
2759 1249 2773 1272 ,
2804 1206 2897 1276 qui
2925 1211 3209 1261 contentus
3252 1220 3335 1261 est
3372 1221 3467 1260 sua
3492 1247 3511 1273 ,
3538 1218 3630 1261 aut
3659 1206 3752 1277 qui

2164 1304 2265 1352 nec
2293 1297 2405 1367 ipsa
2436 1312 2550 1362 sua,
2580 1297 2673 1353 sed
2701 1297 2968 1368 quomodo
2997 1297 3123 1352 licet
3151 1306 3205 1352 et
3232 1298 3502 1367 quomodo
3525 1300 3750 1367 permit-

2166 1387 2228 1442 tit
2254 1389 2547 1457 apostolica
2578 1389 2878 1459 disciplina,
2904 1380 3005 1444 ubi
3023 1402 3319 1444 consensus
3348 1396 3432 1443 est
3466 1389 3746 1444 antborum

2169 1480 2233 1552 (1
2277 1479 2395 1535 Cor.
2448 1496 2519 1534 vn
2552 1465 2678 1551 ,5)
2746 1488 2841 1535 aut
2878 1480 2966 1535 ubi
3004 1480 3245 1535 nondum
3277 1478 3438 1535 ducta
3488 1490 3591 1535 est.
3646 1479 3749 1547 Qui

2157 1572 2268 1642 jam
2300 1573 2422 1626 talis
2447 1581 2551 1640 est,
2576 1572 2993 1643 deprehenditur
3021 1581 3197 1629 tamen
3233 1572 3288 1628 in
3317 1572 3436 1627 istis
3462 1588 3582 1642 quae
3614 1572 3747 1627 dixi.

2234 1664 2321 1719 19.
2352 1662 2513 1737 [υεη.
2544 1662 2624 1737 6.]
2658 1663 2814 1719 Venit
2854 1679 2983 1735 ergo
3009 1672 3217 1735 tempus
3246 1663 3386 1734 quod
3411 1664 3613 1720 dictum
3642 1672 3747 1731 est,

2162 1756 2341 1811 Adhuc
2367 1766 2411 1811 et
2439 1759 2601 1811 oratio
2642 1773 2752 1812 mea
2784 1758 2836 1812 in
2861 1757 3184 1828 beneplacitis
3207 1773 3381 1812 eorum
3402 1775 3422 1824 ;
3446 1758 3562 1813 sive
3588 1773 3749 1828 quam

2161 1848 2361 1915 docuit,
2391 1850 2510 1906 sive
2554 1865 2655 1920 qua
2700 1846 3007 1920 interpellat
3051 1866 3147 1921 pro
3191 1852 3363 1907 nobis.
3399 1852 3454 1906 In
3483 1851 3601 1906 istis
3619 1863 3750 1922 ergo

2160 1941 2481 2011 quotidianis
2508 1943 2737 2012 peccatis
2762 1942 3009 1999 omnibus
3032 1958 3150 2013 quae
3178 1955 3301 2015 spes
3326 1952 3429 2010 est,
3452 1943 3555 1998 nisi
3576 1943 3751 1998 humi-

2161 2032 2199 2087 li
2228 2033 2389 2090 corde
2423 2034 2661 2090 dicamus
2699 2036 2752 2090 in
2792 2038 3035 2092 oratione
3071 2036 3357 2103 dominica,
3385 2053 3504 2108 qum
3543 2038 3653 2107 jam
3693 2038 3751 2092 in

2159 2124 2511 2196 beneplacitis
2558 2128 2753 2183 nostris
2795 2138 2897 2195 est,
2934 2144 3038 2183 non
3088 2129 3483 2184 defendentium
3534 2140 3752 2200 peccata

2159 2228 2363 2287 nostra,
2391 2219 2486 2276 sed
2526 2220 2891 2275 conﬁtentium
2911 2262 2924 2285 ,
2950 2221 3162 2274 Dimitte
3195 2220 3336 2274 nobis
3361 2220 3525 2274 debita
3549 2232 3749 2288 nostra,

2158 2309 2287 2363 sicut
2312 2318 2360 2364 et
2398 2326 2489 2365 nos
2522 2310 2821 2365 dimittimus
2868 2311 3173 2367 debitoribus
3196 2314 3417 2376 nostris;
3445 2321 3498 2367 et
3515 2312 3751 2368 advoca-

2158 2408 2268 2455 tum
2297 2400 2586 2456 habeamus
2609 2403 2746 2472 apud
2769 2403 2997 2467 Patrem,
3023 2403 3207 2458 Jesum
3230 2404 3496 2459 Christum
3521 2406 3747 2473 justum,

2156 2501 2216 2545 ut
2236 2493 2348 2563 ipse
2372 2493 2443 2547 sit
2463 2493 2765 2563 propitiatio
2793 2509 2891 2563 pro
2918 2495 3147 2563 peccatis
3172 2496 3367 2549 nostris
3395 2493 3611 2567 (lloan.
3640 2510 3699 2560 ιι,
3718 2497 3747 2549 1

2153 2583 2265 2654 9)?
2288 2584 2441 2638 Modo
2463 2585 2745 2654 loquantur
2781 2585 3024 2654 superbi;
3056 2586 3338 2641 vincuntur
3363 2601 3584 2641 numero
3604 2587 3753 2653 ,vin—

2155 2688 2350 2731 cuntur
2384 2678 2609 2747 populis,
2635 2687 2741 2732 tota
2779 2688 2917 2733 terra
2938 2694 2967 2733 a
2991 2679 3120 2734 Solis
3144 2687 3265 2735 ortu
3290 2695 3459 2749 usque
3497 2681 3564 2734 ad
3592 2696 3751 2735 occa-

2153 2782 2271 2822 sum
2301 2768 2547 2823 laudante
2570 2784 2763 2824 nomen
2784 2769 3012 2824 Domini.
3036 2770 3171 2839 Quid
3198 2769 3396 2825 faciunt
3422 2772 3573 2841 pauci
3595 2772 3753 2826 aliter

2153 2861 2523 2930 disputantes?
2542 2860 2758 2918 Judices
2796 2860 2920 2917 sunt
2945 2864 3247 2933 impiorum.
3273 2864 3377 2920 Sed
3409 2864 3534 2935 quid
3564 2864 3630 2919 ad
3660 2864 3750 2919 te?

2154 2951 2285 3006 Vide
2315 2952 2439 3020 quid
2465 2954 2705 3022 sequitur
2736 2972 2748 3006 ε
2782 2954 3017 3024 Absorpti
3040 2964 3155 3009 sunt
3190 2956 3345 3025 juxta
3387 2964 3581 3021 petram
3599 2956 3751 3025 judis

2151 3057 2232 3095 σεε
2263 3053 2455 3096 eorum.
2480 3041 2614 3109 Quid
2672 3054 2773 3109 est,
2803 3045 3037 3114 Absorpti
3064 3054 3181 3099 sunt
3202 3047 3353 3116 juxta
3379 3048 3614 3117 petram?
3645 3046 3750 3100 Pe-

2152 3141 2231 3187 tra
2272 3145 2437 3188 autem
2481 3146 2587 3189 erat
2626 3136 2858 3191 Christus
2898 3128 3088 3209 (lCor.
3136 3154 3193 3203 x,
3224 3138 3316 3203 4).
3348 3139 3586 3210 Absorpti
3629 3144 3748 3191 sunt

2139 3226 2296 3296 juxta
2322 3237 2531 3297 petram.
2554 3228 2735 3297 Juxta,
2761 3230 2811 3285 id
2842 3239 2941 3296 est,
2969 3230 3260 3300 comparati
3290 3230 3517 3300 judices,
3542 3232 3745 3301 magni,

2152 3322 2580 3392 potentes,docti
2612 3342 2624 3377 :
2658 3324 2756 3393 ipsi
2784 3322 3033 3377 dicuntur
3058 3321 3254 3388 iudices
3278 3334 3470 3389 eorum,
3496 3332 3749 3393 tanquam

2148 3412 2449 3483 judicantes
2487 3414 2555 3468 de
2604 3415 2863 3479 moribus,
2916 3422 2971 3469 et
3012 3415 3329 3470 sententiam
3370 3415 3746 3484 proferentes.

2150 3505 2291 3559 Dixit
2330 3505 2432 3561 hoc
2474 3506 2805 3561 Aristoteles.
2826 3506 3068 3577 Adjunge
3096 3506 3244 3561 illum
3277 3512 3536 3577 pctrze,et
3560 3508 3749 3563 absor-

2150 3607 2273 3668 ptus
2292 3608 2391 3653 est.
2422 3597 2549 3666 Quis
2572 3608 2653 3653 est
2680 3600 3030 3654 Aristoteles?
3060 3600 3273 3666 Audiat,
3304 3600 3441 3654 Dixit
3462 3599 3742 3664 Christus;

2151 3698 2207 3743 et
2252 3689 2388 3759 apud
2434 3688 2633 3745 inferos
2678 3692 3063 3745 contremiscit.
3095 3691 3235 3745 Dixit
3265 3692 3366 3746 hoc
3391 3690 3743 3762 Pythagoras,

2153 3778 2286 3833 dixit
2316 3780 2415 3833 hoc
2450 3780 2620 3834 Plato.
2651 3780 2893 3851 Adjunge
2920 3782 3037 3836 illos
3064 3790 3248 3851 petrte,
3278 3795 3527 3853 compara
3556 3790 3744 3837 aucto-

2150 3869 2363 3925 ritatem
2388 3871 2597 3925 illorum
2624 3873 2923 3927 auctoritati
2950 3868 3294 3943 evangelicae,
3312 3886 3563 3944 compara
3591 3872 3746 3928 infla.

2154 3971 2240 4016 tos
2287 3964 2561 4019 cruciﬁxo.
2593 3963 2839 4019 Dicamus
2870 3965 2948 4019 eis
2974 3982 2987 4016 :
3019 3963 3125 4018 Vos
3150 3966 3355 4019 litteras
3380 3974 3587 4019 vestras
3615 3973 3745 4020 cort-

2152 4053 2439 4123 scripsistis
2464 4054 2515 4107 in
2544 4054 2795 4109 cordibus
2818 4054 3203 4123 superborum;
3233 4053 3321 4109 ille
3350 4064 3561 4109 crucem
3584 4068 3739 4108 suam

2152 4143 2266 4199 ﬁxit
2308 4145 2361 4199 in
2415 4145 2661 4201 cordibus
2705 4148 2945 4216 regum'.
2976 4147 3253 4202 Postremo
3289 4157 3530 4201 mortuus
3558 4156 3659 4212 cst,
3686 4146 3744 4203 et

2151 4238 2444 4291 resurrexit
2478 4254 2490 4291 :
2523 4238 2716 4292 mortui
2764 4239 2915 4302 estis.
2965 4247 3019 4292 et
3046 4239 3168 4292 nolo
3210 4252 3453 4309 qurerere
3479 4240 3740 4309 quemad-

2150 4326 2368 4382 modum
2411 4328 2718 4397 resurgatis.
2747 4329 2907 4399 Ergo,
2938 4328 3174 4399 Absorpti
3210 4339 3325 4383 sunt
3356 4331 3510 4401 juxta
3548 4342 3743 4400 petram

2151 4415 2305 4471 istam
2326 4418 2527 4489 judice;
2568 4434 2758 4471 eorum.
2782 4418 3005 4473 Tamdiu
3034 4419 3284 4475 videntur
3308 4421 3508 4491 aliquid
3538 4421 3740 4489 dicere,

2150 4507 2321 4563 donec
2340 4518 2713 4578 comparentur
2738 4518 2919 4578 petrae.
2944 4509 3227 4579 Propterea
3249 4512 3292 4565 si
3320 4511 3564 4565 inventus
3586 4511 3744 4567 fuerit

2150 4598 2344 4669 aliquis
2382 4614 2566 4654 eorum
2613 4600 2715 4654 hoc
2758 4599 2978 4665 dixisse,
3028 4600 3168 4669 quod
3206 4600 3337 4656 dixit
3378 4610 3431 4655 ct
3460 4602 3739 4667 Christus;

2148 4689 2476 4756 gratulamur
2502 4690 2596 4756 illi,
2627 4706 2730 4744 non
2761 4690 3001 4760 sequitur
3026 4691 3195 4744 illum.
3226 4690 3335 4746 Sed
3360 4694 3504 4761 prior
3531 4693 3628 4747 fuit
3656 4694 3744 4749 ille‘

2151 4795 2308 4838 uuam
2337 4781 2597 4836 Christus.
2629 4782 2683 4836 Si
2717 4781 2835 4852 quis
2860 4798 2983 4836 vera
3013 4782 3268 4852 loquitur,
3300 4784 3446 4852 prior
3472 4793 3553 4838 est
3579 4799 3742 4853 quam

2151 4876 2262 4929 Ipsa
2289 4872 2522 4926 veritas?
2549 4867 2593 4927 Ὁ
2624 4871 2803 4936 homo,
2830 4873 3042 4927 attende
3067 4872 3362 4941 Christum,
3396 4890 3500 4929 non
3527 4876 3745 4946 quando

2131 4965 2219 5025 ,ad
2250 4974 2299 5019 te
2324 4967 2546 5029 venerit,
2567 4965 2659 5020 sed
2689 4965 2899 5036 quando
2926 4977 2975 5021 te
3006 4965 3211 5022 fecerit.
3230 4967 3412 5022 Potest
3432 4978 3485 5023 et
3510 4980 3745 5038 aegrotus

2152 5056 2330 5111 dicere
2363 5076 2376 5111 :
2409 5057 2514 5112 Sed
2549 5059 2691 5126 prius
2721 5074 2820 5128 ego
2866 5057 3031 5114 cecidi
3063 5060 3113 5113 in
3138 5060 3356 5129 lectum,
3387 5076 3543 5131 quam
3572 5062 3744 5117 medi-

2153 5164 2248 5203 cus
2277 5150 2337 5203 ad
2370 5167 2454 5205 me
2490 5152 2742 5206 venisset.
2774 5151 2966 5221 Utique
2998 5153 3117 5207 ideo
3165 5154 3251 5209 ille
3278 5157 3540 5225 posterior
3572 5158 3739 5223 venit,

2151 5241 2270 5313 quia
2303 5250 2355 5296 tu
2386 5242 2528 5309 prius
2556 5242 2813 5298 cecidisti.

2222 5332 2312 5387 20.
2347 5332 2530 5387 Videte
2565 5333 2740 5403 itaque
2782 5344 2979 5389 textum
3025 5336 3241 5400 Psalmi,
3274 5338 3453 5393 Adhuc
3492 5350 3537 5394 et
3577 5341 3741 5393 oratio

2153 5442 2261 5477 mea
2290 5426 2340 5478 in
2370 5425 2693 5493 beneplacitis
2719 5443 2909 5480 corum.
2935 5428 3037 5482 Sed
3079 5440 3237 5482 erunt
3282 5431 3429 5485 multi
3476 5433 3566 5500 qui
3609 5446 3737 5484 con-

2154 5517 2416 5570 ιι·;ι(110;ιιιι
2445 5535 2457 5569 :
2490 5516 2727 5586 Absorpti
2756 5530 2871 5572 sunt
2891 5522 3045 5597 juxta
3075 5532 3268 5589 petram
3299 5524 3499 5592 judiccs
3542 5540 3716 5578 eorum

2216 5681 2232 5748 ξ
2258 5677 2442 5788 aliquot
2463 5684 2590 5739 Mss,
2612 5679 2695 5743 qui
2733 5678 2919 5729 auxilia
2951 5678 3058 5740 sibi,
3090 5680 3184 5732 nisi
3220 5695 3250 5730 a
3281 5682 3495 5743 Domino,
3529 5696 3620 5732 non
3662 5688 3715 5733 rd

2216 5754 2275 5788 m
2303 5777 2313 5787 .

2149 5753 2381 5851 manili-es
2404 5800 2591 5864 ttss.,in
2614 5802 2847 5864 fratribus
2870 5814 3052 5866 regum.
