4080 6458
281 363 304 418 l
313 360 423 418 8‘29

279 479 418 547 Quid
449 490 578 547 ergo
598 471 739 530 erit?
764 469 986 525 Audierit
1011 466 1156 522 verba
1178 481 1306 530 mea,
1325 465 1562 535 quoniam
1587 461 1870 535 pra'value-

279 583 420 628 runt.
470 568 869 626 Praivaluerunt
907 563 1065 617 verba
1106 575 1225 616 mea
1268 557 1443 612 verbis
1487 570 1693 610 eorum.
1727 553 1874 608 Dicta

282 673 410 720 sunt
453 662 522 716 ab
563 661 643 716 eis
683 656 927 728 quaedam
972 655 1188 716 diserte,
1241 649 1336 705 sed
1362 665 1390 702 a
1419 664 1506 703 me
1544 661 1688 702 vera.
1717 645 1875 700 Aliud

283 764 366 810 est
391 752 610 809 laudare
631 752 930 821 loquacem,
954 743 1094 800 aliud
1125 742 1342 797 laudare
1373 754 1637 795 veracem.
1657 737 1876 792 Audient

285 847 436 902 verba
452 859 583 911 mea,
603 842 840 913 quoniam
865 836 1254 910 prceraluerunt.
1278 832 1429 889 Unde
1455 829 1876 901 prcevaluerunt?

284 937 419 1008 Quis
445 950 630 993 eorum
668 930 1086 1002 comprehensus
1133 935 1214 983 est
1241 926 1294 1002 in
1319 925 1600 990 sacrificio,
1643 935 1766 978 cum
1795 922 1876 978 his

287 1029 493 1100 legibus
545 1027 643 1084 ista
704 1024 1242 1096 proltiberentur,'et
1290 1033 1395 1074 non
1440 1017 1688 1088 negavit?
1748 1017 1878 1086 Quis

288 1137 476 1177 eorum
522 1116 942 1190 comprehensus
990 1123 1072 1169 est
1123 1113 1352 1168 adorare
1379 1109 1610 1176 idolum,
1662 1118 1715 1164 et
1769 1125 1876 1164 non

287 1213 561 1278 clamavit,
584 1211 700 1266 Non
731 1209 850 1274 feci,
870 1217 923 1262 et
954 1205 1128 1260 timuit
1156 1219 1224 1259 ne
1249 1201 1694 1258 convinceretur?
1721 1201 1878 1255 Tales

222 1301 234 1318 ⁸
291 1307 567 1362 ministros
593 1302 836 1359 diabolus
865 1299 1095 1355 habebat
1113 1297 1153 1351 ί.
1179 1296 1334 1353 Unde
1361 1304 1538 1352 autem
1582 1293 1877 1365 praevalue-

289 1407 418 1453 runt
445 1396 608 1453 verba
637 1393 888 1449 Domini?
921 1391 1050 1444 Ecce
1074 1406 1165 1461 ego
1193 1389 1331 1443 mitto
1355 1400 1441 1442 vos
1463 1388 1591 1442 sicut
1633 1402 1788 1457 agnos
1827 1386 1879 1439 in

292 1489 461 1543 medio
487 1488 738 1558 luporum.
777 1483 952 1538 Nolite
977 1484 1150 1536 timere
1169 1497 1252 1536 eos
1276 1481 1360 1548 qui
1403 1480 1636 1534 occidunt
1674 1495 1878 1550 corpus,

293 1583 516 1637 animam
541 1589 709 1640 autem
737 1593 837 1632 non
877 1585 1086 1646 possunt
1110 1574 1396 1637 occcidere;
1422 1572 1510 1627 sed
1535 1589 1651 1626 eum
1693 1572 1878 1636 timete,

293 1675 380 1742 qui
426 1683 474 1727 et
522 1686 705 1741 corpus
758 1678 803 1723 et
832 1669 1054 1722 animant
1093 1675 1248 1737 potest
1289 1666 1480 1720 mittere
1520 1664 1572 1718 in
1606 1664 1884 1734 gehennam

293 1761 682 1835 ignis(MattIi.
732 1776 788 1826 ι,
838 1759 924 1823 16,
965 1758 1080 1828 28).
1140 1756 1293 1811 Dedit
1343 1756 1610 1820 timorem,
1661 1753 1886 1824 subjecit

295 1873 470 1928 spem,
496 1855 839 1912 inﬂammavit
867 1851 1426 1916 clmritatem._Nolite,
1469 1851 1660 1920 inquit,
1695 1852 1884 1906 timere

297 1959 545 2006 mortem.
573 1948 794 2004 Mortem
828 1945 1064 2002 timetis?
1086 1945 1238 1998 Prior
1266 1944 1484 1999 morior.
1503 1943 1581 1998 Nc
1604 1943 1688 1998 vel
1715 1940 1884 2012 capila-

298 2042 382 2096 lus
412 2051 590 2097 vester
619 2047 818 2111 pereat,
853 2035 1189 2092 formidatis?
1215 2034 1368 2089 Prior
1409 2035 1615 2104 integer
1638 2035 1691 2088 in
1725 2047 1886 2090 earue

299 2147 540 2203 resurgo.
582 2132 766 2186 Merito
787 2129 1010 2184 audiatis
1038 2129 1198 2183 verba
1229 2127 1365 2197 ejus,
1396 2127 1645 2197 quoniam
1677 2143 1884 2197 praevab

298 2219 532 2278 luerunt.
581 2220 910 2287 Dicebant’,
939 2229 994 2275 et
1034 2219 1443 2284 occidebantur;
1508 2219 1788 2283 cadebant,
1833 2227 1888 2273 et

299 2315 530 2370 stabant.
557 2315 618 2369 Et
640 2313 764 2384 quid
782 2323 860 2368 est
887 2314 1082 2366 factum
1105 2311 1170 2366 de
1197 2317 1273 2365 tot
1289 2311 1547 2365 mortibus
1568 2319 1882 2380 martyrum,

300 2407 486 2461 nisiut
515 2406 627 2477 ipsa
673 2404 834 2461 verba
882 2402 1251 2474 praevalerent,
1283 2411 1338 2458 et
1378 2410 1626 2472 tanquam
1670 2401 1886 2471 irrigata

302 2509 442 2554 terra
488 2499 746 2568 sanguine
799 2495 1016 2550 testium
1058 2491 1290 2559 Christi,
1351 2491 1638 2562 pullularet
1693 2491 1888 2560 ubique

302 2608 456 2663 seges
496 2590 784 2646 Ecclesize?
816 2589 1054 2654 Audient,
1100 2587 1288 2658 inquit,
1325 2585 1472 2640 verba
1499 2600 1626 2650 mea,
1650 2584 1889 2654 quoniam

307 2685 696 2754 praevaluerunt.
756 2679 902 2738 Unde
949 2679 1380 2750 prtevaluerunt?
1426 2678 1543 2733 Jam
1589 2677 1822 2731 diximus
1871 2694 1886 2731 :

303 2793 426 2832 cum
458 2776 813 2845 praedicantur
841 2788 870 2827 a
898 2788 1001 2828 non
1030 2771 1356 2825 timentibus.
1385 2768 1520 2836 Quid
1555 2784 1658 2823 non
1687 2769 1885 2822 timen-

303 2867 480 2920 tibus?
509 2865 617 2920 Nec
641 2865 848 2930 exsilia,
879 2879 977 2919 nec
1001 2863 1214 2928 danma,
1235 2876 1333 2916 nec
1360 2870 1608 2926 mortem,
1635 2876 1735 2915 nec
1764 2873 1888 2914 cru-

303 2973 441 3012 cem.
468 2956 580 3011 Non
611 2957 750 3010 enim
785 2971 883 3009 nec
912 2964 1134 3008 mortem
1166 2953 1368 3017 solam;
1393 2951 1486 3006 sed
1527 2967 1624 3006 nec
1652 2965 1887 3017 crucem,

303 3062 407 3118 qua
448 3055 617 3102 morte
656 3046 790 3101 nihil
837 3045 1113 3099 videbatur
1141 3043 1544 3098 exsecrabilius.
1582 3042 1755 3112 Ipsam
1785 3041 1891 3094 Do-

305 3141 482 3195 minus
527 3138 780 3208 suscepit,
832 3152 900 3192 ne
927 3133 1187 3205 discipuli
1239 3136 1355 3204 ejus
1401 3143 1632 3188 mortem
1679 3133 1891 3202 quidem

308 3247 412 3287 non
461 3231 728 3296 timerent,
771 3228 864 3284 sed
910 3243 1008 3284 nec
1052 3242 1222 3298 genus
1266 3226 1457 3281 mortis
1498 3227 1890 3280 horrescerent.

306 3323 445 3392 Ergo
459 3337 490 3377 a
506 3335 610 3376 non
629 3319 934 3375 timentibus
945 3333 1065 3374 cum
1081 3318 1328 3373 dicuntur
1341 3317 1894 3386 htec,pr;rvaluerunt.

377 3413 468 3468 2|.
497 3410 646 3484 [vers
679 3409 761 3482 7.]
785 3410 918 3477 Quid
947 3423 1074 3480 ergo
1101 3420 1303 3463 mortes
1329 3407 1436 3462 illa:
1480 3408 1716 3462 omnium
1757 3422 1894 3461 mar-

308 3511 502 3574 tyrum,
536 3501 666 3572 quid
707 3499 982 3556 fecerunt?
1013 3499 1148 3554 Audi
1181 3517 1194 3552 :
1227 3497 1374 3554 Sicut
1424 3499 1710 3553 crassitudo
1750 3507 1896 3552 terra:

309 3594 539 3664 disrupta
563 3601 636 3648 est
659 3609 808 3662 super
838 3601 1043 3656 terram,
1086 3590 1336 3660 dissipata
1381 3598 1497 3643 sunt
1515 3589 1534 3620 ³
1553 3590 1710 3658 juxta
1738 3589 1898 3660 infer-

310 3703 430 3740 num
467 3702 583 3740 ossa
627 3695 819 3739 nostra.
857 3685 1013 3740 Juxta
1035 3682 1301 3738 infernum
1335 3682 1594 3752 dissipata
1622 3689 1748 3736 sunt
1775 3695 1894 3735 ossa

310 3786 625 3848 martyrum,
679 3774 730 3828 id
783 3783 865 3829 est
909 3785 1132 3842 corpora
1184 3773 1397 3826 testium
1457 3771 1674 3828 Chrisri.
1723 3770 1897 3826 Occisi

309 3876 433 3922 Sunt
456 3867 595 3923 enim
627 3874 910 3936 martyres,
945 3873 998 3917 et
1027 3863 1177 3932 quasi
1203 3862 1612 3931 prteValuerunt
1634 3862 1725 3931 qui
1751 3862 1897 3916 occi-

310 3957 522 4012 derunt.
563 3956 960 4011 Prmvalueruut
995 3953 1070 4007 illi
1105 3951 1500 4022 persequendo,
1536 3961 1594 4008 ut
1643 3953 1903 4023 prcevaleo

311 4058 434 4104 rent
497 4048 656 4102 verba
703 4047 899 4101 Christi
966 4044 1322 4116 prtedicaudo.
1385 4041 1455 4099 Et
1497 4044 1644 4114 quid.
1704 4045 1898 4100 factum

312 4150 396 4195 est
440 4142 507 4194 de
548 4138 810 4193 mortibus
859 4138 1205 4203 sanctorum?
1257 4137 1402 4192 Sicut
1429 4137 1714 4190 crassitudo
1753 4146 1901 4192 terris

221 4283 230 4287 -
313 4231 546 4298 disrupta
601 4239 676 4285 est
728 4246 880 4298 super
934 4238 1157 4294 terram,
1207 4227 1451 4298 dissipata
1477 4236 1594 4282 sunt
1620 4229 1774 4296 juxta
1814 4228 1898 4282 in-

314 4312 514 4393 fernum
555 4338 670 4375 ossa
715 4331 907 4375 nostra.
931 4320 1070 4388 Quid
1111 4329 1232 4387 est,
1281 4320 1564 4374 crassitudo
1603 4329 1750 4374 terra:
1789 4320 1898 4375 dis-

313 4423 465 4483 rupta
489 4421 561 4467 est
585 4429 736 4481 super
761 4412 987 4466 terram?
1009 4411 1266 4466 Novimus
1290 4410 1694 4466 crassitudinem
1719 4419 1896 4478 terras,

314 4503 725 4574 contemptibilia
753 4517 974 4574 quaeque
997 4517 1136 4558 esse.
1159 4501 1290 4569 Quae
1315 4509 1441 4557 sunt
1453 4501 1603 4572 quasi
1627 4509 1901 4573 eontemp-

317 4597 482 4652 tibilia
535 4596 872 4663 hominibus,
904 4595 1192 4651 fecundam
1233 4603 1430 4650 terram
1463 4593 1504 4648 ⁸.
1537 4593 1670 4649 Nam
1699 4594 1900 4650 dictum

318 4698 400 4744 est
426 4697 483 4745 et
512 4689 564 4743 in
595 4687 824 4757 quodam
857 4687 1062 4756 psalmo
1085 4687 1316 4755 jacuisse
1345 4695 1544 4741 mortes
1571 4695 1896 4752 sanctorum;

316 4793 368 4837 ct
394 4796 498 4836 nou
528 4781 621 4836 fuit
649 4780 739 4850 qui
769 4778 1022 4850 sepeliret
1049 4780 1068 4848 (
1091 4775 1232 4833 Psal.
1263 4789 1466 4834 Lxxvut
1486 4819 1501 4844 ,
1530 4777 1565 4832 5
1586 4778 1628 4847 ).
1658 4777 1764 4833 Sed
1796 4777 1902 4834 ilhc

315 4890 504 4932 omnes
533 4884 730 4930 mortes
758 4872 912 4928 factm
935 4882 1059 4927 sunt
1084 4871 1380 4926 crassitudo
1411 4880 1586 4926 teme.
1619 4870 1901 4937 Quomodo

315 4969 509 5038 accipit
534 4976 670 5022 terra
700 4964 985 5036 quamdam
1035 4963 1411 5035 pinguedinem
1459 4963 1527 5018 de
1569 4963 1730 5018 rebus
1767 4977 1900 5019 con-

317 5059 699 5129 temptibilibus
725 5068 780 5116 et
808 5056 1065 5128 abiectis;
1097 5058 1174 5112 sic
1201 5072 1264 5111 ex
1292 5071 1357 5111 eo
1401 5055 1545 5126 quod
1583 5056 1903 5125 contempsit

317 5143 405 5199 hic
452 5143 717 5210 mundus,
762 5142 968 5210 accepit
1009 5140 1418 5196 crassitudinem
1458 5148 1595 5193 terra
1621 5179 1637 5202 ,
1679 5147 1737 5193 ut
1778 5139 1902 5194 inde

317 5250 471 5305 seges
498 5235 750 5291 Ecclesia:
773 5233 1000 5288 feracius
1020 5232 1321 5301 pullularet.
1346 5228 1462 5286 Jam
1486 5230 1671 5293 nostis,
1691 5230 1898 5296 fratres,

315 5329 440 5398 quia
468 5326 886 5395 contemptibilia
913 5333 1072 5381 terrae
1100 5324 1275 5394 hujus,
1299 5323 1366 5378 de
1387 5324 1577 5392 quibus
1605 5323 1904 5393 pinguescit

317 5429 461 5475 terra
481 5461 495 5484 ,
527 5434 626 5473 nec
655 5417 923 5488 appellare
949 5416 1070 5470 volo
1088 5453 1104 5481 ,
1134 5431 1233 5470 nec
1260 5416 1438 5470 dicere
1465 5414 1617 5470 decet
1643 5433 1654 5468 :
1687 5415 1802 5468 talis
1821 5423 1904 5470 est

315 5509 562 5580 quadam
591 5509 770 5580 sagina
801 5517 954 5576 teme
974 5546 992 5574 ,
1023 5515 1078 5561 et
1104 5506 1343 5577 quaedam
1377 5505 1674 5576 pinguedo;
1704 5514 1758 5562 et
1776 5522 1902 5562 con-

384 5622 400 5652 ¹
427 5621 624 5678 Quidam
654 5627 782 5677 uss,
819 5617 1008 5668 habeat.

383 5683 404 5713 ⁸
426 5677 499 5731 sic
514 5689 622 5731 Mss.
645 5683 756 5730 mu.
781 5693 918 5740 vero,
944 5677 1256 5728 ducebantur.

384 5743 406 5806 ξ
426 5749 532 5806 uss.
559 5743 866 5806 plerumque,
892 5742 1110 5806 dispersa
1132 5749 1256 5790 sunt.

382 5804 408 5837 ⁸
429 5803 616 5869 Aliquot
639 5803 777 5868 3:55.,
787 5817 980 5855 succum
1000 5803 1112 5852 dant
1137 5809 1298 5853 terrm.

1401 341 1794 404 ENARRATIO
1833 337 1896 400 IN
1935 337 2254 398 PSALMUM
2291 341 2447 399 CXL.

3428 345 3563 414 tszo

1983 460 2276 530 temptibile
2300 470 2382 516 est
2408 460 2708 518 hominibus
2729 505 2742 532 ,
2775 473 2828 519 et
2854 465 3000 533 quasi
3028 467 3296 523 sordidum
3342 479 3461 539 est,
3509 483 3566 530 et

1980 549 2242 619 abjicitur.
2275 549 2381 607 Sed
2401 551 2525 622 quid
2551 552 2675 608 fecit
2701 553 2818 622 hic,
2847 564 2906 610 ut
2929 556 3038 625 jam
3085 568 3140 614 et
3174 559 3340 629 ipsius
3385 565 3564 620 verbis

1981 643 2141 698 utar?
2164 643 2244 699 De
2270 654 2404 699 terra
2426 647 2595 701 erexit
2625 648 2824 716 inapem
2852 690 2864 713 ,
2894 660 2939 703 et
2970 653 3032 704 de
3069 661 3286 708 stercore
3314 656 3567 712 exaltavit

1981 751 2292 804 pauperem;
2320 745 2375 790 ut
2419 737 2706 792 collocaret
2760 756 2872 792 eum
2924 757 3038 794 cum
3069 744 3379 815 principibus
3403 786 3420 811 ,
3449 764 3567 802 cum

1981 823 2292 894 principibus
2317 827 2494 895 populi
2521 828 2600 882 sui
2629 827 2648 898 (
2673 827 2820 882 Psal.
2848 844 2952 885 cxu
2977 873 2992 898 ,
3023 832 3075 898 7,
3130 833 3226 905 8).
3258 834 3566 894 Prostratus

1981 913 2123 968 enim
2155 924 2236 969 est
2259 917 2311 970 in
2343 925 2502 984 terra;
2528 928 2772 990 tauquam
2801 921 3066 993 pinguedo
3094 933 3273 994 term,
3292 928 3567 1001 disruptus

1982 1012 2064 1058 est
2088 1021 2246 1076 super
2277 1015 2468 1061 terram
2503 1026 2516 1062 :
2549 1011 2625 1064 sic
2661 1010 2827 1080 jacuit
2858 1012 2946 1068 ille
2987 1013 3220 1071 Lazarus
3264 1018 3562 1090 ulcerosus,

1983 1095 2076 1150 sed
2105 1106 2279 1152 tamen
2340 1101 2406 1154 ab
2435 1102 2654 1172 Angelis
2682 1105 2921 1159 sublatus
2952 1115 3034 1162 est
3063 1109 3114 1162 in
3137 1111 3311 1165 sinum
3336 1113 3566 1171 Abrahae

1984 1188 2002 1259 (
2033 1187 2159 1242 Luc.
2183 1205 2291 1256 xvi,
2317 1191 2482 1246 9.0-9.2
2502 1195 2542 1263 ).
2574 1195 2812 1250 Pretiosa
2844 1205 2926 1252 est
2957 1199 3006 1252 in
3037 1214 3322 1273 conspectu
3357 1204 3564 1262 Domini

1983 1295 2128 1336 mors
2153 1292 2458 1338 sanctorum
2502 1285 2616 1355 ejus
2664 1286 2853 1360 (Psal.
2885 1305 3006 1357 cxv,
3050 1293 3188 1364 15).
3241 1294 3392 1351 Sicut
3433 1313 3566 1352 con-

1985 1374 2296 1458 temptibilis
2325 1386 2406 1429 est
2431 1379 2646 1444 saeculo,
2673 1379 2742 1433 ita
2770 1384 2999 1452 pretiosa
3020 1395 3098 1440 est
3128 1387 3391 1458 agricolae.
3411 1390 3569 1447 Novit

1984 1456 2123 1510 enim
2157 1458 2224 1512 ibi
2257 1458 2536 1514 utilitatem
2567 1473 2618 1515 et
2651 1463 2866 1519 uberem
2896 1481 3112 1522 succum
3133 1512 3148 1536 ,
3169 1456 3230 1526 ἐι
3260 1474 3406 1528 novit
3441 1475 3568 1544 quid

1985 1547 2195 1605 alfectet
2217 1591 2232 1616 ,
2265 1550 2389 1620 quid
2418 1550 2607 1622 eligat,
2667 1554 2804 1609 unde
2834 1571 2984 1626 seges
3013 1559 3200 1617 fertilis
3225 1573 3441 1634 surgat:
3471 1567 3567 1623 sed

1987 1642 2279 1695 contemnit
2299 1655 2415 1695 eam
2439 1643 2538 1696 iste
2566 1644 2816 1699 mundus.
2847 1646 3072 1705 Nescitis
3098 1653 3219 1722 quia
3266 1659 3568 1728 contempti-

1989 1730 2109 1784 bilia
2138 1734 2314 1786 mundi
2341 1734 2486 1804 elegit
2513 1733 2655 1790 Deus
2681 1777 2695 1802 ,
2729 1744 2772 1789 et
2798 1754 2856 1790 ea
2879 1755 2992 1807 qua:
3017 1757 3115 1795 non
3144 1754 3262 1797 sunt
3284 1788 3298 1813 ,
3329 1756 3571 1819 tanquam

1987 1837 2100 1886 qua:
2125 1832 2245 1876 sunt
2268 1865 2283 1886 ,
2311 1833 2366 1876 ut
2396 1841 2453 1877 ea
2482 1841 2596 1895 qua:
2623 1836 2738 1880 sunt
2765 1841 3064 1883 cvacuentur
3090 1833 3107 1902 (
3137 1832 3154 1884 Ι
3186 1833 3301 1888 Cor.
3334 1853 3370 1904 ι,
3405 1837 3476 1893 98
3501 1839 3519 1909 )
3547 1839 3572 1892 ?

1989 1913 2063 1967 De
2091 1922 2325 1971 stercore
2348 1928 2556 1972 erectus
2585 1919 2772 1974 Petrus
2793 1963 2807 1986 ,
2839 1930 2890 1975 et
2922 1921 3115 1978 Paulus
3140 1941 3154 1991 ;
3184 1934 3237 1980 et
3264 1942 3384 1981 cum
3427 1930 3571 1984 occi-

1988 2004 2260 2074 derentur,
2291 2009 2770 2066 contemnebantur
2803 2029 2815 2065 :
2843 2013 3001 2068 modo
3023 2015 3131 2085 jatn
3162 2019 3399 2088 saginata
3450 2023 3574 2078 inde

1991 2104 2170 2162 terra,
2203 2111 2523 2169 exsurgente
2574 2111 2756 2170 segete
2800 2102 3093 2170 Ecclesite,
3125 2124 3251 2163 ecce
3303 2112 3441 2180 quod
3493 2121 3576 2168 est

1991 2189 2166 2245 nobile
2192 2201 2243 2245 ct
2268 2193 2589 2262 prmeipuum
2616 2195 2666 2248 in
2696 2197 2894 2250 mundo
2917 2240 2930 2261 ,
2983 2199 3272 2268 imperator
3296 2205 3438 2257 venit
3464 2205 3572 2259 Ro-

1990 2295 2166 2347 mam;
2195 2299 2298 2352 quo
2328 2285 2586 2339 festinat?
2609 2287 2674 2341 ad
2704 2289 2955 2357 templum
2985 2290 3322 2361 imperatoris
3341 2337 3356 2360 ,
3399 2312 3466 2350 an
3506 2297 3574 2352 ad

1990 2375 2300 2428 memoriam
2322 2376 2628 2432 Piscatoris?
2655 2379 2800 2433 Sicut
2824 2380 2966 2435 enim
2993 2385 3271 2438 crassitudo
3293 2395 3439 2440 terra:
3463 2388 3575 2442 dis-

1989 2475 2142 2534 rupta
2172 2476 2242 2519 est
2263 2484 2414 2538 super
2443 2479 2666 2535 terram,
2699 2471 2946 2541 dissipata
2990 2484 3105 2528 sunt
3143 2476 3296 2546 juxta
3321 2477 3576 2549 infernum

1989 2573 2104 2612 οδεα
2132 2571 2325 2614 nostra.

2061 2652 2150 2706 '22.
2184 2651 2349 2724 [vers.
2378 2653 2432 2709 8.
2456 2651 2477 2726 ]
2511 2652 2762 2721 Quoniam
2788 2655 2854 2708 ad
2883 2665 2932 2712 te
2954 2698 2968 2723 ,
2995 2649 3214 2713 Domine
3241 2699 3256 2726 ,
3282 2661 3414 2715 oculi
3433 2663 3527 2715 mei
3557 2679 3576 2717 :

1993 2743 2044 2796 in
2072 2752 2118 2796 te
2143 2744 2362 2812 speravi;
2387 2760 2448 2797 ne
2473 2749 2675 2814 auferas
2701 2745 2922 2798 animam
2941 2763 3121 2801 meam.
3153 2748 3386 2804 Cruciati
3412 2761 3537 2807 sunt
3558 2753 3575 2784 ⁸

1993 2837 2134 2892 enim
2169 2838 2218 2890 in
2243 2837 2699 2905 persecutionibus
2719 2880 2734 2904 ,
2759 2847 2812 2892 et
2833 2839 2984 2893 multi
3007 2840 3336 2896 defecerunt.
3366 2843 3432 2897 Et
3456 2845 3583 2914 quia

1994 2927 2061 2982 de
2086 2927 2390 2997 captivitate
2439 2928 2826 2997 persecutionis
2877 2928 3048 2993 dixit,
3106 2931 3251 2985 Sicut
3297 2934 3580 2988 crassitudo

1995 3025 2141 3074 terra:
2170 3020 2396 3088 disrupta
2425 3031 2496 3074 est
2537 3037 2689 3090 super
2714 3032 2896 3075 terram
2921 3060 2937 3088 ,
2991 3023 3236 3093 dissipata
3265 3035 3381 3079 sunt
3423 3028 3581 3097 juxta

1995 3110 2248 3179 infernum
2273 3129 2387 3165 ossa
2417 3123 2590 3166 nostra
2643 3128 2662 3166 :
2707 3113 2942 3166 occurrit
2987 3115 3181 3168 multos
3224 3114 3485 3172 defecisse
3527 3124 3583 3172 ct

1995 3201 2192 3254 multos
2219 3199 2542 3270 periclitatus
2568 3217 2714 3277 esse;
2744 3211 2798 3256 et
2827 3210 3072 3272 tanquam
3105 3205 3157 3257 in
3183 3205 3372 3260 mediis
3408 3207 3577 3262 tribu-

1997 3291 2280 3346 lationihus
2309 3293 2737 3361 persecutionum
2763 3293 2956 3347 emissa
2991 3305 3074 3348 est
3118 3311 3218 3350 vox
3267 3299 3537 3364 precantis
3561 3339 3578 3366 ,

2002 3381 2254 3448 Quoniam
2278 3384 2345 3437 ad
2374 3394 2422 3438 te
2443 3420 2457 3449 ,
2490 3383 2702 3439 Domine
2725 3426 2739 3450 ,
2777 3386 2916 3439 oculi
2962 3387 3079 3440 mei.
3131 3388 3245 3443 Non
3277 3405 3406 3444 curo
3455 3391 3583 3460 quid

1999 3475 2267 3529 minentur
2295 3475 2382 3545 qui
2405 3478 2772 3541 circumstant;
2799 3475 2881 3529 Ad
2906 3486 2953 3530 te
2976 3519 2991 3542 ,
3020 3477 3238 3532 Domine
3262 3515 3277 3544 ,
3307 3481 3442 3534 oculi
3463 3483 3580 3534 mei.

2000 3566 2126 3621 Plus
2144 3568 2248 3637 ligo
2269 3567 2480 3621 oculum
2510 3583 2687 3622 meum
2735 3568 2788 3622 iu
2835 3569 3112 3638 promissis
3154 3571 3292 3637 tuis,
3321 3587 3478 3642 quam
3529 3574 3583 3629 in

2001 3662 2158 3712 minis
2184 3674 2391 3712 eorum.
2423 3658 2555 3712 Novi
2586 3659 2711 3729 quid
2740 3675 2834 3729 pro
2863 3675 2949 3716 me
2969 3676 3158 3731 passus
3175 3663 3276 3726 sis,
3303 3664 3430 3733 quid
3454 3664 3584 3720 mihi

2001 3751 2312 3820 promiseris
2342 3768 2353 3803 :
2387 3750 2468 3803 Ad
2494 3760 2542 3805 te
2565 3792 2580 3816 ,
2604 3751 2822 3805 Domine
2845 3791 2859 3817 ,
2886 3753 3022 3806 oculi
3047 3754 3142 3806 mei
3173 3769 3191 3807 :
3217 3756 3269 3808 in
3299 3764 3344 3807 te
3363 3756 3584 3826 speravi;

2001 3859 2064 3898 ne
2086 3843 2287 3912 auferas
2315 3844 2536 3896 animam
2575 3859 2759 3896 meam.

2072 3932 2162 3988 33.
2199 3931 2365 4004 [νει-δ.
2396 3934 2448 3989 9.
2479 3930 2500 4005 ]
2549 3932 2757 3987 Custodi
2786 3950 2864 3988 me
2891 3951 2924 3987 a
2966 3923 3248 4004 muscipula
3291 3952 3442 4004 quam
3481 3947 3586 3991 sta-

2003 4034 2203 4078 tuerunt
2221 4025 2362 4077 mihi.
2390 4024 2518 4091 Quae
2535 4033 2650 4079 erat
2671 4025 2835 4078 musci
2842 4025 2989 4094 pula?
3009 4026 3061 4080 Si
3086 4027 3377 4094 consentis,
3401 4043 3583 4099 parco.

2004 4116 2062 4172 In
2112 4118 2399 4187 muscipula
2453 4119 2622 4187 posita
2656 4128 2736 4173 est
2764 4133 2883 4173 esea
2939 4119 3061 4173 vita:
3109 4119 3264 4191 hujus
3305 4122 3396 4178 :si
3443 4132 3588 4177 amat

2002 4209 2115 4273 avis
2143 4210 2277 4265 hanc
2304 4225 2502 4274 escam,
2527 4211 2669 4264 cadit
2693 4211 2744 4263 in
2776 4210 3124 4280 muscipulam
3157 4227 3171 4263 :
3197 4213 3239 4266 si
3268 4222 3444 4268 autem
3473 4216 3586 4269 avis

2005 4303 2122 4358 talis
2147 4312 2228 4358 est
2250 4311 2306 4356 ιιι
2330 4303 2502 4365 dicat,
2554 4299 2624 4355 Et
2653 4302 2785 4356 diem
2815 4303 3033 4356 hominis
3059 4320 3157 4357 non
3183 4307 3448 4375 concupiui
3471 4347 3486 4369 ,
3533 4315 3588 4360 tu

2002 4394 2361 4466 scis(lerem.
2395 4395 2708 4463 xvn,16);
2756 4395 2892 4450 oculi
2941 4395 3056 4464 ejus
3109 4411 3214 4450 non
3264 4398 3524 4453 recedent.
3556 4414 3587 4453 a

2005 4489 2150 4553 Deo,
2198 4496 2254 4542 et
2299 4487 2412 4556 ipse
2441 4486 2636 4542 evellet
2682 4486 2750 4541 de
2798 4487 2990 4557 laqueo
3038 4487 3200 4557 pedes
3228 4490 3342 4558 ejus
3387 4487 3587 4560 (Psal.

2003 4597 2151 4648 xxw,
2183 4581 2252 4636 15
2279 4581 2320 4650 ).
2351 4579 2558 4635 Custodi
2585 4596 2664 4633 me
2707 4596 2740 4632 a
2783 4581 3066 4650 muscipula
3109 4598 3262 4651 quam
3305 4591 3590 4637 statuerunt

2004 4674 2130 4729 mihi
2152 4714 2168 4738 ,
2197 4681 2245 4727 et
2270 4673 2332 4726 ab
2357 4673 2612 4726 scandatis
2637 4688 2812 4726 eorum
2839 4674 2925 4742 qui
2951 4683 3228 4742 operantur
3253 4674 3586 4743 iniquitatem.

2008 4765 2151 4820 Duas
2172 4779 2259 4819 res
2277 4763 2441 4830 dixit,
2474 4763 2661 4817 ambas
2680 4762 2818 4817 inter
2838 4777 2896 4817 se
2922 4763 3318 4830 distinguendas
3343 4777 3356 4816 :
3393 4766 3590 4817 musci-

2005 4863 2185 4932 pulam
2214 4859 2466 4914 statuisse
2490 4867 2864 4927 persecutores
2889 4856 3051 4922 dixit,
3080 4855 3328 4911 scandala
3369 4870 3498 4911 vero
3521 4858 3588 4912 ab

2005 4955 2085 5010 eis
2108 4952 2196 5022 qui
2226 4957 2616 5006 consenserunt
2644 4955 2700 5002 et
2726 4955 3194 5018 apostatavernnt;
3235 4954 3291 5000 et
3317 4961 3384 5000 ex
3424 4947 3588 5002 utris-

2005 5059 2110 5116 que
2135 5044 2246 5097 vult
2273 5057 2332 5096 se
2359 5039 2636 5096 custodiri.
2665 5038 2797 5093 Hinc
2839 5038 3065 5092 saeviunt
3111 5037 3412 5104 minantes,-
3462 5037 3588 5095 hinc

2007 5135 2254 5190 labuntur
2281 5131 2678 5187 consentientes
2706 5147 2718 5182 :
2753 5131 2914 5184 timeo
2940 5140 3007 5181 ne
3033 5125 3152 5179 talis
3177 5126 3246 5180 sit
3273 5127 3395 5193 iste,
3425 5143 3585 5197 quem

2008 5228 2257 5289 timeam;
2291 5237 2359 5278 ne
2389 5221 2511 5277 talis
2553 5223 2620 5277 sit
2677 5221 2813 5284 iste,
2865 5230 3022 5288 quem
3076 5216 3272 5270 imiter.
3322 5216 3447 5271 Haec
3493 5219 3588 5274 tibi

2009 5317 2175 5380 facio,
2205 5315 2250 5370 si
2299 5329 2406 5368 non
2456 5310 2829 5366 consenseris:
2885 5306 3092 5360 Custodi
3141 5308 3590 5378 meamuscipula

2007 5427 2156 5482 quam
2180 5414 2460 5464 statuerunt
2486 5406 2628 5458 mila.
2659 5403 2794 5456 Ecce
2824 5398 2984 5453 frater
3001 5407 3120 5453 tuus
3143 5398 3252 5468 jam
3275 5401 3546 5455 consensit
3571 5419 3584 5454 :

2010 5503 2078 5558 Et
2101 5502 2162 5556 ab
2187 5499 2443 5556 scandatis
2473 5511 2641 5550 eorum
2665 5494 2750 5563 qui
2779 5500 3054 5562 operantur
3076 5491 3412 5561 iniquitatem.

2079 5595 2168 5649 24.
2203 5591 2351 5664 [vers.
2382 5587 2494 5660 10.]
2520 5586 2708 5642 Cadent
2735 5584 2787 5637 in
2813 5583 2942 5637 retia
2981 5584 3090 5654 ejus
3114 5572 3418 5654 peccatoris.
3450 5585 3587 5650 Quid

2011 5696 2092 5744 est
2111 5701 2260 5753 ergo,
2295 5683 2502 5742 fratres,
2537 5677 2728 5732 Cadent
2756 5675 2809 5729 in
2838 5675 2962 5729 retia
2987 5676 3094 5746 ejus
3133 5679 3457 5747 peccatores?
3483 5677 3587 5734 Sed
3657 5671 3660 5673 Α

2076 5801 2091 5830 ι
2115 5795 2299 5858 Aliquot
2323 5798 2446 5852 Mss,
2472 5794 2654 5840 curvati
2675 5789 2797 5838 sunt.
