4080 6534
491 387 622 449 1851

490 522 596 562 non
624 513 810 558 omnes
832 498 1131 566 peccatores
1153 502 1167 539 :
1186 480 1396 553 quidam
1414 478 1739 566 peccatores,
1763 462 1854 533 qui
1879 467 2048 566 usque

490 560 557 652 eo
585 601 707 649 sunt
733 560 1051 658 peccatores,
1078 575 1234 632 utsic
1255 575 1432 625 ament
1455 565 1619 661 sitam
1632 560 1807 621 istam,

493 689 691 755 ponant
731 638 872 731 illam
917 671 1039 723 vitae
1082 672 1323 725 mternze,
1352 652 1567 755 ‘cadent
1606 649 1659 702 in

494 734 628 843 Eilis.
655 768 755 825 Sed
784 763 905 835 quid
932 756 1098 815 dicis?
1125 755 1322 814 Putas,
1352 744 1439 801 isti
1464 743 1597 843 tales
1622 736 1819 843 aiatait
1842 734 1893 843 it:
1921 734 2053 843 Leria

494 819 948 928 ξῖιῖζῖἑέιῖηυίά
991 848 1059 902 de
1095 839 1363 911 discipulis
1388 833 1605 928 Atui‘s,‘o
1647 819 1893 928 Christe?
1920 820 2057 928 sese

496 915 614 1005 cum
644 915 873 1001 ferveret
896 935 1208 1009 persecutio,
1232 925 1439 1000 quando
1461 915 1777 1012 dimiserunt
1801 922 1850 1012 te
1872 919 2057 1012 omnes

498 1037 691 1099 solum,
724 1040 778 1087 et
798 998 971 1085 ierunt
993 1021 1348 1092 unusquisque
1376 1015 1430 1069 in
1456 1026 1549 1067 sua
1576 1006 1594 1079 (
1620 999 1907 1104 prmdixisti
1932 998 2054 1101 hoc,

498 1128 617 1198 quia
668 1097 952 1195 przevidistj
980 1132 993 1171 :
1023 1130 1128 1169 non
1165 1110 1305 1166 enim
1331 1105 1452 1177 quia
1496 1101 1554 1156 tu
1583 1097 2059 1198 prtenuutiasti,.ttt

500 1177 690 1280 iecisti:
718 1221 808 1268 aut
851 1177 987 1264 tu'in
1016 1215 1278 1276 quoquam
1305 1203 1359 1252 te
1387 1189 1623 1264 negasti)
1659 1205 1673 1242 :
1705 1182 1796 1241 sed
1835 1197 1957 1284 ecce
1985 1177 2062 1233 illi

501 1304 589 1379 qui
609 1306 700 1362 tibi
726 1299 1084 1362 cohaerebant,
1111 1295 1163 1348 in
1192 1301 1277 1345 tua
1299 1284 1661 1379 mutatione-et
1677 1283 2058 1379 persecutione,

503 1362 603 1467 qua
630 1405 681 1450 te
702 1389 900 1447 inimici
928 1382 1264 1455 requirebant
1282 1369 1717 1467 crucifigendum,
1733 1362 2060 1419 defecerunt.

505 1454 573 1541 lit
598 1496 731 1539 unus
763 1480 846 1534 ille
866 1454 1036 1532 audai
1061 1470 1151 1542 qui
1178 1468 1268 1523 tibi
1298 1463 1611 1535 promiserat
1630 1454 1750 1526 quia
1780 1464 1949 1506 tecum
1979 1461 2065 1542 es:

505 1536 587 1632 s—et
606 1536 791 1641 iisque
815 1570 879 1623 ad
908 1536 1152 1626 mortem,
1182 1557 1378 1614 audivit
1401 1552 1611 1624 quidem
1698 1544 1903 1641 medico
1934 1536 2059 1611 quid

507 1669 558 1721 in
600 1680 658 1720 se
699 1636 943 1733 ageretur
991 1663 1237 1725 :egrotus.
1288 1644 1540 1702 Febriens
1582 1639 1722 1733 enim
1771 1636 1956 1690 sanum
2006 1642 2066 1733 se

510 1718 761 1810 dixerat‘z
786 1766 800 1816 ;
830 1746 1003 1803 cordis
1022 1718 1207 1798 v'cnam
1229 1734 1317 1793 ille
1342 1734 1607 1803 tangebat.
1637 1723 1863 1781 Ventum
1892 1731 1974 1777 est
1998 1718 2065 1774 ad

508 1842 872 1903 tentationem,
898 1844 1114 1890 ventum
1137 1838 1219 1886 est
1245 1824 1309 1881 ad
1336 1822 1715 1895 probationem,
1743 1816 1956 1869 ventum
1984 1817 2067 1903 est

600 1896 991 1985 accusationem
1013 1921 1034 1955 ⁸
1060 1938 1074 1987 ;
1101 1918 1283 1989 etiam
1325 1915 1437 1984 ipse
1468 1911 1835 1976 interrogatus,
1873 1917 1976 1956 non
1998 1896 2065 1954 ab

512 2022 686 2090 aliqua
737 2028 922 2089 magna
950 2019 1229 2085 potestate,
1259 2004 1355 2060 sed
1391 2003 1457 2058 ab
1482 2000 1663 2056 inﬁmo
1691 1992 1988 2090 mancipio,
2012 1999 2066 2047 et

512 2083 616 2165 hoc
639 2083 852 2171 femina,
883 2083 1156 2159 abvancilla
1184 2099 1533 2164 interrogatus
1560 2086 1853 2145 succubuit.
1897 2083 2067 2153 Nega-

510 2203 586 2256 vit
609 2210 708 2255 ter.
730 2197 904 2254 Semel
930 2202 1137 2264 negato,
1164 2204 1284 2246 cum
1315 2191 1713 2249 memoraretur,
1741 2177 1949 2248 negavit
1968 2176 2067 2229 ite-

512 2305 627 2347 rum
654 2310 667 2347 :
697 2291 778 2346 bis
804 2296 990 2357 negato
1010 2327 1024 2351 ,
1054 2298 1173 2339 cum
1212 2284 1611 2339 memoraretur,
1654 2271 1863 2343 negavit
1892 2268 2066 2324 tertio.

513 2384 624 2440 Hoc
646 2381 957 2454 prmdixerat
996 2375 1281 2439 Dominus;
1303 2385 1409 2426 non
1450 2373 1793 2438 praeceperat,
1820 2370 1923 2454 non
1952 2374 2072 2413 coe-

512 2451 678 2546 gerat.
712 2475 817 2529 Aut
843 2473 885 2525 si
913 2481 1190 2542 propterea
1230 2472 1441 2534 putatur
1468 2461 1655 2515 Petrus
1683 2466 1829 2512 recte
1854 2451 2061 2546 fecisse,

515 2542 635 2635 quia
676 2563 776 2617 hoc
818 2560 1130 2631 praidixerat
1179 2556 1461 2615 Dominus;
1496 2556 1636 2604 recte
1681 2547 1806 2602 fecit
1834 2553 1886 2599 et
1912 2542 2073 2599 Judas

516 2634 605 2726 qui
647 2651 857 2707 tradidit
893 2665 1032 2714 eum,
1062 2647 1179 2717 quia
1220 2652 1273 2699 et
1303 2644 1403 2697 hoc
1449 2639 1762 2709 praedixerat
1797 2634 2070 2690 Dominus.

516 2743 703 2807 Absit,
749 2741 936 2795 fratres
974 2738 1077 2793 mei
1107 2750 1121 2802 ;
1150 2726 1263 2789 haec
1289 2741 1391 2787 vox
1422 2728 1627 2784 illorum
1657 2728 1943 2782 electorum
1969 2732 2072 2790 est,

517 2834 604 2904 qui
626 2833 782 2887 etiam
824 2837 1036 2900 peccata
1073 2841 1167 2881 sua
1208 2822 1494 2879 defendunt
1522 2818 1693 2890 potius
1720 2832 1875 2887 quam
1903 2815 2073 2869 faten-

518 2932 623 2977 tur.
656 2922 868 2975 Petrum
894 2920 1062 2986 ipsum
1088 2918 1260 2984 potius
1279 2910 1628 2967 attendamus.
1652 2907 1707 2964 Si
1738 2907 1865 2961 nihil
1884 2919 2074 2976 pecca-

520 3016 615 3079 vit,
644 3026 805 3082 quare
844 3007 1030 3065 ﬂevit?
1072 3006 1187 3061 Non
1227 3004 1610 3073 interrogemus
1638 2997 1705 3055 de
1750 2998 1908 3053 Petro
1930 3039 1945 3063 ,
1975 2995 2077 3051 nisi

520 3106 778 3177 lacrymas
821 3101 961 3157 Petri
993 3118 1008 3155 :
1039 3098 1299 3154 ﬁdeliores
1327 3104 1490 3150 testes
1519 3094 1587 3149 de
1613 3092 1704 3147 illo
1728 3102 1834 3146 nan
1868 3088 2075 3143 inveni-

519 3211 657 3251 mus.
685 3192 841 3247 Flevit
871 3206 1040 3245 amare
1061 3231 1076 3257 ,
1104 3189 1266 3259 inquit
1295 3185 1502 3257 (Matth.
1524 3199 1669 3248 xxvr,
1694 3180 1898 3249 51-75).
1932 3177 2077 3232 Non-

522 3285 645 3345 dum
675 3283 892 3338 idoneus
912 3288 1024 3336 erat
1052 3277 1281 3349 passioni
1306 3294 1319 3329 :
1345 3274 1581 3344 Sequeris
1607 3287 1685 3324 me
1710 3279 1879 3340 postea
1898 3266 2075 3340 (Joan.

520 3391 632 3443 xui,
666 3376 757 3446 56)
778 3417 792 3437 ,
816 3375 887 3429 illi
915 3374 1109 3429 dictum
1135 3378 1268 3425 erat.
1292 3368 1475 3423 Adhuc
1497 3365 1702 3420 futurus
1726 3370 1839 3418 erat
1873 3361 2076 3425 ﬁrmus,

521 3467 861 3524 conﬁrmatus
889 3461 1095 3518 Domini
1119 3456 1523 3515 resurrectione.

591 3556 682 3616 ‘25.
716 3559 852 3627 Ergo
891 3554 1123 3610 nondum
1149 3559 1265 3607 erat
1305 3559 1532 3619 tempus,
1563 3554 1620 3600 ut
1655 3544 2082 3613 diSpergerentttr

524 3650 616 3704 illa
642 3661 758 3702 ossa
775 3647 921 3717 juxta
944 3643 1224 3699 infernum.
1247 3639 1378 3695 Nam
1404 3637 1575 3692 videte
1614 3651 1767 3705 quam
1800 3632 1948 3687 multi
1984 3633 2079 3687 de-

527 3739 788 3803 fecerunt,
844 3748 1009 3805 usque
1038 3732 1103 3786 ad
1132 3733 1274 3801 ipsos
1303 3730 1501 3800 primos
1531 3724 1792 3782 haerentes
1816 3725 1894 3780 ori
1925 3725 2077 3794 ejus;

526 3831 685 3885 etiam
720 3827 826 3897 ipsi
876 3825 1200 3881 defecerunt.
1261 3822 1433 3889 Quare
1482 3819 1619 3873 hoc?
1666 3817 1951 3889 Singularis
1993 3826 2082 3886 ego

526 3934 659 3987 sum,
698 3918 854 3972 donec
895 3926 1163 3971 transeam.
1196 3913 1307 3968 Hoc
1332 3912 1472 3967 enim
1503 3909 1736 3980 sequitur
1766 3911 1816 3963 in
1846 3908 2079 3963 Psalmo.

527 4008 696 4077 Supra
720 4006 942 4069 dixerat,
971 4000 1175 4059 Custodi
1195 4018 1290 4067 me,
1322 4001 1554 4065 Domine,
1578 4016 1609 4052 a
1627 4000 1905 4068 muscipula
1930 4010 2083 4069 quam

529 4106 801 4154 statuerunt
828 4096 947 4148 mihi
973 4136 989 4162 ,
1017 4104 1061 4148 et
1088 4095 1150 4147 ab
1177 4092 1426 4147 scandulis
1448 4092 1532 4161 qui
1557 4100 1825 4160 operantur
1846 4090 2085 4161 iniquita-

533 4199 651 4244 tem.
683 4188 727 4240 A
762 4185 1072 4255 muscipula,
1105 4192 1149 4237 et
1194 4183 1255 4236 ab
1284 4181 1577 4247 scandatis;
1606 4190 1658 4236 et
1685 4196 1713 4234 a
1743 4180 2082 4246 terrentibus,

530 4287 585 4333 ct
608 4294 639 4332 a
662 4278 838 4345 lapsis.
866 4274 967 4330 Sed
992 4275 1111 4343 quia
1139 4274 1189 4327 in
1219 4274 1333 4343 ejus
1351 4272 1596 4343 passione
1622 4275 1777 4325 etiam
1805 4271 1879 4324 illi
1910 4269 2085 4339 primi,

531 4369 620 4437 qui
660 4367 815 4421 futuri
844 4375 996 4421 erant
1038 4363 1201 4419 duces
1242 4364 1488 4418 Ecclesiae
1516 4370 1570 4417 et
1609 4361 1865 4416 columnae
1909 4373 2085 4425 terrae,

534 4458 874 4523 deiecerunt;
916 4455 1150 4510 nondum
1194 4453 1386 4509 factum
1428 4462 1543 4509 erat
1588 4454 1727 4522 quod
1779 4454 1853 4505 ait
1893 4453 1946 4505 in
1986 4451 2091 4504 alio

535 4547 761 4616 psalmo.
809 4545 917 4616 Ego
942 4544 1235 4613 conﬁrmavi
1261 4544 1519 4597 columnas
1563 4544 1672 4607 eius
1699 4541 1865 4611 (Psal.
1912 4550 2089 4605 Lxxw,

535 4640 628 4707 ι).
658 4636 791 4705 Quid
837 4638 932 4702 ait,
990 4633 1276 4706 Singularis
1322 4651 1412 4705 ego
1448 4650 1578 4699 sum,
1609 4634 1766 4687 donec
1805 4632 2094 4686 transeam?

541 4730 666 4783 Hmc
691 4743 789 4782 vos
815 4743 880 4781 ex
904 4741 1125 4797 persona
1150 4726 1339 4795 capitis
1362 4767 1376 4791 ,
1410 4724 1695 4794 Singularis
1723 4741 1811 4794 ego
1838 4740 1969 4786 sum,
1997 4724 2093 4777 do-

538 4835 627 4873 nec
652 4828 922 4871 transeam.
953 4815 1086 4883 Quid
1126 4824 1246 4880 est,
1287 4815 1557 4885 singularis
1579 4814 1605 4867 7
1654 4813 1708 4866 In
1758 4813 2000 4882 passione
2040 4820 2096 4865 tu

538 4908 685 4962 solus
712 4905 926 4975 pateris,
958 4914 1012 4958 tu
1036 4904 1180 4959 solus
1201 4902 1460 4958 occideris
1483 4902 1551 4957 ab
1575 4901 1819 4956 inimicis.
1851 4899 2097 4970 Singula-

539 5001 609 5057 ris
632 5016 721 5070 ego
748 5014 877 5064 sum,
900 4998 1055 5051 donec
1083 5006 1349 5070 transeam.
1373 4994 1508 5060 Quid
1528 5003 1628 5058 cet,
1649 4994 1804 5047 donec
1818 4991 2099 5045 transeam?

532 5068 873 5158 .Evaugelista
899 5086 1062 5140 dicit:
1109 5084 1235 5139 Cum
1272 5068 1438 5138 autem
1479 5084 1684 5138 venisset
1712 5085 1836 5137 hora
1859 5091 1915 5137 ut
1949 5081 2101 5136 Iesus

542 5180 774 5234 transiret
812 5179 874 5232 de
901 5178 992 5231 hoc
1022 5178 1209 5231 mundo
1253 5178 1319 5230 ad
1356 5176 1564 5230 Patrem
1604 5175 1797 5246 (Joan.
1842 5191 1956 5240 xm,
2003 5175 2099 5244 1).

543 5272 680 5339 Quid
708 5280 792 5327 est
817 5285 966 5339 ergo,
988 5270 1143 5324 donec
1167 5279 1436 5335 transeam,
1468 5269 1588 5334 nisi,
1614 5270 1677 5322 de
1713 5269 1806 5323 hoc
1827 5269 2013 5321 mando
2034 5267 2102 5320 ad

547 5364 796 5419 Patrem?
826 5362 971 5415 Tunc
994 5362 1133 5415 enim
1164 5362 1467 5415 conﬁrmavi
1493 5361 1764 5415 columnas
1789 5360 1919 5429 ejus,
1948 5359 1998 5413 id
2023 5368 2104 5412 est

546 5453 823 5508 columnas
848 5459 1003 5505 terra:
1022 5489 1039 5514 .
1068 5450 1276 5519 quando
1303 5451 1354 5505 in
1383 5466 1498 5505 mea
1541 5452 1923 5505 resurrectione
1953 5449 2105 5518 plane

608 5604 624 5634 ί
649 5608 721 5650 Er.
748 5600 894 5666 lugd.
916 5608 1032 5648 ven.
1057 5594 1384 5666 sicexhibent
1414 5601 1540 5650 hunc
1584 5601 1740 5651 locum
1776 5615 1787 5651 :
1829 5609 2048 5666 ageretur
2086 5614 2104 5651 .'

548 5640 761 5727 eam.
772 5640 979 5727 fait-ca
988 5640 1042 5710 tt
1058 5640 1495 5727 manassias:

608 5721 627 5757 ¹
654 5721 864 5773 δοιωυιιι
880 5723 1042 5785 proba:
1061 5731 1185 5772 noue
1206 5728 1332 5783 Mss,
1357 5723 1425 5771 ad
1443 5721 1769 5773 accessionem.

1672 356 1730 412 S.
1771 332 2132 407 AUGUSTINI
2174 337 2467 431 EPISCOPI

3584 333 3720 396 i839

2155 453 2451 509 didicerunt
2494 462 2716 508 mortem
2756 468 2860 508 non
2891 468 3007 508 esse
3041 452 3362 519 timendam,
3397 452 3571 507 Donec
3593 468 3721 521 ergo

2158 554 2443 610 transeam,
2473 544 2743 615 singularis
2783 562 2892 598 sum
2917 560 2937 599 :
2986 560 3107 600 cum
3145 545 3424 611 transiero,
3470 545 3721 613 multipli-

2156 636 2349 701 cabor;
2397 634 2547 688 multi
2577 649 2662 689 me
2705 635 3082 699 imitabantur,
3128 635 3277 689 multi
3326 635 3588 705 patientur
3628 648 3721 704 pro

2158 726 2370 780 nomine
2386 740 2523 781 meo.
2541 725 2688 781 Unus
2712 741 2809 795 ego
2832 741 2947 781 sum
2977 725 3145 781 donec
3170 736 3430 781 transeam
3456 743 3469 791 ;
3503 726 3650 779 inulti
3671 734 3721 779 in

2160 832 2246 872 me
2264 833 2395 872 unus
2412 817 2696 873 eruntdum
2712 819 2989 873 transiero.
3010 818 3295 889 Singularis
3316 835 3403 888 ego
3416 835 3545 879 sum,
3565 818 3721 870 donec

2164 916 2432 961 transeam.
2476 908 2667 961 Audite
2686 906 2842 961 etiam
2868 909 3175 979 mysterium
3202 908 3344 962 verbi
3370 909 3502 976 ejus.
3524 908 3723 961 Secun-

2162 997 2285 1050 dum
2308 1002 2531 1066 graecam
2565 996 2903 1060 locutionem,
2938 987 3138 1052 Pascha
3184 998 3391 1053 videtur
3419 999 3722 1067 passionem

2164 1087 2494 1156 signiﬁcare;
2526 1090 2719 1155 πάσχειν
2740 1075 2878 1141 enim
2910 1085 3015 1156 pati
3045 1087 3238 1141 dicitur
3269 1105 3282 1141 :
3310 1088 3597 1142 secundum
3628 1088 3724 1141 he-

2163 1177 2357 1231 brazam
2386 1185 2559 1231 autem
2586 1179 2837 1248 linguam,
2858 1177 2992 1231 sicut
3013 1177 3337 1247 interpretati
3369 1186 3492 1232 sunt
3516 1178 3604 1247 qui
3630 1193 3726 1230 no-

2164 1276 2372 1331 verunt,
2420 1266 2619 1321 Pascha
2671 1267 2945 1322 Transitus
2992 1268 3383 1336 interpretatur.
3427 1267 3556 1321 Nam
3587 1276 3637 1321 et
3681 1266 3726 1322 si

2165 1359 2500 1429 interrogetis
2546 1360 2681 1415 bene
2719 1360 2966 1427 Grazcos,
2998 1371 3190 1431 negant
3216 1367 3443 1430 grzecu‘m
3483 1376 3600 1414 esse
3629 1360 3727 1414 Pa.

2167 1450 2312 1504 scha.
2338 1451 2504 1505 Sonat
2532 1450 2600 1504 ibi
2639 1451 2849 1521 quidem
2898 1458 3112 1520 πάσχειν,
3145 1451 3196 1505 id
3237 1460 3317 1505 est
3344 1451 3469 1520 pati,
3501 1450 3593 1504 sed
3621 1460 3727 1505 non

2167 1540 2302 1595 solet
2330 1541 2406 1595 sic
2442 1539 2691 1595 deflecti:
2734 1542 2910 1612 passio
2945 1541 3085 1595 enim
3131 1549 3271 1602 πάθας
3296 1556 3466 1612 graece
3514 1540 3725 1603 dicitur,
3797 1602 3806 1610 ,

2169 1648 2273 1687 non
2306 1632 2518 1702 pascha.
2544 1633 2680 1704 Ergo
2708 1632 2931 1700 Pascha,
2963 1634 3097 1688 sicut
3123 1632 3303 1687 dicunt
3328 1635 3419 1703 qui
3441 1638 3725 1695 norerunt,

2168 1733 2222 1779 et
2245 1724 2331 1794 qui
2360 1724 2509 1779 nobis
2532 1725 2671 1794 quod
2699 1722 2994 1795 legeremus
3015 1724 3340 1795 interpretati
3361 1728 3502 1789 sunt,
3534 1723 3732 1777 transis

2172 1826 2255 1872 tus
2276 1819 2666 1888 interpretatur.
2692 1818 2812 1873 Ideo
2842 1828 3058 1873 ventura
3090 1819 3333 1888 passiOne
3359 1818 3589 1882 Domini,
3619 1826 3733 1871 tan-

2173 1916 2328 1979 quam
2359 1909 2473 1979 ipso
2495 1908 2654 1963 verbo
2683 1910 2988 1979 laqueremr
3013 1908 3345 1978 Evangelista
3383 1926 3396 1963 :
3424 1908 3551 1963 Cum
3572 1910 3734 1962 venis-

2171 2008 2277 2067 set,
2308 2001 2476 2071 inquit
2501 2042 2516 2067 ,
2550 2001 2675 2054 liora
2704 2010 2757 2054 ut
2804 2001 3036 2056 transiret
3063 1999 3211 2055 Iesus
3239 2001 3301 2054 de
3328 2001 3421 2054 hoc
3452 2001 3637 2054 mundo
3667 2000 3734 2053 ad

2174 2089 2399 2146 Patrem.
2429 2090 2630 2147 Pascha
2659 2091 2741 2146 hic
2768 2102 2898 2161 ergo
2925 2092 3097 2146 sonuit
3123 2092 3175 2145 in
3199 2090 3300 2147 hoc
3326 2102 3503 2157 versu,
3537 2090 3737 2161 Singa—

2174 2182 2294 2237 laris
2323 2199 2413 2254 ego
2449 2199 2580 2248 sum,
2623 2184 2777 2237 donec
2815 2193 3080 2237 transeam.
3111 2183 3238 2237 Post
3274 2183 3473 2237 Pascha
3499 2183 3606 2252 jam
3632 2193 3737 2235 non

2176 2288 2267 2329 ero
2314 2274 2614 2345 singularis,
2666 2284 2782 2345 post
2828 2276 3104 2330 transitum
3136 2291 3241 2330 non
3290 2291 3382 2331 ero
3432 2275 3735 2345 singularis.

2174 2365 2321 2420 Multi
2349 2365 2724 2434 imitabuntur,
2754 2368 2901 2422 multi
2941 2378 3331 2439 consequentur
3364 2386 3377 2422 :
3406 2378 3459 2423 et
3487 2371 3528 2422 si
3560 2380 3741 2438 postea

2176 2466 2481 2527 sequentur,
2504 2459 2627 2529 quid
2653 2459 2752 2513 erit
2772 2462 2793 2511 ἶ)
2816 2457 3102 2530 Singularis
3125 2477 3214 2531 ego
3233 2477 3361 2524 sum,
3390 2460 3546 2514 donec
3576 2469 3741 2511 trans-

2179 2565 2306 2601 eam.
2332 2548 2464 2617 Quid
2491 2558 2570 2603 est
2597 2549 2735 2620 quod
2767 2550 3016 2604 Dominus
3052 2551 3126 2604 ait
3151 2551 3200 2604 in
3232 2550 3332 2604 hoc
3366 2550 3586 2620 psalmo,
3618 2548 3742 2603 Sin-

2177 2640 2367 2709 gularis
2404 2655 2492 2709 ego
2511 2656 2619 2693 sum
2647 2640 2800 2693 donec
2839 2642 3133 2694 transeam?
3157 2641 3278 2710 quid
3305 2649 3385 2694 est
3413 2640 3548 2710 quod
3575 2639 3739 2709 expo-

2182 2729 2422 2782 suimus?
2471 2728 2523 2785 Si
2568 2729 2959 2795 intelleximus,
3017 2731 3229 2785 attende
3278 2731 3443 2800 ipsius
3480 2729 3639 2784 verba
3689 2729 3741 2783 in

2186 2818 2500 2888 Evangelia:
2528 2819 2704 2885 Amen,
2728 2837 2871 2875 amen
2890 2822 3000 2875 dico
3024 2822 3177 2890 vobis,
3198 2822 3383 2891 inquit,
3414 2822 3510 2874 nisi
3528 2828 3743 2891 granum

2185 2907 2424 2977 frumenti
2459 2910 2643 2963 cadens
2684 2911 2736 2964 in
2767 2922 2947 2965 terram
2977 2922 3227 2965 mortuum
3275 2913 3446 2982 fuerit,
3473 2913 3638 2980 ipsum
3662 2927 3747 2964 sae

2183 3002 2287 3053 lum
2316 3008 2522 3067 manet;
2544 3003 2589 3055 si
2614 3012 2779 3057 autem
2808 3014 3058 3057 mortuum
3082 3005 3253 3075 fuerit,
3282 3004 3493 3058 multum
3524 3008 3745 3074 fructum

2180 3089 2346 3157 a/fert.
2380 3092 2490 3147 Hoc
2536 3093 2606 3147 ibi
2657 3094 2747 3161 ait,
2799 3094 2885 3148 tibi
2923 3096 3077 3150 etiam
3125 3096 3294 3150 dixit:
3326 3096 3449 3151 Cum
3496 3095 3747 3149 exaltatus

2182 3186 2323 3253 fuero
2343 3199 2374 3236 α
2396 3193 2544 3249 terra,
2574 3186 2741 3238 omnia
2766 3187 2959 3239 traham
2978 3186 3045 3238 ad
3064 3187 3304 3256 meipsum
3332 3184 3509 3258 (Joan.
3533 3201 3623 3250 XII,
3648 3185 3742 3251 24,

2179 3274 2270 3341 25,
2299 3276 2420 3347 52).
2454 3275 2572 3330 Nisi
2595 3294 2807 3347 granum
2836 3279 3103 3347 frumenti,
3138 3279 3322 3348 inquit,
3356 3279 3535 3331 cadens
3564 3281 3615 3331 iu
3645 3289 3745 3331 ter-

2180 3386 2291 3422 ram
2317 3378 2565 3423 mortuum
2583 3372 2750 3441 fuerit,
2770 3371 2933 3441 ipsum
2958 3370 3119 3424 solum
3141 3379 3339 3434 manet;
3363 3371 3587 3423 siautem
3612 3386 3747 3421 more

2183 3466 2324 3513 tuum
2356 3460 2526 3529 fuerit,
2559 3460 2770 3514 multum
2819 3460 3229 3531 fructuum/fert.
3270 3461 3407 3531 Ergo
3461 3461 3533 3514 illi
3581 3476 3746 3528 grano

2184 3554 2344 3607 multa
2372 3569 2523 3624 seges
2551 3552 2841 3609 debebatur
2895 3573 2908 3608 :
2950 3553 3044 3609 sed
3075 3562 3342 3622 exspecta,
3396 3552 3747 3607 mortiffcctnr

2183 3646 2353 3699 adhuc
2380 3663 2393 3711 ;
2420 3647 2538 3714 quia
2576 3661 2793 3715 granum
2822 3646 2921 3699 nisi
2949 3646 2997 3698 in
3035 3655 3223 3699 tenam
3241 3644 3492 3701 ceciderit
3518 3652 3570 3700 et
3598 3659 3745 3698 mor-

2185 3736 2435 3790 tiﬁcatum
2460 3736 2628 3799 fuerit,
2661 3735 2829 3790 solum
2860 3744 3115 3791 remanet.
3738 3732 3741 3733 ⁷

2255 3827 2344 3881 26.
2374 3828 2511 3897 Ergo
2536 3828 2679 3881 solus
2704 3833 2837 3893 erat,
2881 3838 3160 3896 antequam
3204 3835 3342 3881 esset
3380 3824 3747 3880 mortiﬁcatus.

2188 3917 2466 3986 Propterea
2497 3926 2550 3971 et
2572 3918 2757 3972 Petrus
2782 3916 3011 3971 nondum
3041 3917 3267 3972 habebat
3295 3918 3424 3972 tales
3452 3916 3590 3970 vires
3616 3933 3628 3967 :
3660 3929 3751 3968 aee-

2186 4018 2436 4077 cepturus
2472 4016 2585 4061 erat
2626 4008 2766 4061 vires
2805 4007 3079 4077 sequendi,
3133 4022 3236 4062 non
3288 4007 3515 4062 habebat
3561 4021 3755 4076 pra-ce-

2188 4098 2369 4153 dendi.
2403 4099 2624 4167 Pr0pter
2652 4095 2915 4151 Christum
2959 4099 3119 4165 enim,
3168 4098 3218 4152 id
3252 4107 3351 4162 est,
3385 4107 3597 4167 promer
3623 4111 3755 4151 con-

2189 4188 2471 4243 fessionem
2516 4188 2741 4243 nominis
2789 4189 3003 4253 Christi,
3061 4202 3166 4259 quo
3210 4188 3482 4243 christiani
3531 4201 3756 4251 sumus,

2190 4294 2349 4333 nemo
2379 4290 2615 4334 mortuus
2644 4288 2727 4333 est
2752 4289 2873 4335 ante
2897 4279 3162 4335 Chrismm
3195 4298 3209 4333 :
3241 4296 3307 4336 ne
3330 4280 3467 4334 forte
3512 4288 3757 4333 occurrat

2191 4370 2341 4423 vobis
2365 4370 2403 4422 ι.
2436 4370 2583 4423 Multi
2620 4369 2760 4424 enim
2804 4371 2996 4424 mortui
3046 4380 3167 4424 sunt
3211 4378 3266 4425 et
3309 4378 3569 4439 martyres
3608 4377 3753 4433 sunt,

2194 4460 2343 4513 multi
2372 4459 2647 4528 PrOphetaa
2672 4460 2794 4512 talia
2818 4460 2955 4528 passi
2984 4468 3139 4524 sunt;
3166 4474 3271 4513 non
3296 4468 3471 4515 tamen
3499 4458 3616 4513 ideo
3638 4473 3758 4511 inoo

2194 4550 2495 4615 riebantur,
2547 4550 2665 4619 quia
2712 4550 3131 4621 prmnuntiabant
3175 4549 3460 4616 Christum,
3513 4550 3605 4604 sed
3635 4548 3759 4618 quia

2197 4651 2406 4710 peccata
2436 4642 2702 4693 hominum
2732 4641 2976 4695 dicebant
3000 4640 3053 4694 in
3076 4656 3189 4707 eos,
3218 4650 3270 4694 et
3305 4656 3485 4695 eorum
3513 4640 3762 4708 iniquitae

2197 4734 2337 4789 tibus
2362 4732 2575 4785 liberius
2594 4732 2909 4788 resistebant
2932 4750 2947 4785 :
2968 4734 3022 4788 et
3041 4733 3300 4788 habentur
3320 4734 3455 4787 inter
3477 4743 3762 4803 martyres.

2198 4824 2346 4879 Juste
2379 4826 2572 4878 etenim
2608 4828 2650 4878 si
2677 4842 2779 4879 non
2811 4840 2904 4894 pro
2929 4825 3155 4879 nominis
3180 4825 3373 4879 Christi
3394 4824 3757 4885 confessione.

2202 4926 2375 4971 tamen
2407 4932 2502 4984 pro
2527 4917 2748 4971 veritate
2770 4918 2926 4971 occisi
2953 4926 3093 4970 sunt.
3123 4915 3303 4985 Usque
3322 4916 3454 4970 adeo
3471 4927 3643 4969 autem
3670 4926 3769 4983 pro

2202 5009 2319 5079 ipso
2343 5009 2574 5067 nomine.
2601 5008 2650 5062 id
2676 5019 2776 5074 est,
2816 5018 2912 5077 pro
2937 5006 3272 5063 confessione
3312 5008 3542 5063 nominis
3566 5008 3768 5062 Christi

2203 5113 2360 5152 nemo
2400 5109 2635 5152 mortuus
2664 5107 2762 5159 est,
2815 5105 3091 5167 antequam
3118 5112 3338 5166 granum
3389 5097 3512 5153 illud
3550 5097 3771 5152 caderet

2207 5190 2257 5243 in
2289 5199 2501 5255 terram,
2544 5189 2694 5258 cujus
2718 5203 2780 5241 ex
2820 5202 3042 5257 persona
3082 5188 3279 5241 dictum
3324 5198 3427 5254 est,
3482 5187 3773 5257 Singularis

2207 5302 2296 5357 ego
2320 5302 2448 5346 sum,
2482 5284 2638 5336 donec
2666 5292 2915 5335 transeam
2938 5323 2952 5347 ,
2986 5290 3043 5335 ttt
3070 5294 3121 5336 et
3149 5281 3262 5350 ipse
3286 5282 3532 5343 Joannes,
3562 5280 3650 5349 qui
3680 5294 3773 5332 re-

2207 5394 2333 5433 cens
2364 5377 2665 5431 interfectus
2702 5383 2836 5439 erat,
2881 5375 2947 5429 ab
2976 5374 3155 5442 iniquo
3180 5388 3303 5444 rege
3329 5372 3554 5426 donatus
3584 5370 3777 5439 puellze

2208 5468 2475 5531 saltatrici,
2502 5478 2604 5518 non
2637 5474 2851 5533 propter
2888 5463 2990 5517 hoc
3016 5464 3221 5517 occisus
3243 5463 3328 5526 sit,
3360 5463 3481 5530 quia
3500 5461 3777 5513 confessus

2208 5571 2290 5615 est
2317 5558 2603 5614 Christum.
2634 5558 2808 5612 Potuit
2852 5557 3031 5625 utique
3055 5564 3108 5610 et
3139 5555 3260 5609 inde
3289 5553 3490 5620 occidi,
3519 5562 3571 5607 ct
3602 5551 3701 5606 hoc
3744 5565 3775 5604 a

2276 5701 2291 5731 ⁸
2319 5705 2390 5745 Er.
2417 5704 2532 5759 Lug.
2556 5704 2674 5745 Ven.
2698 5702 2747 5745 et
2769 5702 2900 5755 t.ov.,
2925 5691 3072 5743 nobis.
3099 5698 3154 5741 Μ.
