4080 6458
339 363 483 422 1853

333 472 542 530 multis.
577 470 636 529 Si
676 478 895 543 pmpter
919 470 1065 528 aliud
1104 471 1313 528 occisus
1337 481 1420 530 est
1444 475 1513 530 ab
1542 489 1680 545 uno,
1717 486 1916 547 quanto

335 563 513 633 potius
541 571 757 633 propter
781 560 1051 618 Christum
1080 563 1248 633 potuit
1270 563 1439 619 occidi
1468 565 1536 620 ab
1563 566 1647 622 his
1676 568 1804 637 ipsis
1823 568 1913 638 qui

336 652 646 709 occiderunt
685 653 995 709 Christum?
1021 654 1336 710 Perhibebat
1362 655 1505 710 enim
1524 655 1735 713 Christo
1761 658 1913 713 testi-

334 745 574 801 monium
598 744 851 801 Joannes.
884 745 963 801 illi
988 746 1076 816 qui
1102 746 1389 802 audiebant
1412 748 1709 815 Christum,
1738 750 1912 820 ipsum

334 835 580 891 occidere
608 836 875 904 volebant,
910 846 965 892 et
992 851 1114 892 eum
1142 837 1233 907 qui
1264 838 1625 894 testimonium
1662 841 1910 911 perhibe-

335 926 427 982 bat
456 942 561 982 non
592 927 925 983 occidebant.
950 927 1082 997 Quia
1107 929 1250 984 enim
1279 930 1325 985 si
1350 930 1502 986 ﬁeret
1529 931 1761 1002 impetus
1786 947 1910 1003 pro-

333 1018 728 1087 meerristum
745 1021 797 1074 in
817 1019 1098 1088 Joannem,
1121 1036 1227 1077 non
1254 1032 1490 1094 negaret.
1510 1021 1696 1097 (Erant
1720 1026 1917 1096 quippe

335 1107 387 1161 in
437 1108 527 1162 illo
577 1109 718 1164 vires
761 1124 988 1180 magnae,
1014 1108 1205 1180 quibus
1245 1112 1543 1181 appellatus
1593 1122 1675 1169 est
1712 1116 1917 1171 amicus

334 1199 517 1268 sponsi
548 1198 741 1271 [Joan.
786 1216 864 1269 ιιι,
894 1199 1019 1273 29].
1048 1200 1233 1272 Magna
1278 1202 1333 1257 in
1360 1202 1451 1258 illo
1487 1204 1678 1274 gratia,
1725 1220 1916 1276 magna

333 1289 642 1345 excellentia
675 1310 688 1346 :
725 1292 788 1345 In
815 1293 945 1346 natis
971 1292 1237 1347 mulierum
1265 1310 1410 1348 nemo
1430 1296 1713 1349 exsurrexit
1751 1298 1918 1366 major

331 1378 535 1435 Joanne
560 1380 794 1450 Baptista
828 1381 1056 1455 [Matth.
1083 1399 1160 1451 xl,
1193 1384 1252 1438 ll
1279 1382 1363 1455 ]).
1389 1384 1532 1456 Ergo
1555 1386 1609 1440 in
1638 1385 1789 1441 illum
1817 1386 1916 1441 im-

333 1478 492 1541 petus
531 1470 704 1526 factus
747 1481 852 1539 est,
893 1472 983 1543 qui
1032 1487 1139 1527 non
1185 1472 1416 1529 habebat
1462 1474 1595 1530 tales
1623 1476 1809 1533 vires:
1857 1476 1919 1532 fit

331 1560 563 1632 impetus
585 1563 638 1617 in
668 1563 903 1629 Petrum,
932 1578 1039 1619 non
1068 1563 1127 1619 ﬁt
1154 1564 1206 1619 in
1233 1564 1515 1621 Joannem.
1544 1566 1753 1622 Etenim
1776 1566 1917 1623 vires

331 1651 475 1719 ipsas
501 1652 691 1707 Petrus
731 1661 852 1723 post
874 1654 1112 1723 accepit;
1155 1663 1281 1710 tunc
1308 1664 1485 1710 autem
1526 1655 1774 1712 inﬁrmus
1796 1655 1913 1713 luit.

332 1741 440 1797 Pro
478 1742 672 1798 Christi
722 1745 937 1800 nomine
966 1745 1054 1800 ille
1081 1744 1435 1816 interrogatur
1475 1746 1568 1817 qui
1613 1747 1755 1802 vires
1805 1763 1916 1805 non

332 1833 562 1890 habebat
588 1851 602 1888 :
629 1836 717 1891 ille
741 1837 829 1907 qui
858 1836 1085 1891 habebat
1107 1837 1268 1904 vires,
1296 1851 1402 1892 non
1426 1837 1621 1907 patitur
1649 1853 1905 1907 persecu-

332 1924 541 1980 tionem
558 1936 777 1996 propter
796 1925 1066 1982 Christum
1090 1942 1106 1993 ;
1139 1941 1206 1982 ne
1235 1942 1333 1997 pro
1362 1929 1577 1984 nomine
1599 1926 1796 1986 Christi
1819 1944 1915 1984 an-

331 2016 602 2073 tecederet
655 2018 944 2073 Christum.
993 2018 1111 2075 Non
1155 2019 1413 2076 occiditur
1460 2035 1491 2074 a
1537 2020 1774 2089 Iudaeis,
1820 2025 1911 2094 qui

330 2109 644 2177 perhibebat
673 2110 894 2165 liberum
927 2111 1284 2166 testimonium
1309 2111 1542 2179 Christo,
1570 2128 1729 2184 quem
1757 2116 1911 2170 occi-

330 2196 525 2252 derunt
551 2198 717 2254 Judaei
747 2216 762 2265 ;
806 2210 859 2256 et
883 2199 1135 2256 occiditur
1168 2199 1234 2257 ab
1274 2202 1504 2269 Herode,
1532 2204 1654 2274 quia
1699 2205 1911 2262 dicebat

326 2289 399 2353 ei,
429 2287 551 2343 Non
577 2291 664 2344 tibi
704 2289 818 2345 licet
859 2291 1040 2346 habere
1077 2308 1285 2347 uxorem
1306 2294 1484 2364 fratris
1522 2295 1594 2348 tui
1636 2293 1748 2364 (Id.
1796 2312 1909 2364 xrv,

326 2379 506 2451 5-H).
537 2380 719 2451 Neque
742 2381 882 2437 enim
914 2381 1076 2438 frater
1103 2381 1218 2453 ejus
1240 2384 1355 2440 sine
1386 2385 1698 2454 posteritate
1721 2385 1914 2441 deces-

324 2482 488 2526 serat.
540 2473 644 2528 Pro
682 2473 797 2544 lege
840 2474 1054 2545 quidem
1095 2476 1351 2545 veritatis,
1398 2491 1495 2547 pro
1535 2478 1839 2548 aequalitate
1867 2478 1909 2546 ι,

326 2575 423 2629 pro
443 2561 649 2630 justitia
678 2582 692 2618 :
718 2564 837 2619 ideo
862 2574 1098 2632 sanctus,
1130 2565 1251 2621 ideo
1290 2575 1525 2639 martyr;
1554 2567 1647 2622 sed
1679 2582 1785 2623 non
1827 2576 1910 2623 ta-

324 2665 448 2704 men
494 2667 590 2720 pro
637 2653 731 2708 illo
758 2655 990 2720 nomine,
1039 2669 1144 2727 quo
1172 2655 1447 2711 christiani
1498 2672 1701 2714 sumus.
1732 2656 1910 2727 Quare

324 2737 444 2803 hoc,
484 2742 583 2796 nisi
617 2752 673 2798 ut
711 2743 1037 2815 impleretur,
1094 2744 1383 2819 Singularis
1432 2764 1522 2821 ego
1548 2765 1683 2817 sum,
1742 2751 1902 2806 donec

322 2839 579 2885 transeam
597 2833 623 2887 .’

328 2936 1909 2968 -——-_._________________,

736 3019 820 3081 IN
862 3021 1241 3085 PSALMUM
1276 3023 1468 3087 CXLI

842 3138 847 3144 ’
924 3141 1334 3205 ENARRATJO.

854 3246 1028 3289 senato
1056 3250 1125 3289 an
1151 3242 1408 3291 Poruwl.

392 3320 447 3375 i.
480 3319 817 3377 Solemnitati
840 3332 1151 3394 martyrum,
1179 3325 1319 3380 sicut
1339 3325 1552 3382 devotio
1576 3326 1902 3385 celebritatis

329 3420 543 3476 vestrae,
570 3412 645 3467 ita
667 3419 866 3468 nostra:
899 3413 1168 3469 servitutis
1194 3429 1371 3471 sermo
1394 3415 1636 3473 debetur.
1659 3417 1767 3474 Sed
1794 3434 1906 3475 mc-

322 3503 545 3560 minisse
596 3512 809 3575 oportet
848 3504 1174 3563 Charitatem
1213 3515 1467 3576 vestram,
1518 3508 1770 3566 hesterno
1815 3510 1904 3567 die

321 3607 481 3663 quam
507 3594 670 3650 multa
697 3594 837 3651 dicta
870 3597 996 3653 sint.
1023 3596 1141 3653 Non
1181 3598 1322 3655 enim
1346 3598 1471 3671 quia
1496 3610 1713 3671 propter
1735 3602 1903 3658 avidi-

324 3692 488 3740 tatem
518 3685 793 3743 interioris
818 3689 929 3743 oris
949 3688 1115 3745 vestri
1138 3703 1234 3759 per
1254 3697 1422 3744 totum
1451 3704 1753 3748 sermonem
1779 3701 1900 3749 tan-

318 3788 477 3844 quam
507 3786 750 3832 recentes
769 3776 1034 3847 adfuistis,
1069 3789 1347 3850 propterea
1376 3780 1616 3838 oblivisci
1641 3783 1900 3841 debemus

320 3865 646 3922 infirmitatis
669 3869 971 3926 communis
995 3887 1009 3925 :
1034 3871 1205 3940 primo
1225 3872 1348 3943 quia
1369 3881 1425 3929 et
1450 3872 1715 3931 honorare
1734 3891 1898 3946 opor-

320 3964 398 4011 tet
427 3958 588 4012 vcrba
619 3959 893 4028 praeclara,
915 3960 1054 4016 sicut
1079 3962 1334 4032 scriptum
1360 3971 1481 4031 est,
1509 3964 1771 4021 Praeclara
1799 3982 1897 4022 au-

316 4055 425 4103 tem
450 4050 609 4105 verba
628 4051 902 4121 sapientiae
925 4053 1135 4109 Domini
1158 4054 1253 4110 Dei
1292 4063 1436 4111 sunt.
1480 4056 1584 4112 Per
1603 4072 1705 4114 nos
1727 4060 1748 4090 ²
1777 4067 1896 4113 tan-

325 4152 486 4207 quam
516 4154 611 4209 per
637 4143 849 4198 vascula
896 4143 1047 4200 vobis
1089 4146 1458 4202 ministrantur
1485 4166 1499 4202 :
1529 4156 1585 4204 et
1622 4149 1669 4203 si
1715 4148 1893 4206 ﬁctilia

316 4237 444 4283 sunt
468 4244 592 4285 vasa
618 4272 633 4297 ,
665 4232 759 4287 sed
801 4236 954 4303 panis
979 4235 1213 4293 cmlestis
1258 4245 1360 4293 est.
1390 4239 1678 4309 Apostolus
1718 4238 1848 4296 dicit
1874 4258 1888 4294 :

316 4317 574 4374 Habemus
603 4322 891 4378 thesaurum
918 4325 1070 4379 istum
1091 4327 1144 4381 in
1169 4329 1300 4383 vasis
1318 4329 1574 4397 ﬁctilibus,
1596 4340 1651 4384 ut
1669 4332 1893 4387 eminen-

314 4408 386 4461 tia
412 4409 609 4465 virtutis
630 4412 696 4466 sit
722 4411 822 4467 Dei
847 4413 868 4483 (
890 4413 934 4468 ll
963 4414 1088 4481 (ζον.
1112 4432 1188 4482 tv,
1218 4418 1250 4471 7
1267 4415 1313 4488 ).
1342 4419 1444 4485 Qui
1466 4429 1645 4476 autem
1672 4421 1890 4477 thesau-

318 4512 436 4563 rus,
465 4498 605 4555 idem
626 4510 682 4557 et
699 4504 872 4572 panis.
898 4503 1032 4560 Nam
1058 4506 1105 4561 si
1132 4522 1240 4563 non
1272 4507 1411 4564 idem
1436 4520 1582 4566 esset
1604 4510 1889 4568 thesaurus

315 4595 369 4641 et
392 4589 565 4659 panis,
590 4607 696 4648 non
722 4593 791 4650 de
815 4595 933 4666 ipso
960 4596 1212 4654 thesauro
1253 4599 1382 4656 alibi
1411 4601 1669 4672 scriptum
1696 4611 1840 4661 esset
1871 4622 1885 4658 :

311 4677 599 4739 Thesaurus
625 4684 969 4743 desiderabilis
1007 4691 1272 4761 requiescit
1312 4693 1367 4746 in
1395 4708 1482 4747 ore
1512 4695 1794 4765 sapientis;
1815 4697 1891 4751 vir

310 4778 473 4825 autem
501 4774 681 4829 stultus
708 4776 857 4847 glutit
897 4778 1045 4832 illum
1082 4777 1103 4852 (
1126 4779 1281 4835 Prov.
1311 4797 1423 4847 χχι,
1447 4782 1519 4838 20
1537 4784 1579 4854 ).
1612 4783 1764 4840 Unde
1790 4784 1888 4840 ad-

310 4874 588 4917 monemus
636 4863 960 4922 Charitatem
1005 4876 1237 4923 vestram
1282 4878 1339 4924 ut
1365 4885 1428 4926 ea
1472 4887 1591 4942 quae
1624 4873 1889 4932 audiendo

311 4958 560 5021 tanquam
580 4964 766 5012 ventre
785 4959 1062 5014 memoria:
1088 4959 1334 5025 conditis,
1358 4976 1543 5017 rursus
1563 4965 1887 5022 revolvenda

305 5050 362 5095 et
386 5043 665 5113 cogitando
693 5048 1082 5117 quodammodo
1118 5052 1415 5108 ruminetis.
1463 5053 1576 5108 Hoc
1613 5062 1695 5110 est
1719 5056 1884 5123 enim,

305 5129 594 5190 Thcsaurus
639 5136 983 5195 desiderabilis
1023 5144 1285 5212 requiescit
1308 5145 1363 5199 in
1391 5162 1478 5201 ore
1509 5148 1786 5219 sapientis;
1811 5150 1888 5204 vir

304 5231 472 5278 autem
499 5220 683 5282 stultus
708 5230 854 5300 glutit
890 5233 1034 5287 illum
1055 5249 1075 5288 :
1118 5234 1349 5293 breviter
1371 5237 1521 5306 dixit,
1550 5238 1770 5310 Sapiens
1790 5243 1884 5297 ru-

303 5312 494 5383 minat,
524 5318 716 5375 stultus
754 5336 859 5377 non
883 5325 1133 5380 ruminat.
1160 5326 1275 5383 Hoc
1301 5337 1479 5385 autem
1516 5339 1701 5401 aperte
1728 5341 1782 5389 et
1807 5333 1883 5388 la-

303 5402 417 5459 tine
446 5407 571 5475 quid
599 5412 725 5464 est?
749 5410 972 5482 Sapiens
992 5415 1191 5484 cogitat
1214 5433 1276 5473 ea
1313 5435 1432 5489 qua:
1455 5420 1713 5488 audierit;
1745 5425 1881 5479 stul-

302 5501 387 5549 tus
410 5504 587 5553 autem
613 5500 790 5557 audita
810 5503 1062 5559 oblivioni
1090 5506 1264 5561 tradit.
1283 5507 1466 5580 Neque
1492 5509 1633 5567 enim
1662 5522 1881 5583 propter

363 5608 383 5675 ξ
407 5615 510 5658 Duo
529 5616 657 5675 Mss,
676 5626 764 5675 pro
784 5614 1023 5675 (equitate.

364 5669 783 5752 {fgitjapieitu're
808 5669 959 5752 deest.
981 5677 1249 5752 in'aliquot
1269 5687 1440 5752 M_ss.—.-
1458 5688 1531 5752 ξι.
1564 5685 1709 5752 ῳεά.
1750 5694 1875 5738 Ven.

296 5738 493 5853 3ὲῖωῶ
510 5734 805 5846 εξιέιδὴθηι,
823 5736 1100 5847 nisapientia:
1137 5734 1264 5800 sunt,
1288 5742 1475 5794 Domini
1498 5746 1589 5797 Dei
1607 5734 1739 5813 seu,
1766 5734 1876 5812 qua

494 5829 510 5858 ,
621 5829 634 5843 .
863 5834 876 5846 .

624 5877 845 5958 Senex.
889 5883 1163 5945 Aucesr.
1211 5885 1314 5947 ιγ.

269 5930 301 5963 L
332 5952 341 5961 .

1425 361 1821 422 ENARRATIO
1857 363 1924 421 IN
1962 365 2288 427 PSALMUM
2325 370 2505 430 CXLI.

3466 392 3605 450 1855

2027 478 2172 573 aliud
2196 481 2251 537 in
2274 482 2435 554 Lege,
2462 484 2658 543 munda
2683 502 2745 544 ea
2772 490 2912 548 dicta
2934 502 3059 550 sunt
3105 501 3355 556 animalia
3379 517 3498 573 quae
3515 522 3607 562 ru.

2023 572 2249 641 minant,
2266 574 2536 632 immunda
2551 593 2669 649 qum
2684 596 2791 636 non
2815 585 3084 643 ruminant
3112 588 3292 659 (Levit.
3314 572 3410 661 xn,
3437 595 3562 669 2-8)
3586 615 3604 655 ;

2025 677 2147 717 nam
2177 674 2420 722 creatura
2448 667 2541 723 Dei
2582 672 2756 727 omnis
2781 676 2975 743 munda
2998 686 3098 733 est.
3128 680 3334 739 Artiﬁci
3360 685 3469 743 Deo
3498 667 3606 747 tam

2022 754 2252 810 mundus
2288 763 2374 812 est
2411 772 2603 827 porcus
2627 777 2786 831 quam
2808 779 2994 837 agnus.
3024 766 3236 828 Creavit
3258 776 3399 832 enim
3422 781 3603 837 omnia

2022 839 2161 897 bona
2185 844 2341 901 valde
2372 845 2539 918 (Gen.
2564 866 2603 915 ι,
2631 850 2734 925 51)
2761 870 2776 908 :
2799 863 2872 923 et,
2902 855 3078 914 Omnis
3100 872 3331 919 creatura
3356 866 3454 923 Dei
3471 868 3607 926 bona

2022 940 2114 999 est,
2131 932 2260 989 dicit
2294 936 2583 1006 Apostolus
2620 941 2661 1014 (ι
2686 942 2815 997 Tim.
2845 960 2922 1013 tv,
2950 947 3058 1019 4);
3081 959 3135 1006 et
3153 993 3169 1019 ,
3205 952 3390 1010 Omnia
3412 961 3605 1015 munda

2022 1027 2225 1121 mundis
2252 1028 2377 1101 (Tit.
2410 1032 2583 1105 1,15).
2610 1034 2741 1091 Cum
2769 1052 2898 1109 ergo
2927 1038 2980 1095 in
3008 1050 3195 1099 natura
3222 1055 3507 1121 utrumque
3534 1055 3607 1109 sit

2022 1119 2312 1191 mundum;
2341 1124 2723 1195 signiﬁcatione
2739 1136 2917 1187 tamen
2936 1146 3105 1204 agnus
3127 1136 3392 1207 signiﬁcat
3405 1119 3604 1214 aliquid

2020 1210 2315 1280 mundum,
2366 1230 2558 1283 porcus
2615 1220 2879 1288 signiﬁcat
2952 1224 3151 1296 aliquid
3222 1210 3598 1293 immundum:

2020 1313 2189 1371 agnus
2229 1302 2492 1374 significat
2538 1309 2894 1370 innocentiam
2935 1318 3206 1387 sapientiae
3243 1324 3601 1395 ruminantis;

2022 1404 2215 1459 porcus
2268 1394 2530 1465 signiﬁcat
2572 1398 2957 1461 immunditiam
3001 1410 3239 1467 stultitize
3279 1413 3602 1475 obliviscen-

2022 1478 2112 1535 tis.
2140 1481 2326 1538 Brevis
2351 1484 2596 1545 Psalmus
2618 1505 2716 1560 pro
2729 1494 3063 1555 solemnitate
3088 1500 3391 1574 dictusest;
3414 1509 3623 1579 videam

2020 1586 2142 1626 mus
2160 1585 2227 1627 an
2245 1575 2415 1644 possit
2440 1577 2601 1634 etiam
2626 1580 2859 1639 breviter
2888 1589 3123 1645 tractari.

2089 1661 2144 1716 2.
2174 1662 2198 1737 [
2222 1680 2351 1721 vers.
2377 1666 2434 1721 2.
2458 1666 2480 1742 ]
2520 1669 2652 1725 Voce
2678 1689 2790 1728 mea
2812 1676 2882 1730 ad
2908 1677 3184 1738 Dominum
3212 1686 3446 1745 clamavi.
3476 1690 3602 1749 Suf-

2020 1751 2225 1823 ﬁceret,
2262 1755 2394 1813 Voce
2419 1760 2489 1814 ad
2507 1760 2786 1819 Dominum
2812 1765 3028 1824 clamavi
3040 1785 3063 1836 ,°
3108 1772 3246 1831 forte
3272 1792 3378 1834 non
3404 1779 3601 1838 frustra

2019 1844 2256 1902 additum
2277 1859 2381 1917 est,
2412 1868 2543 1907 mea.
2571 1852 2722 1911 Multi
2751 1857 2893 1913 enim
2919 1860 3151 1919 clamant
3188 1866 3256 1922 ad
3293 1868 3599 1942 Dominum,

2018 1950 2125 1991 non
2151 1952 2280 1994 voce
2303 1953 2421 2009 sua,
2455 1942 2550 1999 sed
2575 1959 2705 2002 voce
2728 1952 2968 2021 corporis
2998 1953 3102 2009 sui.
3150 1956 3323 2015 Homo
3349 1976 3478 2033 ergo
3518 1965 3602 2020 in-

2021 2029 2216 2122 terior,
2274 2032 2328 2088 in
2378 2049 2483 2105 quo
2530 2040 2693 2109 coepit
2734 2040 2974 2101 habitare
3010 2046 3250 2106 Christus
3295 2068 3392 2122 per
3414 2029 3603 2114 itidem

2022 2117 2235 2211 (Epltes.
2266 2137 2344 2189 ιιι,
2372 2122 2485 2197 l7),
2516 2142 2646 2184 voce
2666 2142 2782 2199 sua,
2825 2147 2929 2189 non
2958 2134 3013 2191 in
3044 2140 3270 2210 strepitu
3295 2117 3599 2211 ilabiorum.

2017 2208 2111 2264 sed
2140 2210 2193 2265 in
2216 2211 2406 2268 allecto
2432 2218 2608 2273 cordis
2638 2220 2835 2278 clamet
2880 2225 2948 2280 ad
2991 2208 3295 2287 Dominum.
3344 2233 3460 2290 Non
3509 2208 3599 2293 ubi

2017 2296 2179 2354 homo
2206 2302 2371 2368 audit,
2400 2304 2471 2359 ibi
2504 2307 2642 2363 Deus
2669 2310 2816 2367 audit
2842 2329 2856 2366 :
2882 2315 2985 2371 nisi
3019 2332 3150 2375 voce
3192 2321 3501 2391 pulmonum
3543 2336 3600 2384 et

2017 2388 2240 2447 laterum
2266 2403 2323 2449 et
2342 2394 2535 2467 lingua:
2554 2398 2774 2467 clames,
2822 2402 2985 2461 homo
3011 2414 3063 2464 te
3088 2388 3208 2465 non“
3223 2411 3404 2481 audit;
3452 2417 3600 2487 cogi-

2016 2480 2148 2536 tatio
2178 2490 2265 2538 tua
2291 2484 2491 2541 clamor
2511 2497 2595 2543 est
2621 2489 2688 2545 ad
2719 2492 3021 2551 Dominum.
3081 2497 3212 2556 Voce
3251 2518 3362 2557 mea
3384 2506 3453 2559 ad
3483 2480 3596 2562 ᾖο-

2015 2568 2211 2625 minum
2254 2573 2470 2629 clamavi
2484 2592 2507 2641 ;
2551 2593 2669 2635 voce
2710 2597 2821 2636 mea
2862 2585 2931 2638 ad
2979 2585 3253 2645 Dominum
3300 2593 3597 2665 deprecatus

2014 2679 2147 2719 sum.
2168 2664 2317 2734 Quod
2344 2667 2497 2758 dixit,
2518 2672 2731 2728 clamavi
2750 2691 2770 2740 ;
2789 2679 3053 2748 exposuit,
3083 2695 3203 2737 cum
3233 2664 3384 2749 dixit,
3414 2687 3597 2758 depre-

2015 2762 2311 2846 catussum.
2362 2756 2607 2816 Clamant
2643 2762 2786 2818 enim
2832 2765 2897 2820 ad
2926 2767 3205 2827 Dominum
3246 2782 3301 2830 et
3338 2776 3429 2846 qui
3475 2756 3596 2833 bla-

2013 2842 2313 2913 sphemant.
2361 2846 2420 2902 In
2466 2850 2728 2918 superiori
2770 2869 2929 2911 versu
2965 2857 3255 2917 clamorem
3294 2842 3490 2935 posuit,
3540 2869 3596 2924 in

2012 2935 2257 3005 sequenti
2283 2936 2571 2994 clamorem
2597 2946 2861 3012 exposuit.
2909 2945 3071 3013 Quasi
3109 2952 3427 3023 exigeretur,
3476 2955 3595 3024 Quo

2012 3023 2247 3083 clamore
2283 3027 2523 3087 clamasti
2553 3031 2621 3087 ad
2680 3034 2999 3094 Dominum?
3038 3041 3121 3095 Ad
3160 3040 3458 3116 Dominum,
3506 3023 3592 3106 in-

2011 3118 2145 3187 quit,
2170 3119 2463 3190 deprecatus
2490 3140 2601 3179 sum
2626 3140 2648 3179 :
2675 3126 2879 3184 clamor
2901 3145 3073 3199 meus,
3107 3133 3411 3207 deprecatio
3437 3155 3592 3208 mea;

2011 3221 2118 3263 non
2141 3210 2459 3279 convicium,
2494 3228 2604 3269 non
2629 3230 2890 3284 murmur,
2923 3235 3028 3275 non
3055 3222 3417 3295 blasphemia.

2006 3491 2297 3550 conspectu
2318 3481 2479 3553 ejus?
2508 3484 2608 3541 Ubi
2635 3487 2798 3557 videt,
2829 3488 2929 3546 Ubi
2955 3502 3132 3549 autem
3162 3512 3268 3552 non
3298 3500 3482 3557 videt?
3512 3503 3589 3560 lta

2006 3572 2150 3628 enim
2175 3572 2419 3642 dicimus,
2473 3574 2576 3634 Ubi
2608 3579 2774 3651 videt,
2800 3583 2951 3652 quasi
3002 3584 3194 3642 alicubi
3237 3605 3342 3646 non
3391 3593 3584 3651 videat.

2006 3662 2114 3721 Sed
2136 3665 2191 3720 in
2221 3667 2324 3722 isto
2348 3677 2491 3723 coetu
2517 3685 2698 3726 rerum
2736 3673 3091 3743 corporalium
3121 3678 3301 3735 vident
3327 3690 3383 3738 et
3410 3682 3587 3740 homi-

2004 3771 2123 3823 nes,
2162 3758 2343 3814 vident
2364 3768 2420 3815 et
2439 3762 2685 3818 animalia
2713 3780 2729 3819 :
2754 3764 2841 3821 ille
2866 3776 3042 3823 autem
3063 3769 3205 3826 videt
3228 3781 3281 3827 et
3310 3774 3399 3830 ubi
3426 3776 3587 3834 homo

2004 3862 2109 3904 non
2140 3849 2302 3905 videt.
2330 3850 2464 3907 Nam
2490 3854 2865 3924 cogitationem
2910 3868 3051 3914 tuam
3086 3863 3263 3919 nullus
3306 3865 3584 3926 hominum

2003 3939 2167 4008 videt,
2226 3941 2368 3997 Deus
2412 3953 2590 3999 autem
2619 3946 2781 4003 videt.
2811 3947 2887 4005 lbi
2937 3965 3068 4023 ergo
3110 3954 3324 4013 effunde
3370 3974 3582 4029 precem

2005 4036 2169 4098 tuam,
2197 4031 2285 4087 ubi
2311 4033 2458 4088 solus
2482 4034 2570 4090 ille
2592 4037 2735 4094 videt
2761 4041 2851 4109 qui
2879 4056 3205 4101 remunerat.
3229 4048 3360 4104 Nam
3388 4051 3442 4107 in
3461 4054 3584 4110 abs-

2001 4120 2216 4177 condito
2246 4132 2299 4178 te
2326 4124 2580 4182 Dominus
2603 4126 2759 4185 Jesus
2786 4130 3028 4190 Christus
3063 4135 3221 4206 jussit
3259 4158 3413 4199 orare
3441 4163 3455 4199 :
3484 4149 3580 4203 sed

2001 4210 2044 4265 si
2071 4226 2327 4282 agnoscas
2365 4215 2667 4272 cubiculum
2699 4227 2868 4289 tuum,
2907 4232 2962 4280 et
3008 4228 3252 4298 mundes,
3305 4232 3375 4289 ibi
3426 4251 3583 4308 rogas

2002 4305 2171 4361 Deum
2202 4310 2240 4360 ί.
2292 4307 2419 4363 Cum
2464 4320 2634 4366 autem
2669 4315 2844 4382 oratis,
2875 4317 3066 4389 inquit,
3110 4323 3262 4379 nolite
3305 4342 3411 4382 esse
3449 4305 3583 4385 sicut

1999 4394 2297 4467 hypocriten,
2347 4401 2433 4471 qui
2457 4411 2591 4455 stant
2618 4403 2671 4457 in
2708 4403 2889 4475 plateis
2909 4418 2955 4462 et
2979 4410 3101 4466 vicis
3144 4424 3361 4481 orantes,
3406 4430 3458 4473 ut
3504 4424 3581 4476 vi-

1997 4488 2211 4543 deantur
2237 4490 2299 4545 ab
2343 4491 2646 4551 hominibus.
2692 4496 2770 4550 Tu
2809 4509 2978 4553 autent
3019 4519 3133 4557 cum
3174 4523 3310 4574 oras,
3350 4510 3484 4566 intra
3527 4516 3581 4568 in

1996 4579 2284 4636 cubiculum
2310 4590 2471 4649 tuum,
2503 4594 2549 4639 et
2573 4584 2753 4640 claude
2780 4589 2982 4658 ostium,
3032 4602 3077 4646 et
3101 4593 3371 4665 deprecare
3411 4599 3578 4656 Deum

1997 4678 2139 4723 tuum
2163 4670 2217 4724 in
2244 4673 2481 4739 occulto;
2528 4683 2576 4729 et
2616 4676 2702 4746 qui
2722 4676 2853 4732 videt
2904 4678 2959 4734 in
3008 4684 3222 4751 occulto,
3272 4688 3445 4744 reddet
3487 4693 3580 4747 tibi

1997 4758 2210 4832 (Matth.
2241 4778 2313 4829 v1,
2336 4763 2371 4818 5
2389 4772 2436 4817 et
2457 4763 2534 4835 6).
2565 4765 2622 4821 Si
2649 4765 2891 4824 homines
2909 4770 3167 4828 reddituri
3192 4785 3334 4841 sunt,
3364 4775 3577 4837 effunde

1994 4862 2123 4907 ante
2147 4851 2392 4909 homines
2418 4870 2631 4925 precem
2661 4866 2803 4913 tuam
2836 4876 2850 4913 :
2878 4860 2924 4916 si
2956 4860 3096 4918 Deus
3138 4864 3443 4925 redditurus
3469 4881 3568 4937 est,

1994 4941 2207 4999 eﬁ‘unde
2231 4952 2356 5000 ante
2382 4946 2504 5001 eum
2534 4962 2746 5017 precem
2781 4958 2945 5017 tuam,
2972 4961 3027 5007 et
3045 4953 3233 5011 claude
3258 4959 3475 5026 ostium,
3504 4978 3575 5019 ne

1994 5043 2226 5091 tentator
2253 5037 2599 5108 ingrediatur.
2643 5041 2897 5098 Tentator
2920 5059 3025 5099 non
3047 5056 3221 5102 cessat
3244 5050 3470 5119 pulsare,
3515 5068 3577 5110 ut

1992 5127 2252 5198 irrumpat
2277 5145 2293 5195 ;
2319 5130 2364 5185 si
2381 5130 2620 5187 clausum
2646 5131 2931 5202 invenerit,
2962 5137 3171 5194 transit.
3193 5138 3319 5196 Ideo
3340 5143 3574 5213 Aposto-

1990 5219 2094 5287 lus,
2133 5221 2257 5290 quia
2305 5219 2359 5277 in
2398 5231 2580 5279 nostra
2626 5232 2891 5293 potestate
2927 5236 3010 5282 est
3055 5228 3250 5285 ostium
3283 5232 3571 5292 claudere:

1990 5311 2183 5366 ostium
2199 5311 2398 5380 cordis,
2430 5330 2535 5369 non
2559 5315 2855 5384 parietum;
2887 5316 2956 5371 ibi
2983 5318 3126 5373 enim
3154 5329 3207 5375 et
3234 5323 3569 5382 cubiculum:

1989 5404 2114 5473 quia
2135 5420 2264 5475 ergo
2288 5405 2343 5461 in
2369 5415 2635 5475 potestate
2659 5414 2839 5461 nostra
2860 5416 2942 5462 est
2967 5408 3067 5463 hoc
3084 5411 3279 5468 ostium
3298 5415 3568 5487 claudere,

1990 5493 2169 5565 Neque
2204 5495 2353 5561 detis,
2401 5496 2590 5564 inquit,
2624 5497 2791 5550 locum
2840 5498 3042 5554 diabolo
3095 5500 3308 5574 (Ep/tes.
3347 5521 3425 5575 tv,
3451 5508 3570 5582 27).

1986 5585 2195 5641 Etenim
2221 5586 2267 5640 si
2304 5586 2519 5641 intravit
2540 5595 2595 5643 et
2623 5587 2880 5657 possedit,
2923 5590 3140 5646 attende
3159 5595 3282 5662 quia
3309 5604 3365 5653 tu
3404 5602 3573 5675 negli-

1983 5685 2169 5748 genter
2193 5676 2427 5732 clausisti
2454 5685 2546 5734 aut
2569 5679 2817 5737 claudere
2845 5681 3145 5752 neglexisti.

2047 5812 2064 5842 ι
2092 5807 2313 5873 plerique
2334 5814 2463 5874 Mss,
2477 5808 2559 5863 ubi
2581 5821 2722 5875 rogas
2743 5818 2915 5861 Deum.
2930 5811 3143 5873 Quidam,
3160 5811 3246 5865 ubi
3264 5827 3373 5869 ores
3395 5826 3562 5874 Deum.

2764 5895 3364 5983 (Cinquante-huit.)
