4080 6462
493 403 627 458 1835

560 514 612 568 ll.
660 510 795 578 Quid
825 515 905 564 est
933 513 1107 560 autem
1138 499 1384 555 claudere
1426 495 1664 552 ostium?
1711 493 1822 548 Hoc
1868 491 2063 545 ostium

490 613 739 673 ianquam
767 590 898 653 duas
919 595 1078 649 habet
1106 592 1319 654 valvas;
1367 585 1691 657 cupiditatis,
1743 589 1797 639 et
1839 581 2064 636 timoris.

488 672 771 760 Auticupis
801 685 994 757 aliquid
1019 693 1310 747 terrenum,
1341 687 1395 733 et
1420 677 1518 731 hac
1547 676 1734 739 intrat;
1783 680 1874 726 aut
1914 672 2067 724 times

487 783 685 854 aiiquid
718 791 1009 843 terrenum,
1031 783 1088 832 et
1111 775 1211 830 hac
1236 773 1418 828 intrat.
1466 767 1696 823 Timoris
1726 780 1850 835 ergo
1877 771 1930 818 et
1972 778 2067 817 cu-

496 851 728 946 piditatis
776 872 989 942 januam
1038 865 1224 922 claude
1265 871 1448 918 contra
1496 858 1786 923 diabolum,
1834 853 1979 925 aperi
2000 851 2066 907 ad

490 942 783 1021 Christum.
857 957 1136 1029 Quomodo
1181 957 1322 1026 ipsas
1361 953 1538 1006 valvas
1583 948 1756 1019 aperis
1804 944 1872 999 ad
1917 942 2068 998 Chri-

497 1055 684 1113 stum?
724 1051 996 1124 Cupiendo
1021 1061 1243 1118 regnum
1279 1043 1558 1106 etelorum,
1611 1035 1846 1093 timendo
1892 1034 2064 1103 ignem

494 1151 876 1220 gehennarum.
905 1144 1003 1197 Per
1029 1138 1371 1210 cupiditatem
1410 1130 1588 1188 saeculi
1617 1126 1857 1184 diabolus
1883 1123 2062 1188 intrat,

492 1213 588 1312 per
613 1236 933 1295 desiderium
961 1233 1084 1286 vitae
1113 1237 1326 1284 aeternae
1369 1223 1611 1280 Christus
1647 1220 1811 1273 intrat
1835 1233 1850 1270 :
1879 1230 1974 1283 per
2003 1213 2066 1266 ti-

487 1304 688 1390 morem
714 1328 992 1400 ptenarum
1021 1318 1391 1390 temporalium
1414 1313 1659 1370 diabolus
1684 1311 1867 1370 intrat,
1886 1320 1982 1376 per
2011 1304 2066 1357 ti-

485 1439 685 1479 morem
717 1421 850 1492 ignis
874 1417 1057 1472 acterni
1101 1413 1341 1468 Christus
1385 1409 1564 1462 intrat.
1617 1403 1757 1457 Ecce
1801 1406 2066 1467 martyres

487 1517 792 1571 clauserunt
831 1513 1044 1581 januam
1093 1513 1276 1560 contra
1325 1498 1615 1563 diabolum,
1674 1493 1885 1548 Christo
1935 1503 2062 1557 ape-

484 1617 726 1664 ruerunt.
769 1601 1021 1660 Promisit
1049 1599 1126 1654 eis
1153 1597 1315 1650 multa
1365 1588 1596 1646 mundus
1636 1587 1734 1640 iste
1766 1602 1778 1636 Ï„
1807 1583 2060 1646 riserunt,

484 1699 790 1753 clauserunt.
837 1694 1042 1747 valvam
1107 1681 1410 1756 cupiditatis
1452 1679 1706 1735 adversus
1769 1670 2060 1727 diabolum.

480 1789 704 1843 Minatus
729 1793 810 1841 est
836 1781 1066 1838 mundus
1101 1779 1203 1833 iste
1225 1773 1442 1838 bestias,
1493 1771 1659 1840 ignes,
1691 1777 1876 1820 cruces
1910 1781 1923 1816 :
1954 1776 2062 1815 non

485 1881 804 1939 timuerunt,
846 1874 1154 1927 clauserunt
1181 1864 1384 1921 timoris
1413 1861 1615 1916 valvam
1647 1863 1829 1911 contra
1873 1853 2062 1908 diabo-

481 1970 610 2024 lum.
659 1966 943 2020 Videamus
969 1962 1010 2015 si
1041 1961 1362 2029 aperuerunt
1389 1965 1479 2006 eas
1521 1947 1770 2003 Christo:
1798 1943 1897 2011 Qui
1924 1951 2057 1995 'con.

481 2063 642 2129 fessus
665 2074 763 2122 me,
795 2053 980 2124 inquit,
1027 2049 1177 2119 fuerit
1221 2059 1394 2099 coram
1440 2037 1742 2101 hominibus,
1793 2030 2062 2101 confitebor

479 2126 622 2204 illum
646 2156 692 2201 et
719 2163 808 2218 ego
834 2160 1000 2198 coram
1039 2141 1187 2195 Patre
1213 2152 1343 2201 meo,-
1369 2133 1454 2205 qui
1481 2141 1553 2185 est
1586 2130 1639 2182 in
1690 2128 1845 2181 caelis.
1899 2126 2059 2178 Ama-

479 2248 667 2296 verunt
691 2216 818 2306 ergo
845 2248 1065 2304 regnum
1110 2229 1391 2291 caelorum,
1446 2223 1537 2276 ubi
1580 2235 1673 2274 cos
1719 2216 2061 2272 confitebitur

478 2333 738 2387 Christus.
767 2323 1047 2396 Quomodo
1072 2336 1164 2376 eos
1195 2315 1538 2373 confessurus
1567 2310 1690 2365 cst?
1729 2307 1921 2372 Venite,
1975 2306 2060 2358 be-

479 2425 661 2480 nedicti
693 2421 861 2476 Patris
883 2419 996 2482 mei,
1022 2414 1261 2487 percipite
1281 2423 1488 2480 regnum
1511 2404 1641 2475 quod
1669 2401 1806 2456 vobis
1829 2407 2060 2471 paratum

478 2527 550 2573 est
575 2517 636 2570 ab
647 2515 838 2584 origine
859 2509 1035 2564 mundi
1051 2504 1262 2581 (Matth.
1289 2517 1416 2565 xxv,
1437 2500 1549 2568 5i).
1570 2494 1920 2552 Confitebitur
1941 2491 2060 2545 illos

477 2608 542 2664 ad
569 2583 841 2663 dexteram
873 2603 1093 2672 positos.
1127 2596 1412 2652 Videamus
1447 2591 1490 2646 si
1527 2598 1581 2644 et
1615 2586 1826 2642 timoris
1853 2583 2059 2638 valvam

476 2701 688 2756 Christo
731 2699 1074 2767 aperuerunt,
1117 2701 1276 2759 quam
1318 2682 1532 2739 diabolo
1568 2679 1894 2734 clauserunt.
1940 2673 2060 2729 Uno

478 2765 780 2863 eodemque
816 2790 934 2844 loco
970 2785 1224 2841 Dominus
1252 2785 1434 2834 monet
1478 2778 1598 2838 hoc,
1645 2779 1704 2826 ut
1747 2778 1800 2824 et
1846 2765 2061 2822 diabolo

478 2861 772 2948 claudatur,
806 2890 860 2937 et
883 2879 979 2933 sibi
1006 2876 1295 2948 aperiatur.
1331 2867 1530 2934 Nolite,
1561 2861 1749 2934 inquit,
1778 2861 1951 2913 timere
1973 2873 2058 2912 eos

478 2975 565 3051 qui
592 2987 772 3047 corpus
794 2969 1050 3034 occidunt,
1102 2967 1322 3020 animam
1349 2968 1517 3014 autem
1546 2971 1648 3010 non
1685 2958 1892 3023 possunt
1925 2949 2059 3003 occi-

480 3041 598 3126 dere
619 3087 637 3124 :
662 3041 868 3123 monuit
893 3071 948 3117 ut
979 3058 1184 3115 timoris
1204 3055 1350 3110 valva
1401 3054 1452 3105 in
1487 3048 1676 3104 faciem
1713 3043 1928 3100 diabolo
1957 3041 2059 3097 eli-

481 3163 716 3218 deretur.
743 3158 884 3227 Ergo
911 3152 1039 3208 nihil
1063 3157 1145 3205 est
1173 3143 1497 3202 timendum?
1528 3139 1640 3194 Non
1670 3151 1797 3206 ergo
1825 3133 2060 3204 aperitur

479 3255 655 3308 aditus
681 3226 886 3306 timoris
905 3243 1140 3306 Christo,
1170 3240 1258 3310 qui
1277 3238 1486 3293 clausus
1503 3241 1583 3288 est
1607 3229 1846 3286 diabolo?
1870 3226 2057 3281 Statim

480 3345 736 3412 subjecit,
784 3349 1030 3407 tanquam
1077 3333 1280 3394 dicens,
1334 3323 1621 3382 Exelusisti
1671 3322 1848 3383 illum,
1901 3317 2048 3386 aperi

482 3435 611 3490 mihi
645 3451 658 3488 :
689 3430 792 3486 Sed
822 3436 933 3482 cum
959 3427 1144 3487 timete,
1171 3419 1358 3488 inquit,
1393 3416 1477 3486 qui
1521 3414 1665 3466 habet
1694 3418 1984 3482 potestatem
2014 3417 2061 3460 et

481 3527 701 3579 animum
727 3529 771 3576 et
790 3531 972 3587 corpus
991 3513 1217 3568 occidere
1239 3511 1289 3562 in
1311 3508 1537 3579 gehenna
1568 3504 1697 3574 ignis
1735 3500 1844 3571 (Id.
1877 3515 1929 3562 x,
1968 3495 2055 3562 32,

481 3617 593 3683 9.8).
653 3613 768 3667 Jam
817 3621 944 3678 ergo
993 3605 1038 3659 si
1085 3598 1378 3663 credidisti,
1431 3605 1484 3651 et
1525 3592 1774 3662 aperuisti
1821 3588 2050 3654 Christo,

483 3676 667 3760 claude
695 3676 898 3756 contra
925 3692 1215 3749 diabolum.
1243 3687 1392 3742 Intus
1422 3692 1504 3740 est
1549 3681 1810 3743 Christus,
1866 3677 1934 3731 ibi
1965 3676 2060 3730 ha-

484 3795 617 3850 bitat
645 3810 657 3845 :
691 3787 902 3846 effunde
930 3793 1052 3839 ante
1080 3795 1200 3837 eum
1236 3791 1443 3848 precem
1473 3783 1638 3838 tuam,
1689 3771 1794 3824 noli
1821 3781 2060 3838 quaerere

483 3893 540 3940 ut
570 3884 636 3939 de
665 3883 821 3951 longe
849 3887 898 3932 te
930 3872 1196 3930 exaudiat.
1239 3869 1352 3923 Non
1377 3865 1517 3920 enim
1551 3863 1706 3930 longe
1733 3867 1815 3914 est
1834 3856 2062 3926 Sapienu

487 3979 560 4032 tia
585 3975 700 4040 Dei,
751 3949 868 4040 quae
901 3965 1148 4039 pertendit
1173 3979 1203 4014 a
1238 3961 1338 4030 ï¬ne
1379 3971 1535 4026 usque
1563 3955 1630 4007 ad
1664 3953 1812 4021 ï¬nem
1844 3949 2060 4022 fortiter,

489 4079 535 4124 et
577 4065 798 4137 disponit
833 4061 1003 4115 omnia
1033 4057 1251 4111 suaviter
1298 4050 1451 4120 (Sap.
1479 4045 1694 4117 vut,1).
1733 4045 1871 4112 Ergo
1921 4042 2061 4095 intus

490 4159 628 4231 apud
653 4134 704 4213 te
735 4158 776 4222 á½·,
801 4163 924 4209 ante
958 4165 1078 4205 eum
1111 4144 1322 4201 effunde
1350 4154 1562 4211 precem
1613 4146 1755 4191 tuam
1786 4154 1799 4189 :
1829 4134 1898 4188 ibi
1941 4140 2064 4187 sunt

492 4265 650 4306 aures
676 4248 811 4319 ejus.
845 4243 975 4310 Quia
1002 4253 1159 4310 neque
1180 4235 1240 4288 ab
1271 4233 1478 4296 oriente,
1520 4244 1676 4298 neque
1707 4227 1769 4279 ab
1789 4225 2060 4288 occidente,

489 4357 647 4412 neque
684 4317 716 4392 a
758 4335 966 4390 desertis
1013 4327 1301 4390 montibus;
1349 4321 1585 4393 quoniam
1631 4318 1765 4372 Deus
1802 4317 1965 4388 judex
1993 4324 2067 4368 est

492 4409 662 4504 (Psal.
696 4441 879 4491 Lutv,
906 4423 960 4496 7)
991 4442 1004 4478 :
1034 4421 1077 4475 si
1105 4428 1278 4474 autem
1303 4413 1468 4486 judex
1488 4420 1592 4478 est,
1617 4409 1823 4480 qualem
1851 4419 2066 4462 causam

494 4540 648 4598 geras
677 4526 730 4577 in
756 4519 915 4576 corde
945 4525 1056 4578 tuo,
1088 4512 1230 4567 vide.

570 4619 622 4672 5.
649 4614 800 4688 [vers.
835 4608 913 4682 4.]
966 4602 1243 4674 Effundam
1264 4608 1378 4652 ante
1397 4612 1508 4651 eum
1536 4607 1728 4664 precem
1764 4605 1947 4653 meam;
1975 4587 2068 4640 tri-

497 4679 800 4763 bulatibnem
830 4679 990 4755 meam
1017 4699 1068 4751 in
1091 4699 1355 4763 conspectu
1376 4689 1484 4759 ejus
1527 4681 1859 4758 annuntiabo.
1897 4679 2072 4748 Repe-

498 4806 614 4861 titio
634 4810 731 4862 est,
771 4808 824 4855 et
851 4799 903 4853 in
931 4791 1294 4865 superioribus
1315 4787 1520 4842 duobus
1544 4782 1805 4845 versibus,
1834 4788 1887 4834 et
1912 4778 1964 4833 in
1993 4777 2074 4832 his

499 4891 978 4963 consequentibus;
1013 4881 1290 4940 sententiae
1315 4878 1431 4933 duae
1457 4883 1599 4938 sunt,
1629 4873 1722 4928 sed
1744 4879 1962 4941 utraque
1994 4869 2077 4924 bis

503 4989 660 5044 dicta.
685 4961 804 5041 ï¬Una
833 4989 914 5037 est
936 4979 1046 5043 illa,
1086 4971 1220 5030 Voce
1261 4987 1370 5026 mea
1417 4969 1483 5022 ad
1535 4965 1800 5020 Dominum
1843 4961 2074 5022 clamavi,

504 5098 620 5135 voce
647 5094 757 5132 mea
785 5074 852 5128 ad
881 5069 1156 5127 Dominum
1173 5066 1466 5136 deprecatus
1489 5075 1598 5114 sum
1628 5073 1644 5112 :
1674 5057 1836 5110 altera
1856 5062 1955 5120 est,
1985 5050 2081 5123 Ef-

512 5171 722 5246 fundam
745 5177 861 5222 ante
886 5181 995 5219 eum
1017 5175 1209 5234 precem
1236 5171 1416 5220 meam,
1443 5150 1812 5205 tribulationem
1841 5161 2000 5199 nteant
2027 5145 2082 5196 in

508 5242 776 5336 conspectu
806 5259 913 5330 ejus
945 5251 1271 5309 annuntiabo.
1304 5244 1456 5314 Quod
1483 5242 1625 5298 enim
1655 5249 1756 5303 est,
1788 5247 1904 5292 ante
1932 5251 2082 5300 eum;

507 5360 610 5413 hoc
638 5363 739 5415 est,
771 5355 822 5407 in
851 5355 1117 5419 conspectu
1146 5344 1252 5414 ejus
1277 5357 1294 5394 :
1317 5348 1370 5394 et
1395 5335 1533 5407 quod
1557 5341 1659 5397 est,
1693 5346 1888 5400 precem
1917 5343 2080 5382 meam

517 5447 820 5516 effundam;
868 5417 1104 5501 bocï¬est,
1148 5431 1518 5487 tribulationem
1553 5439 1713 5478 meam
1755 5417 2082 5475 annuntiabo.

515 5537 737 5607 Quando
769 5539 868 5588 hoc
897 5528 1062 5586 facis?
1089 5527 1144 5580 In
1172 5519 1543 5594 persecutione
1564 5514 1771 5586 positus
1811 5510 2041 5580 loquitur
2069 5526 2083 5562 :

521 5630 655 5684 Dum
684 5623 906 5694 defecitâ€™
935 5639 964 5674 a
990 5635 1066 5672 me
1092 5616 1295 5687 spiritus
1325 5625 1483 5664 meus.
1513 5607 1689 5675 Quare
1715 5602 1908 5658 deiecit
1933 5600 2088 5671 spiri-

579 5750 596 5776 Î¹
625 5739 754 5788 1á¼±â€¹1(1.Í¾
785 5745 901 5786 Ecce
922 5734 1049 5784 intus
1073 5736 1140 5779 est
1164 5723 1292 5790 apud
1317 5729 1378 5773 te.
1420 5715 1650 5772 Particula
1671 5752 1684 5778 ,
1703 5723 1790 5776 est,
1813 5721 1918 5764 Mss.
1940 5709 2089 5774 pleri-

516 5808 938 5926 qufgigrï¬grique
973 5863 1076 5904 Mss.
1096 5860 1159 5921 _.-\t
1183 5849 1313 5911 Îœá½°,
1339 5847 1428 5896 hoc
1446 5853 1493 5894 et
1519 5841 1736 5905 proximo
1749 5839 1873 5899 loco,
1908 5831 2086 5900 deï¬cit.

1755 383 1810 440 s.
1852 379 2212 438 AUGUSTIM
2252 341 2547 436 EPISCOPt

3623 380 3756 439 {836

2188 499 2271 545 tus
2289 499 2427 558 tuus,
2451 506 2483 545 Î¿
2508 497 2706 561 martyr
2724 488 2774 542 in
2803 487 3140 544 tribulatione
3171 487 3470 559 posite?Ut
3492 503 3598 545 non
3627 492 3755 546 mihi

2175 595 2416 652 armgem
2442 581 2584 636 vires
2608 595 2777 647 meas,
2811 587 2868 634 ut
2892 580 3057 634 sciam
3080 579 3223 650 quod
3252 581 3386 635 alius
3427 581 3480 636 in
3511 595 3599 637 me
3631 597 3756 651 ope-

2175 681 2322 726 ratur
2345 672 2512 742 ipsam
2527 673 2796 726 virtutem.
2823 671 2948 726 Cum
2977 681 3144 726 autem
3173 687 3260 726 vos
3281 673 3480 728 tradent
3496 674 3755 746 judicibus

2176 759 2273 833 (sic
2303 763 2506 817 monuit
2535 762 2788 817 Dominus
2818 777 2950 833 quos
2981 770 3240 833 martyres
3285 764 3458 819 facere
3494 763 3753 834 volebat),

2173 855 2325 909 nolite
2344 857 2562 924 cogitare
2606 855 2728 924 quid
2751 855 3066 924 loquamini;
3103 873 3204 910 non
3233 857 3366 909 enim
3406 871 3491 911 vos
3523 858 3639 910 estis
3668 874 3756 927 qm

2173 947 2454 1038 loquimini,
2519 946 2607 1027 sed
2642 945 2882 1038 Spiritus
2910 945 3081 1000 Patris
3123 947 3271 1002 vestri
3312 947 3397 1018 qui
3443 947 3663 1016 loquitur
3699 948 3753 1001 in

2166 1035 2307 1123 vobis
2336 1035 2543 1108 (Matth,
2566 1053 2620 1104 Ï‡,
2651 1037 2738 1104 19,
2763 1037 2875 1108 20).
2924 1035 3067 1106 Ergo
3094 1036 3305 1092 deï¬ciat
3337 1036 3555 1106 spiritus
3607 1045 3751 1102 tuus,

2174 1130 2418 1199 loquatur
2442 1129 2670 1199 Spiritus
2701 1130 2814 1185 Dei.
2837 1129 3028 1184 Merito
3056 1144 3150 1184 eos
3177 1143 3439 1201 pauperes
3465 1127 3639 1184 facere
3658 1144 3755 1183 vo~

2172 1220 2312 1274 lebat
2336 1221 2522 1290 spiritu
2548 1239 2562 1275 :
2591 1219 2734 1284 Beati
2761 1237 3006 1291 pauperes
3035 1221 3237 1290 spiritu,
3267 1220 3504 1290 quoniam
3524 1221 3753 1290 ipsorum

2171 1322 2243 1367 est
2267 1330 2476 1383 regnum
2503 1315 2738 1368 caelorum
2786 1312 2898 1386 (Id.
2927 1329 2981 1380 v,
3013 1313 3088 1382 5).
3119 1312 3268 1368 Beati
3311 1327 3439 1382 ergo
3485 1327 3753 1382 pauperes

2170 1403 2356 1472 spiritu
2382 1418 2501 1467 suo,
2556 1403 2748 1458 divites
2795 1403 2996 1472 Spiritu
3026 1403 3140 1458 Dei.
3174 1401 3358 1457 Omnis
3401 1402 3540 1456 enim
3587 1401 3752 1455 homo

2169 1495 2257 1562 qui
2296 1494 2537 1563 Spiritum
2569 1509 2723 1550 suum
2763 1495 3028 1564 sequitur,
3077 1494 3342 1563 superbus
3395 1502 3494 1548 est.
3543 1493 3750 1548 Subdat

2169 1584 2409 1655 spiritum
2436 1601 2590 1640 suum
2622 1586 2661 1650 á½·,
2694 1594 2751 1640 ut
2779 1586 2951 1656 capiat
2983 1586 3233 1655 Spiritum
3262 1585 3375 1640 Dei.
3405 1585 3518 1640 Ibat
3558 1584 3610 1638 in
3638 1585 3750 1639 cul-

2168 1693 2311 1744 men,
2341 1679 2539 1734 residat
2563 1679 2613 1732 in
2644 1679 2800 1734 valle.
2834 1679 2889 1734 Si
2919 1680 3040 1733 ierit
3079 1679 3132 1733 in
3163 1679 3394 1743 culmen,
3428 1677 3645 1731 denatat
3678 1676 3751 1729 ab

2168 1769 2260 1824 illo
2285 1784 2419 1840 aqua
2451 1788 2464 1824 :
2495 1770 2539 1825 si
2565 1769 2617 1824 in
2648 1770 2785 1825 valle
2805 1769 3087 1837 resederit,
3121 1769 3428 1838 lmplebitur
3471 1783 3533 1824 ea
3560 1809 3575 1835 ,
3609 1777 3663 1822 et
3689 1767 3750 1821 lit

2168 1861 2254 1915 ille
2281 1870 2467 1916 venter
2513 1861 2581 1916 de
2627 1877 2732 1932 quo
2761 1861 2964 1916 dictum
3014 1868 3115 1927 est,
3165 1859 3409 1914 Flumina
3451 1876 3596 1930 aquae
3623 1860 3754 1913 viva:

2166 1953 2323 2020 fluent
2351 1952 2412 2005 de
2436 1961 2603 2006 ventre
2642 1953 2751 2022 ejus
2788 1952 2969 2022 (Joan.
3009 1967 3103 2019 vn,
3142 1952 3254 2023 58).
3280 1952 3418 2022 Ergo
3455 1952 3574 2005 dum
3599 1953 3746 2022 defe-

2165 2045 2276 2098 cita
2319 2059 2398 2096 me
2421 2044 2627 2113 spiritus
2670 2063 2809 2100 meus
2837 2087 2850 2109 ,
2897 2046 2950 2098 in
3003 2054 3274 2114 conspectu
3315 2053 3400 2098 tuo
3444 2044 3746 2097 annuntiavi

2168 2137 2540 2193 tribulationem
2568 2154 2752 2204 meam,
2786 2137 3004 2191 humilis
3033 2136 3219 2203 factus,
3251 2135 3510 2190 conï¬tens
3538 2131 3631 2190 tibi
3652 2135 3750 2189 de-

2166 2229 2376 2283 ï¬ciente
2402 2229 2592 2299 spiritu
2620 2243 2760 2292 meo,
2793 2243 2915 2281 cum
2945 2243 3062 2282 sum
3083 2227 3274 2298 plenus
3301 2226 3499 2296 Spiritu
3524 2235 3636 2281 tuo.

2235 2319 2287 2375 6.
2320 2320 2389 2374 Et
2432 2319 2710 2374 audierunt
2757 2319 2890 2374 forte
2917 2319 3154 2373 homines
3188 2317 3310 2387 quia
3339 2315 3532 2371 defecit
3571 2315 3624 2370 in
3654 2331 3748 2370 me

2165 2411 2382 2481 spiritus
2409 2425 2591 2478 meus,
2626 2420 2681 2464 et
2706 2410 3120 2479 desperaverunt
3140 2407 3207 2464 de
3236 2422 3321 2462 me
3340 2447 3355 2473 ,
3385 2406 3704 2462 etdixerunt
3725 2447 3743 2470 ,

2165 2503 2412 2574 Cepimus
2437 2520 2578 2578 eum,
2611 2503 2974 2574 oppressimus
3002 2518 3123 2557 eum
3157 2519 3170 2553 :
3202 2501 3268 2556 Et
3295 2510 3347 2554 tu
3367 2501 3639 2571 cognovisti
3659 2515 3746 2553 sc-

2166 2597 2310 2651 mitas
2339 2613 2474 2650 meas
2498 2638 2514 2662 ,
2552 2595 2631 2649 llli
2673 2610 2760 2650 me
2787 2594 3052 2666 dejectum
3083 2595 3376 2665 putabant,
3400 2601 3456 2646 tu
3485 2607 3570 2646 me
3598 2601 3750 2644 stan-

2167 2699 2271 2743 tem
2300 2687 2576 2744 cernebas.
2607 2687 2686 2742 llli
2714 2689 2803 2758 qui
2831 2688 3285 2757 persequebantur
3312 2695 3366 2740 et
3391 2682 3748 2753 comprehcn-

2165 2781 2391 2846 deraut,
2423 2779 2721 2849 implicatos
2761 2779 3017 2848 putabant
3063 2777 3224 2847 pedes
3269 2792 3451 2831 meos:
3499 2775 3593 2830 sed
3640 2775 3751 2828 illis

2165 2871 2379 2943 obligati
2417 2879 2541 2926 sunt
2584 2869 2780 2940 pedes,
2812 2878 2867 2924 et
2894 2868 3231 2932 ceciderunt;
3279 2882 3378 2920 nos
3417 2875 3593 2920 autem
3621 2880 3749 2919 sur-

2166 2963 2419 3030 reximus,
2446 2971 2500 3018 et
2521 2963 2686 3017 erecti
2706 2967 2891 3017 sumus
2921 2961 2939 3031 (
2971 2961 3118 3015 Psat.
3143 2977 3255 3023 xm,
3290 2959 3323 3015 9
3351 2959 3392 3029 ).
3423 2957 3575 3013 Oculi
3598 2957 3749 3011 enim

2170 3056 2273 3110 mei
2305 3069 2519 3124 semper
2548 3057 2614 3108 ad
2661 3052 2968 3118 Dominum,
3001 3052 3251 3121 quoniam
3295 3051 3408 3119 ipse
3451 3048 3642 3103 evellet
3678 3046 3754 3102 de

2166 3147 2355 3216 laqueo
2383 3147 2546 3218 pedes
2566 3160 2714 3200 meos
2748 3144 2766 3217 (
2797 3145 2939 3199 Psal.
2962 3159 3113 3209 xxiv,
3139 3144 3249 3212 15).
3274 3140 3612 3211 Perseveravi
3633 3154 3752 3192 am-

2166 3241 2395 3296 bulando
2425 3257 2438 3292 :
2481 3240 2580 3307 Qui
2604 3240 2745 3294 enim
2787 3237 3169 3305 perseveraverit
3207 3244 3360 3305 usque
3387 3235 3440 3286 in
3466 3233 3634 3299 ï¬nem,
3666 3232 3753 3284 hic

2163 3333 2330 3385 salvus
2355 3331 2446 3384 erit
2463 3331 2669 3400 (Matth.
2685 3345 2739 3396 Î¹,
2758 3328 2874 3399 22).
2903 3328 2983 3383 Illi
3021 3339 3333 3396 oppressura
3355 3338 3440 3378 me
3465 3314 3750 3393 putabant,

2165 3424 2256 3478 sed
2297 3439 2398 3494 ego
2427 3421 2784 3477 ambulabam.
2833 3419 2935 3475 Ubi
2985 3416 3322 3472 ambulabam
3358 3413 3384 3466 ?
3437 3414 3492 3468 In
3541 3412 3756 3467 semitis

2164 3529 2293 3584 quas
2323 3513 2396 3567 illi
2416 3527 2521 3566 non
2545 3511 2828 3576 videbant,
2851 3509 2939 3580 qui
2957 3522 3042 3563 me
3053 3516 3261 3576 captum
3279 3503 3568 3574 putabant;
3591 3502 3644 3554 in
3659 3515 3753 3555 seâ€”

2166 3607 2308 3659 ruilis
2339 3604 2571 3674 justitiae'
2597 3611 2700 3657 tuae
2726 3644 2743 3670 ,
2775 3602 2827 3656 in
2871 3599 3076 3655 semitis
3101 3605 3486 3668 praeceptorum
3515 3602 3753 3647 tuorum.

2171 3695 2248 3749 Tu
2288 3697 2432 3750 enim
2471 3693 2744 3766 cognovisti
2765 3691 2967 3748 seruitus
2989 3705 3164 3752 meas;
3193 3696 3503 3756 persecutor
3531 3697 3636 3737 non
3658 3695 3757 3735 eas

2165 3788 2414 3860 cognovit
2456 3805 2469 3841 :
2529 3802 2651 3841 nam
2686 3801 2791 3841 non
2843 3785 2899 3839 in
2943 3784 3022 3838 eis
3065 3779 3196 3836 mihi
3227 3777 3526 3842 invideret,
3567 3773 3662 3828 sed
3694 3772 3754 3825 in

2165 3885 2242 3938 cis
2263 3884 2284 3914 Â¹
2315 3895 2521 3937 mecum
2551 3878 2864 3934 ambularet.
2893 3877 3021 3941 Quae
3075 3881 3198 3926 sum
3224 3873 3337 3926 istae
3375 3867 3581 3923 semitae
3601 3905 3617 3930 ,
3647 3855 3760 3917 nisi

2167 3977 2266 4030 viae
2290 3975 2395 4029 illae
2423 3973 2492 4028 de
2520 3970 2711 4041 quibus
2749 3968 2852 4022 alio
2877 3967 3000 4021 loco
3029 3962 3257 4018 dicitur:
3301 3958 3455 4013 Novit
3493 3955 3749 4008 Dominus

2166 4069 2582 4138 viamjustorum,
2613 4073 2663 4118 et
2692 4062 2771 4116 via
2797 4059 3076 4131 impiorum
3137 4053 3312 4126 peribit
3338 4052 3356 4124 (
3388 4049 3535 4104 Psal.
3568 4063 3604 4113 I,
3631 4046 3664 4101 6
3694 4046 3760 4115 )?

2167 4159 2282 4216 Non
2305 4159 2458 4224 dixit,
2490 4156 2644 4210 Viam
2686 4153 2970 4222 impiorum
2997 4163 3106 4203 non
3139 4147 3287 4203 novit
3326 4159 3341 4197 :
3377 4141 3534 4196 Novit
3579 4141 3760 4210 justo-

2169 4269 2316 4317 rum,
2349 4249 2627 4320 impiorum
2658 4255 2825 4300 autem
2861 4242 3039 4314 peribit
3069 4240 3107 4294 Â³.
3141 4237 3290 4305 Quod
3331 4235 3473 4291 enim
3517 4247 3623 4287 non
3654 4245 3760 4284 no-

2172 4347 2246 4400 vit
2266 4388 2279 4412 ,
2308 4343 2464 4414 perit.
2494 4340 2668 4396 Multis
2694 4339 2825 4394 locis
2853 4336 3137 4405 Scriptura:
3163 4329 3466 4386 invenimus
3501 4326 3623 4396 quia
3653 4323 3757 4377 Dei

2175 4450 2485 4508 agnoscere,
2516 4447 2731 4488 servare
2755 4436 2854 4493 est;
2892 4428 2985 4483 Dei
3007 4438 3318 4497 agnoscere,
3342 4419 3758 4478 eustodireest;

2178 4545 2281 4584 non
2314 4539 2600 4598 agnoscere
2629 4565 2642 4589 ,
2675 4523 2929 4577 damnare
2975 4527 3076 4574 est.
3123 4514 3276 4572 Unde
3322 4513 3462 4569 enim
3493 4509 3584 4580 qui
3611 4506 3764 4562 novit

2179 4620 2382 4684 omnia,
2412 4618 2648 4673 dicturus
2677 4622 2758 4668 est
2786 4614 2838 4666 in
2868 4611 2993 4676 ï¬ne,
3028 4609 3149 4664 Non
3169 4607 3284 4661 novi
3311 4603 3432 4673 vos(
3455 4600 3760 4662 Matth.-vu,

2179 4713 2250 4768 25
2275 4711 2337 4783 )?
2370 4710 2484 4764 Non
2517 4708 2638 4762 inde
2672 4705 2938 4776 gaudeant
2962 4705 3016 4757 et
3043 4701 3259 4762 dicant,
3288 4697 3404 4752 Non
3452 4693 3762 4764 puniemur,

2182 4804 2303 4872 quia
2345 4815 2449 4855 non
2477 4799 2623 4854 novit
2667 4813 2765 4852 nos
2800 4795 2984 4866 judcx.
3019 4792 3133 4848 Jam
3182 4789 3352 4860 puniti
3380 4793 3548 4848 sunt,
3594 4783 3639 4837 si
3669 4795 3767 4836 eos

2185 4912 2290 4951 non
2322 4899 2472 4950 novit
2494 4892 2676 4962 judex.
2712 4890 2842 4958 Quae
2869 4901 2994 4957 ergo
3022 4885 3177 4940 dictae
3207 4889 3330 4937 sunt
3366 4881 3467 4935 vize
3494 4893 3624 4948 quas
3651 4891 3754 4929 no-

2187 4988 2261 5043 vit
2287 4987 2542 5042 Dominus
2568 5025 2582 5050 ,
2613 4983 2741 5053 ipsae
2764 4981 2848 5034 hic
2879 4979 3034 5033 dictae
3061 4981 3187 5031 sunt
3223 4971 3428 5027 semita:
3452 5011 3469 5036 ,
3503 4981 3624 5022 cum
3653 4965 3764 5027 ait,

2192 5079 2267 5132 Tu
2288 5075 2560 5149 cOgnovisti
2589 5074 2791 5129 semitas
2840 5085 2994 5122 meas.
3026 5064 3212 5122 Omnis
3254 5062 3396 5116 enim
3426 5058 3649 5122 semita,
3681 5055 3766 5107 via

2190 5178 2309 5234 est;
2341 5183 2445 5223 non
2490 5165 2663 5221 omnis
2689 5165 2795 5228 via,
2818 5160 3005 5217 semita
3037 5165 3137 5212 est.
3166 5155 3343 5222 Quare
3370 5163 3496 5220 ergo
3532 5147 3632 5201 viae
3663 5145 3769 5198 illae

2191 5259 2394 5316 semitae
2422 5266 2546 5313 sunt
2574 5256 2750 5320 dictae,
2782 5252 2882 5307 nisi
2920 5250 3041 5321 quia
3085 5253 3324 5316 angustae
3353 5238 3514 5298 sunt?
3542 5237 3635 5292 Via
3665 5235 3767 5288 lata

2193 5351 2495 5421 impiorum,
2527 5349 2609 5400 via
2639 5354 2857 5415 angusta
2879 5343 3164 5412 justorum.

2265 5444 2314 5495 7-
2365 5441 2493 5507 Qum
2546 5440 2649 5503 Via,
2701 5439 2828 5506 ipsa:
2883 5443 2936 5488 et
2982 5432 3078 5485 viae
3110 5449 3122 5484 :
3156 5421 3600 5498 quemadmodum
3649 5429 3770 5484 quae

2261 5578 2276 5606 Î¹
2304 5585 2384 5623 Am
2411 5581 2461 5624 et
2497 5573 2720 5636 plerique
2752 5576 2878 5618 Mss:
2920 5563 3074 5617 Subde
3119 5560 3341 5625 spiritum
3365 5563 3497 5606 tuum
3521 5557 3569 5600 ut
3593 5546 3747 5608 capiat

2197 5643 2374 5749 euisio
2396 5704 2501 5746 Mss.
2524 5693 2634 5742 add.
2662 5704 2794 5753 vero,
2818 5689 2862 5742 si
2882 5689 2930 5738 in
2948 5687 3034 5743 eis,
3060 5693 3154 5735 etc.
3619 5732 3629 5740 ,

2261 5762 2280 5794 s
2305 5768 2361 5794 ÏƒÎ½
2403 5758 2528 5794 Inmt
2562 5765 2660 5794 Î½ÏÎ·
2705 5762 2834 5794 Î·Ï€.-
2859 5751 2981 5794 norit
3000 5749 3124 5794 riam
3148 5746 3404 5794 iustorum.
3430 5746 3476 5788 et
3514 5734 3588 5785 via
3611 5726 3762 5794 Î½Î·Î¼á½³Î¹

2261 5762 2280 5794 Â³
2304 5746 2378 5808 ir.
2403 5758 2546 5828 Lugd.
2562 5765 2679 5828 ven.
2705 5746 2836 5814 Lor,
2859 5751 2981 5802 norit
3000 5749 3124 5799 riam
3139 5746 3404 5807 justorum,
3430 5746 3476 5788 et

2201 5839 2306 5877 rum
2330 5819 2516 5888 peribit.
2601 5825 2656 5867 It.
