4080 6458
325 343 456 404 ιὸὖἸ

325 457 582 524 Ecclesia,
633 454 762 524 ipsa:
786 451 1067 516 Ecclesiat;
1117 457 1171 506 et
1195 447 1334 518 quod
1371 449 1588 514 coelum,
1617 445 1718 516 ipsi
1752 441 1896 498 cmli.

327 552 604 612 Pluraliter
630 548 900 613 dicuntur,
929 555 982 601 et
1011 543 1351 614 singulariter
1377 542 1650 596 dicuntur.
1674 539 1900 607 Propter

325 647 578 702 unitatem
619 640 894 703 Ecclesize,
929 653 1032 692 una
1077 635 1360 690 Ecclesia:
1393 631 1510 690 Una
1553 639 1624 686 est
1665 629 1897 685 columba

323 754 452 802 mea,
477 751 582 789 una
605 742 676 788 est
704 731 856 785 matri
881 745 988 784 sua:
1015 728 1182 800 (Cant.
1209 743 1284 791 vt,
1315 726 1392 796 8).
1423 725 1646 794 PrOpter
1675 737 1899 792 congre-

319 828 558 898 gationes
597 823 860 878 fraternas
903 835 997 890 per
1045 819 1181 886 loca,
1231 817 1410 872 multae
1458 823 1582 870 sunt
1611 814 1896 870 Ecclesiae:

322 917 580 982 Ecclesiae,
629 915 820 984 inquit,
858 911 1060 966 ludam:
1105 927 1218 981 qua:
1261 912 1317 964 in
1357 909 1588 976 Christo,
1618 908 1902 978 gaudebant

321 1007 451 1078 quod
475 1009 562 1062 ille
577 1007 662 1076 qui
689 1021 782 1060 nos
805 1003 1210 1076 persequebatur,
1237 1018 1372 1056 nunc
1397 1000 1704 1072 evangelth
1724 997 1896 1068 ﬁdem,

317 1118 463 1172 quam
484 1099 758 1172 aliquando
783 1097 1048 1162 uastabat;
1076 1106 1124 1150 et
1151 1096 1206 1149 in
1230 1111 1308 1149 me
1341 1092 1695 1166 glori/icabant
1735 1091 1899 1145 Deum

320 1195 508 1268 (Galat.
525 1211 564 1262 ι,
577 1194 668 1260 22,
687 1193 780 1264 24)
791 1233 804 1246 .
821 1191 1086 1247 Ecclesias
1101 1190 1180 1246 sic
1194 1188 1344 1256 dixit,
1365 1197 1418 1242 et
1434 1201 1590 1240 unam
1605 1185 1897 1264 Ecclesium

317 1291 390 1344 sic
416 1288 584 1343 dicit:
615 1285 740 1342 Sine
775 1283 1051 1352 offensione
1079 1291 1230 1336 estote
1260 1279 1478 1346 ludatis,
1510 1288 1556 1332 et
1605 1276 1816 1342 Grecis,
1849 1286 1896 1330 et

319 1379 557 1434 Ecclesia:
583 1377 681 1432 Dei
723 1375 768 1448 (ι
795 1374 914 1432 Cor.
941 1391 996 1440 ι,
1033 1372 1148 1443 52).
1189 1371 1278 1428 Sic
1307 1385 1432 1442 ergo
1453 1377 1508 1426 et
1527 1369 1648 1435 vim,
1695 1375 1744 1422 et
1776 1367 1894 1432 via;

250 1511 254 1514 -
313 1482 370 1528 et
391 1472 618 1536 semitae,
643 1479 700 1526 et
725 1469 936 1525 semita.
968 1467 1146 1534 Quare
1189 1465 1394 1538 semitae
1417 1505 1432 1528 ,
1464 1471 1518 1518 et
1545 1477 1710 1532 quare
1735 1461 1896 1514 semi-

317 1561 406 1618 ta?
449 1561 732 1627 Quomodo
775 1573 940 1630 quare
966 1556 1222 1614 Ecclesiae
1268 1565 1322 1612 et
1373 1554 1609 1610 Ecclesia
1635 1553 1894 1626 rationem

313 1653 658 1720 reddidimus,
685 1651 940 1706 debemus
967 1659 1022 1704 et
1045 1648 1170 1704 hinc
1193 1648 1211 1680 ί
1239 1646 1462 1702 reddere
1489 1645 1770 1699 rationem.
1803 1641 1897 1696 Se-

311 1748 452 1800 mitaa
473 1743 632 1798 dictae
682 1751 810 1796 sunt
857 1741 972 1805 Dei,
1005 1740 1130 1810 quia
1159 1739 1324 1792 multa
1351 1743 1615 1806 prmcepta
1645 1745 1768 1790 sunt
1797 1749 1814 1788 :
1843 1742 1897 1788 et

309 1837 432 1906 quia
460 1835 648 1891 eadem
696 1835 868 1890 multa
915 1840 1186 1902 praecepta
1239 1830 1306 1884 ad
1351 1844 1511 1884 unum
1543 1827 1892 1898 rediguntur,

311 1927 432 1997 quia
459 1926 735 1995 plenitudo
753 1926 888 1995 legis
909 1923 1142 1979 cbaritas
1159 1922 1330 1992 (Rom.
1356 1937 1470 1986 xm,
1494 1917 1614 1991 l0);
1649 1927 1892 1988 propter-

309 2033 372 2072 ea
395 2017 494 2072 vite
526 2016 640 2070 ista:
667 2015 718 2070 in
739 2015 917 2069 multis
942 2011 1222 2083 prmceptis
1245 2009 1314 2064 ad
1361 2025 1518 2064 unam
1551 2007 1887 2076 colliguntur,

306 2116 366 2162 et
390 2121 488 2162 una
515 2106 728 2170 dicitur,
751 2105 874 2174 quia
904 2103 986 2158 via
1015 2112 1200 2156 nostra
1225 2100 1456 2156 Charitas
1476 2107 1575 2154 est.
1607 2097 1892 2152 Videamus

311 2200 358 2254 si
395 2197 632 2253 charitas
656 2197 740 2250 via
767 2203 868 2250 est.
902 2193 1193 2268 Audiamus
1239 2191 1550 2260 Apostolum
1587 2207 1600 2244 :
1631 2187 1698 2242 Et
1725 2188 1892 2240 adhuc

315 2289 844 2360 supereminentiorem
879 2287 1014 2340 viam
1037 2285 1172 2340 vobis
1212 2285 1496 2338 demonstro
1527 2282 1544 2352 (
1571 2281 1592 2336 Ι
1621 2279 1741 2336 Cor.
1773 2295 1888 2344 χιιι,

306 2382 370 2436 51
385 2385 424 2450 ).
443 2382 614 2448 Quam
631 2381 788 2447 dicis,
813 2395 845 2434 ο
869 2378 1146 2448 Apostole,
1167 2376 1694 2446 super-eminentiorem
1717 2375 1844 2428 viam
1866 2374 1892 2426 ?

310 2475 480 2542 Quam
507 2475 626 2529 dico
679 2474 802 2528 audi
829 2491 844 2526 :
877 2473 938 2528 Si
971 2473 1156 2543 linguis
1195 2471 1456 2524 hominum
1493 2470 1671 2536 loquar
1693 2479 1739 2522 et
1783 2467 1890 2522 An-

307 2567 538 2636 gelornm
563 2605 576 2628 ,
627 2565 922 2618 charitatem
969 2573 1140 2616 autem
1183 2577 1286 2616 non
1321 2561 1554 2624 habeam,
1577 2559 1740 2628 factus
1771 2576 1888 2614 sum

307 2654 443 2708 velut
487 2664 811 2709 atramentum
854 2669 1040 2708 sonans
1071 2694 1086 2718 ,
1127 2661 1216 2706 aut
1243 2649 1528 2721 cymbalum
1571 2650 1888 2704 tinniens:el

305 2747 352 2798 si
377 2745 598 2800 habuero
621 2745 968 2816 prophetiam,
996 2754 1043 2798 et
1063 2745 1222 2798 sciero
1264 2742 1434 2796 omnia
1457 2751 1776 2796 sacramenta
1795 2781 1812 2808 ,
1841 2750 1886 2794 et

303 2851 506 2889 omnem
527 2837 830 2900 scientiam;
875 2845 920 2890 et
950 2837 993 2890 si
1021 2835 1240 2890 habuero
1279 2850 1476 2888 omnem
1508 2833 1662 2902 ﬁdem
1681 2873 1695 2898 ,
1733 2833 1806 2886 ita
1831 2841 1886 2886 ut

305 2935 498 2978 montes
515 2931 838 2997 transferam,
869 2926 1168 2980 charitatem
1197 2933 1364 2978 autem
1393 2940 1495 2978 non
1535 2923 1780 2990 habeam,
1807 2923 1886 2976 ni-

305 3017 376 3070 hil
400 3033 516 3070 sum
541 3026 626 3070 :et
675 3018 720 3070 si
747 3017 1049 3071 distribuero
1075 3017 1246 3070 omnia
1265 3032 1378 3070 mea
1400 3015 1702 3084 pauperibus
1719 3055 1734 3081 ,
1767 3023 1814 3068 et
1841 3015 1885 3068 si

303 3108 558 3162 tradidero
597 3126 780 3179 corpus
815 3125 983 3162 meum
1029 3118 1086 3162 ut
1135 3108 1362 3172 ardeam,
1394 3106 1686 3160 charitatem
1715 3115 1882 3159 autem

300 3218 400 3256 non
426 3203 657 3270 habeam,
689 3203 818 3258 nihil
861 3204 986 3267 mihi
1031 3203 1234 3272 prodest
1265 3199 1376 3270 (Id.
1407 3215 1523 3263 xnt,
1569 3199 1706 3267 1-5).
1738 3197 1880 3268 Ergo

298 3292 612 3348 charitatem
657 3293 792 3348 dixit
833 3292 1360 3364 supereminentiorem
1384 3291 1536 3344 viam.
1565 3289 1752 3358 Magna
1779 3287 1878 3342 ista

301 3385 404 3451 via,
435 3385 648 3451 fratres,
677 3400 924 3456 magnum
957 3384 1274 3438 miraculum
1303 3381 1487 3436 habet.
1521 3379 1646 3434 lltec
1667 3379 1879 3432 vincer-

301 3483 374 3540 te,
401 3475 527 3543 quia
555 3476 1036 3545 supereminentior
1061 3484 1164 3540 est,
1194 3483 1248 3530 et
1269 3472 1614 3530 excellentior
1635 3480 1718 3526 est
1740 3487 1754 3534 ;
1778 3468 1880 3524 hoc

293 3567 440 3620 enim
469 3569 862 3637 supereminet,
891 3567 1032 3638 quod
1078 3568 1350 3623 excelsum
1375 3573 1478 3620 est.
1533 3564 1672 3620 Nihil
1698 3562 1876 3618 excel-

299 3658 410 3712 sius
437 3659 520 3712 via
550 3658 844 3725 charitatis,
875 3669 930 3713 et
957 3673 1065 3714 non
1119 3659 1170 3712 in
1203 3658 1292 3712 illa
1320 3656 1596 3712 ambulant
1643 3654 1742 3708 nisi
1773 3653 1876 3706 hu-

296 3750 470 3804 miles.
495 3750 602 3805 Has
624 3765 752 3820 ergo
777 3752 1018 3816 semitas,
1048 3751 1176 3806 dicit
1219 3758 1486 3820 praecepta
1535 3747 1808 3802 charitatis
1833 3747 1876 3797 ³.

300 3837 398 3906 Tu,
423 3841 599 3910 inquit
625 3881 640 3906 ,
691 3841 970 3912 cognovisti
1019 3842 1224 3895 semitas
1259 3857 1394 3894 meas
1423 3855 1443 3894 :
1473 3849 1530 3892 tu
1571 3839 1708 3892 nosti
1755 3836 1876 3907 quia

297 3929 440 3998 quod
473 3945 570 4001 pro
597 3941 649 3986 te
678 3932 872 4000 patior,
901 3947 1086 3988 amore
1114 3931 1320 4001 patior;
1353 3940 1406 3984 tu
1433 3929 1572 3984 nosti
1597 3929 1722 4000 quia
1749 3928 1876 3983 cha-

296 4020 432 4075 ritas
462 4021 512 4074 in
539 4036 624 4076 me
651 4022 828 4076 omnia
875 4022 1104 4088 tolerat;
1139 4029 1193 4075 tu
1243 4021 1382 4076 nosti
1411 4021 1534 4090 quia
1565 4020 1688 4074 etsi
1722 4019 1872 4074 trado

293 4125 494 4180 corpus
517 4127 695 4166 meum
731 4121 790 4167 ut
817 4113 1032 4168 ardeam
1053 4153 1073 4182 ,
1115 4113 1286 4168 habeo
1314 4113 1457 4166 illam
1483 4153 1500 4178 ,
1531 4112 1646 4168 sine
1671 4127 1776 4181 qua
1805 4111 1870 4165 il-

295 4200 386 4258 lud
409 4215 514 4254 non
533 4201 748 4270 prodest
773 4203 996 4257 homini.

363 4289 419 4344 8.
448 4289 576 4356 Quis
597 4300 771 4346 autem
799 4293 949 4346 novit
969 4292 1082 4346 vias
1104 4293 1230 4348 istas
1249 4292 1500 4358 hominis,
1529 4289 1720 4346 fratres
1739 4291 1868 4358 mei,

293 4379 397 4434 nisi
441 4395 568 4436 vere
589 4382 674 4438 ille
721 4385 807 4437 cui
835 4382 1036 4438 dictum
1061 4391 1188 4450 est,
1243 4384 1318 4438 Tu
1369 4381 1645 4453 cognovisti
1669 4382 1876 4438 semitas

295 4474 472 4528 meas?
501 4473 689 4528 Omnia
713 4475 856 4530 enim
895 4474 1036 4530 facta
1069 4480 1300 4532 humana
1321 4487 1446 4532 ante
1473 4476 1662 4531 oculos
1695 4476 1891 4542 homis

295 4578 452 4629 num;
485 4565 746 4620 incertum
791 4575 876 4622 est
897 4583 1004 4636 quo
1034 4568 1196 4624 corde
1245 4567 1394 4622 ﬁant.
1433 4568 1500 4622 Et
1540 4584 1696 4636 quam
1723 4567 1872 4620 multi

296 4652 440 4722 impii
471 4655 752 4712 metientes
772 4656 804 4690 ³η
821 4658 1165 4727 semetipsos,
1186 4673 1252 4714 ex
1278 4658 1580 4726 semetipsis
1597 4657 1782 4712 dicunt
1807 4657 1874 4712 de

297 4745 448 4798 nobis
469 4746 612 4814 quod
635 4747 734 4800 ista
763 4749 816 4800 in
845 4747 1088 4802 Ecclesia
1133 4751 1442 4818 quaerimus,
1472 4750 1723 4815 honores,
1755 4749 1874 4802 lau-

295 4833 390 4888 des
413 4876 426 4899 ,
475 4838 732 4893 utilitates
773 4841 1094 4908 temporales
1118 4840 1141 4893 ?
1163 4841 1332 4907 Quam
1375 4841 1528 4896 multi
1559 4843 1743 4896 dicunt
1787 4858 1874 4896 me

299 4934 576 4994 propterea
608 4928 752 4998 loqui
778 4930 948 4996 vobis,
982 4939 1038 4984 ut
1062 4931 1367 4986 acclametis
1415 4940 1468 4986 et
1493 4931 1718 4988 laudetis
1747 4947 1832 4987 me
1855 4973 1870 4996 ,

291 5022 344 5066 et
372 5013 516 5072 hunc
555 5034 640 5072 me
663 5019 860 5075 habere
889 5020 1050 5076 linem
1091 5030 1148 5077 et
1171 5022 1308 5076 hanc
1333 5021 1682 5080 intentionem
1705 5063 1722 5088 ,
1751 5038 1872 5077 cum

293 5101 525 5174 loquor?
555 5108 620 5160 Et
665 5111 932 5180 quomodo
961 5113 1038 5168 eis
1065 5113 1292 5168 ostendo
1341 5128 1448 5168 non
1491 5128 1552 5168 ea
1581 5114 1874 5170 intentione

305 5209 390 5250 me
421 5199 601 5267 loqui?
655 5200 842 5256 Restat
899 5213 952 5257 ut
980 5204 1152 5259 dicam
1181 5247 1196 5272 ,
1233 5203 1310 5260 Tu
1359 5206 1630 5275 cognovisti
1675 5207 1874 5260 semitas

299 5303 450 5344 meas.
485 5292 760 5358 Quomodo
781 5295 854 5348 illi
881 5297 1058 5350 sciunt
1101 5298 1242 5368 quod
1273 5313 1371 5354 nec
1399 5313 1496 5352 vos
1520 5299 1708 5353 scitis?
1735 5298 1878 5366 Quo—

300 5380 458 5436 modo
483 5383 555 5436 illi
587 5386 762 5442 sciunt
787 5387 928 5456 quod
961 5389 1044 5441 vix
1079 5404 1180 5459 ego
1209 5390 1360 5444 scio?
1397 5389 1580 5459 Neque
1605 5389 1746 5444 enim
1777 5405 1876 5458 ego

301 5471 560 5541 meipsum
587 5475 820 5544 dijudico
845 5495 857 5530 :
886 5479 974 5547 qui
1019 5479 1162 5532 enim
1193 5479 1446 5550 dijudicat
1487 5495 1594 5546 me,
1621 5479 1882 5546 Dominus.

365 5611 382 5682 ξ
505 5611 650 5682 latgd.
685 5621 806 5682 Ven.
831 5620 970 5682 Lavi,
983 5614 1077 5664 hic.
1105 5625 1156 5664 Μ.

307 5671 488 5780 abige
529 5671 600 5722 Ειῖι
641 5682 691 5723 ct
729 5681 838 5724 Lov.
883 5671 1096 5729 addunt:
1121 5687 1171 5726 In
1209 5691 1284 5728 me
1323 5681 1660 5742 omnis:Quod
1696 5693 1722 5730 a
1771 5689 1872 5730 Mss.

370 5795 386 5824 ³
411 5795 552 5857 Lugd.
585 5805 634 5846 et
657 5804 771 5861 Reg.
793 5805 894 5860 Ms,
920 5801 1208 5852 mentientes.
1249 5809 1298 5850 tt.

1413 326 1807 400 ENAltRATlO
1837 323 1900 380 lN
1938 324 2260 388 esamwn
2299 333 2476 392 cxu.

3449 353 3582 408 1858

2005 459 2088 506 est
2112 450 2281 523 (lCor.
2299 469 2374 522 iv,
2389 457 2423 512 5
2437 465 2484 510 et
2501 456 2580 528 4).
2597 457 2787 514 Nescio
2813 459 2936 530 quid
2954 461 3020 516 de
3044 477 3102 516 se
3123 461 3308 520 Petrus
3333 468 3577 526 nesciens

2005 550 2358 618 praesumpsit,
2388 557 2443 606 et
2465 550 2606 606 aliud
2629 551 2840 608 videbat
2867 554 3103 610 medicus
3131 557 3184 612 in
3207 557 3414 614 viribus
3438 559 3578 632 ejus.

2005 638 2147 709 Ergo
2185 643 2270 709 pie
2303 656 2539 712 pureque
2563 643 2823 698 clametur
2863 645 2928 700 ad
2965 645 3264 716 Dominum,
3294 649 3415 720 quia
3444 667 3578 710 vere

2003 731 2260 786 clamatur
2287 772 2301 797 ,
2364 731 2440 786 Tu
2486 735 2760 804 cognovisti
2827 739 3030 792 semitas
3097 756 3251 794 meas.
3319 741 3425 798 Sed
3493 744 3576 800 vis

2005 830 2064 874 ut
2113 821 2272 878 ducat
2317 831 2370 878 te
2417 839 2513 894 per
2551 825 2694 894 ipsas
2754 828 3010 882 semitas?
3063 829 3190 886 Esto
3241 833 3420 900 mitis,
3461 843 3576 890 esto

2003 923 2342 980 mansuetus;
2391 915 2502 970 noli
2541 931 2660 972 esse
2707 916 2856 974 ferox
2884 919 2934 984 ί,
2981 921 3086 974 noli
3133 923 3430 991 superbus,
3464 927 3570 980 noli

2001 1017 2222 1058 excussa
2265 1011 2320 1058 et
2363 1015 2538 1062 erecta
2573 1009 2782 1070 cervice
2813 1052 2830 1074 ,
2881 1013 3021 1064 sicut
3068 1027 3236 1082 equus
3279 1023 3331 1068 et
3378 1017 3574 1086 mulus,
3669 1045 3676 1050 ο

2003 1095 2194 1163 quibus
2247 1112 2354 1150 non
2401 1107 2484 1152 est
2535 1100 2838 1156 intellectus
2870 1100 3042 1172 (Psal.
3095 1119 3218 1158 xxx:
3249 1145 3268 1172 ,
3308 1104 3386 1176 9).
3444 1105 3576 1162 Cum

2001 1186 2144 1241 enim
2189 1185 2352 1242 fueris
2413 1189 2598 1258 mitis,
2663 1206 2784 1248 cum
2831 1191 2992 1248 fueris
3049 1205 3400 1264 mansuetus,
3445 1197 3578 1252 insi-

2001 1277 2090 1334 det
2111 1277 2390 1345 Dominus,
2417 1291 2472 1334 et
2493 1281 2650 1338 ducet
2680 1293 2731 1338 te
2757 1301 2850 1354 per
2874 1286 2986 1340 vias
3007 1302 3132 1342 snas
3157 1306 3169 1340 :
3200 1287 3394 1358 diriget
3423 1291 3568 1344 enim

2001 1370 2157 1426 mites
2184 1370 2236 1424 in
2275 1370 2494 1440 judicio,
2541 1372 2752 1430 docebit
2775 1386 3082 1434 mansuetos
3105 1380 3221 1434 vias
3251 1394 3374 1436 suas
3401 1380 3572 1451 (Psal.

2001 1479 2144 1531 xxiv,
2174 1462 2250 1536 9).
2285 1464 2362 1520 Tu
2385 1483 2514 1536 ergo
2541 1470 2812 1538 cognovisti
2831 1473 3037 1526 semitas
3067 1489 3221 1528 meas.

2070 1555 2124 1610 9.
2147 1555 2216 1610 In
2265 1557 2348 1612 via
2387 1557 2482 1610 hac
2525 1575 2626 1627 qua
2665 1560 3004 1629 ingrediebar,
3035 1563 3403 1620 absconderant
3449 1567 3575 1620 mihi

1999 1647 2358 1716 muscipulam.
2415 1649 2510 1704 Via
2561 1651 2676 1704 haec
2719 1666 2820 1719 qua
2872 1653 3284 1720 ingrediebatur,
3331 1654 3575 1712 Christus

1999 1745 2082 1792 est
2103 1754 2117 1790 :
2145 1737 2216 1792 ibi
2237 1738 2308 1792 illi
2323 1739 2718 1794 absconderant
2737 1741 3104 1811 muscipulam,
3133 1745 3220 1813 qui
3245 1760 3574 1815 persequun-

1997 1837 2084 1884 tur
2113 1829 2166 1882 in
2193 1829 2427 1892 Christo,
2451 1840 2669 1899 propter
2698 1846 2890 1885 nomen
2938 1831 3154 1886 Christi.
3191 1833 3264 1888 lbi
3302 1850 3430 1904 ergo
3454 1836 3571 1888 abs-

1993 1920 2272 1974 conderant
2305 1920 2642 1989 muscipulam
2689 1922 2814 1974 mihi
2842 1924 2884 1976 ².
2935 1922 3072 1988 Quid
3124 1923 3178 1976 in
3231 1939 3316 1978 me
3359 1925 3572 1980 zelaut?

1995 2005 2120 2074 quid
2141 2005 2202 2082 in
2233 2018 2318 2058 me
2348 2005 2770 2074 persequuntur?
2799 2005 2948 2072 Quod
2997 2005 3318 2060 christianos
3347 2022 3484 2060 sunt.
3515 2009 3572 2062 Si

1995 2113 2120 2168 ergo
2149 2097 2170 2128 ³
2195 2097 2298 2152 hoc
2329 2105 2736 2166 persequuntur,
2765 2098 2907 2168 quod
2952 2098 3275 2152 christianos
3313 2114 3431 2154 sum
3457 2142 3472 2166 ,
3507 2099 3573 2152 In

1994 2191 2074 2244 via
2119 2207 2220 2260 qua
2245 2191 2596 2260 ingrediebar,
2637 2191 3004 2246 absconderant
3053 2191 3176 2244 mihi
3215 2193 3570 2264 muscipulam.

1997 2279 2266 2348 Quantum
2301 2280 2356 2336 in
2407 2280 2537 2350 ipsis
2569 2287 2692 2344 est,
2725 2280 2778 2334 in
2807 2281 2888 2334 via
2919 2295 3022 2350 qua
3069 2280 3424 2350 ingrediebar,
3472 2283 3570 2352 ipsi

1993 2371 2387 2430 absconderant
2412 2369 2764 2440 muscipulam
2790 2371 2918 2426 mihi
2954 2388 2968 2425 :
2999 2379 3256 2440 quantum
3292 2370 3358 2425 ad
3385 2386 3569 2427 eorum

1991 2463 2334 2532 cupiditatem
2365 2462 2616 2532 pertinet,
2670 2471 2927 2532 quantum
2958 2461 3024 2516 ad
3055 2477 3238 2516 eorum
3271 2471 3520 2518 conatum
3547 2507 3562 2528 ,

1989 2563 2244 2626 quantum
2265 2554 2332 2608 ad
2357 2568 2540 2610 eorum
2569 2562 2772 2620 votum,
2805 2553 2858 2605 in
2887 2552 2997 2622 ipsa
3024 2552 3106 2606 via
3155 2567 3240 2606 me
3283 2552 3571 2608 voluerunt

1991 2647 2186 2702 habere
2211 2647 2564 2714 muscipulam
2611 2659 2712 2714 qua
2743 2659 2982 2713 caperer.
3023 2641 3127 2698 Sed
3154 2643 3290 2696 novit
3312 2640 3567 2696 Dominus

1988 2741 2120 2794 viam
2130 2741 2388 2809 justorum
2411 2755 2430 2804 ;
2461 2747 2506 2792 et
2528 2748 2580 2792 tu
2609 2736 2881 2806 cognovisti
2915 2736 3119 2788 semitas
3141 2752 3294 2790 meas.
3317 2735 3426 2790 Hoc
3451 2737 3569 2806 qui-

1987 2833 2108 2888 dem
2145 2832 2220 2886 illi
2261 2832 2581 2894 voluerunt;
2613 2828 2708 2882 sed
2740 2837 2790 2880 tu
2831 2841 2927 2881 eos
2977 2841 3084 2880 non
3129 2825 3391 2896 permittis
3429 2827 3482 2880 in
3514 2835 3568 2880 te

1985 2941 2184 2996 ponere
2197 2923 2521 2987 scandalum,
2543 2921 2666 2992 quia
2683 2929 2739 2974 tu
2761 2935 2820 2973 es
2841 2919 2922 2972 via
2945 2932 3081 2972 mea.
3103 2917 3235 2971 Nam
3257 2927 3308 2972 et
3331 2916 3566 2972 hrcretici

1985 3023 2040 3077 in
2069 3022 2282 3077 nomine
2300 3019 2496 3076 Christi
2523 3017 2674 3071 nobis
2691 3015 2875 3070 volunt
2895 3012 3220 3068 abscondere
3231 3010 3562 3074 scandalum,

1984 3124 2038 3170 et
2059 3113 2158 3182 ipsi
2177 3113 2448 3166 falluntur.
2497 3107 2648 3173 Quod
2679 3121 2740 3160 se
2761 3107 2812 3158 in
2835 3105 2916 3158 via
2957 3111 3139 3172 putant
3165 3116 3385 3172 ponere,
3416 3109 3563 3154 extra

1985 3207 2124 3260 viam
2146 3208 2368 3272 ponunt,
2384 3201 2506 3268 quia
2521 3205 2577 3252 et
2597 3198 2694 3265 ipsi
2716 3205 2864 3248 extra
2881 3194 3012 3247 viam
3038 3201 3188 3248 sunt:
3211 3192 3374 3245 musci
3381 3191 3560 3261 pulum

1983 3311 2182 3367 ponere
2213 3308 2316 3346 non
2343 3298 2566 3360 possunt
2591 3287 2677 3340 ubi
2701 3286 2798 3354 ipsi
2831 3299 2932 3338 non
2959 3293 3104 3338 sunt.
3129 3283 3231 3338 Sed
3255 3282 3452 3336 dictum
3478 3294 3562 3336 est

1983 3387 2086 3443 hoc
2109 3383 2400 3440 secundum
2417 3379 2762 3449 cupiditatem
2777 3376 3034 3446 ipsorum,
3057 3374 3350 3430 secundum
3378 3383 3556 3427 votum

1981 3489 2035 3535 et
2063 3477 2370 3548 opinionem
2397 3485 2582 3528 eorum
2615 3486 2628 3522 :
2658 3483 2779 3524 nam
2807 3480 3060 3536 expresse
3083 3464 3206 3518 alibi
3229 3464 3426 3518 dictum
3453 3475 3555 3522 est.

1977 3573 2142 3627 Juxta
2161 3569 2364 3624 semitas
2393 3565 2636 3620 scandala
2663 3569 2932 3632 posuerunt
2964 3559 3086 3612 mihi
3113 3556 3131 3626 (
3165 3555 3306 3611 Psal.
3336 3572 3552 3622 cxxxtx,

1979 3668 2055 3737 6).
2085 3665 2196 3720 Hoc
2219 3660 2361 3732 quod
2386 3659 2586 3714 dictum
2607 3663 2710 3720 est,
2749 3653 2803 3706 in
2831 3651 2945 3714 via;
2971 3647 3264 3722 secundum
3293 3647 3556 3718 cupidita-

1981 3735 2087 3812 tem
2117 3767 2306 3809 eorum
2329 3759 2386 3805 et
2419 3757 2599 3802 votum
2631 3743 2829 3798 dictum
2877 3749 2960 3794 est
2989 3757 3004 3794 :
3035 3737 3164 3792 illud
3185 3736 3325 3808 quod
3354 3735 3552 3790 dictum

1977 3855 2093 3912 est,
2115 3845 2265 3915 juxta
2285 3843 2446 3906 viam,
2469 3837 2522 3893 id
2551 3845 2654 3897 est,
2669 3835 2823 3904 juxta
2870 3831 3109 3895 semitas;
3141 3827 3433 3884 secundum
3464 3843 3556 3880 vc-

1979 3939 2192 3992 ritatem
2221 3933 2422 3988 dictum
2451 3937 2554 3985 est.
2583 3927 2782 3982 Revera
2811 3923 2954 3978 enim
2996 3935 3102 3976 non
3134 3927 3338 3988 ponunt
3381 3920 3432 3973 in
3463 3934 3551 3974 se-

1977 4031 2128 4096 mita,
2155 4042 2259 4083 non
2291 4033 2494 4095 ponunt
2535 4023 2588 4076 in
2625 4021 2738 4090 ipsa
2775 4017 2861 4072 via
2889 4057 2906 4084 ,
2935 4015 3058 4086 quia
3093 4012 3335 4069 Christus
3364 4023 3447 4068 est
3470 4013 3552 4066 via

1979 4121 2160 4194 (Joan.
2181 4135 2292 4184 xvr,
2321 4116 2378 4186 6)
2411 4133 2426 4169 :
2455 4127 2584 4168 sane
2609 4111 2760 4181 juxta
2809 4106 3028 4161 semitas
3055 4112 3278 4175 ponunt.
3311 4102 3429 4158 Non
3459 4117 3551 4157 eos

1976 4213 2224 4270 Christus
2245 4211 2371 4264 sinit
2403 4219 2601 4277 ponere
2643 4204 2696 4258 in
2729 4201 2834 4266 via,
2865 4213 2932 4253 ne
2959 4213 3064 4252 non
3095 4197 3162 4250 sit
3187 4211 3290 4266 qua
3313 4209 3502 4250 eamus
3531 4212 3546 4250 :

1977 4306 2104 4362 sinit
2124 4313 2298 4357 tamen
2325 4313 2420 4354 eos
2444 4309 2644 4366 ponere
2667 4292 2814 4362 juxta
2839 4290 2998 4354 viam,
3027 4297 3087 4342 ut
3115 4286 3182 4342 de
3207 4286 3290 4340 via
3317 4300 3423 4341 non
3451 4285 3548 4340 dc-

1976 4398 2256 4453 elinemus.
2286 4392 2340 4446 In
2369 4389 2452 4444 via
2481 4403 2540 4442 se
2559 4393 2710 4456 putat
2733 4395 2932 4452 ponere
2954 4377 3260 4436 scandalum
3295 4391 3548 4448 paganus,

1975 4484 2188 4559 quando
2215 4481 2344 4535 mihi
2391 4477 2520 4533 dicit
2548 4493 2562 4528 :
2591 4474 2734 4530 Colis
2784 4472 2954 4526 Deum
2983 4468 3316 4524 crucifixum.
3349 4467 3552 4536 Repre-

1976 4557 2160 4634 hendit
2181 4587 2396 4628 crucem
2417 4567 2612 4624 Christi
2637 4607 2654 4634 ,
2695 4578 2856 4634 quam
2879 4577 2984 4616 non
3015 4559 3282 4629 intelligit.
3308 4557 3362 4610 lu
3393 4557 3548 4611 Chri-

1975 4681 2058 4726 sto
2081 4685 2140 4725 se
2168 4675 2318 4739 putat
2339 4677 2538 4736 ponere
2557 4658 2700 4730 quod
2722 4658 2870 4726 juxta
2895 4655 3032 4708 viam
3057 4652 3224 4722 ponit.
3249 4649 3362 4704 Non
3391 4665 3546 4718 egre-

1976 4765 2092 4821 diar
2111 4779 2137 4816 a
2159 4761 2393 4824 Christo,
2423 4765 2477 4811 et
2519 4767 2623 4808 non
2677 4748 2904 4804 incidam
2931 4763 2960 4800 a
2984 4747 3068 4798 via
3097 4745 3146 4798 in
3174 4742 3544 4810 muscipulam.

1977 4856 2202 4914 lnsultet
2223 4853 2312 4906 ille
2335 4848 2594 4904 cruciﬁxo
2627 4843 2869 4904 Christo;
2895 4838 3102 4892 videam
3131 4849 3229 4904 ego
3275 4835 3326 4886 in
3355 4833 3548 4886 fronti-

1975 4949 2074 5002 bus
2100 4957 2284 5014 regum
2309 4953 2520 4994 crucem
2558 4933 2774 4990 Christi.
2823 4929 2974 4998 Quod
3004 4926 3204 4990 irridet,
3242 4923 3312 4977 ibi
3347 4923 3543 4977 salvor.

1975 5039 2114 5096 Nihil
2141 5045 2224 5092 est
2263 5031 2544 5102 superbius
2581 5035 2780 5096 aegroto
2817 5021 2906 5092 qui
2933 5019 3136 5074 deridet
3185 5015 3550 5070 medicamen-

1977 5145 2088 5190 tum
2131 5143 2306 5186 suum.
2335 5125 2526 5180 Sinon
2577 5117 2843 5174 derideret
2866 5155 2881 5178 ,
2940 5109 3204 5178 acciperet
3238 5113 3292 5160 et
3327 5104 3460 5176 ipse,
3493 5113 3540 5158 et

1976 5229 2272 5282 sanarctur.
2295 5218 2437 5273 Crux
2461 5213 2550 5266 illa
2575 5209 2780 5278 signum
2799 5212 2880 5258 est
2895 5199 3238 5264 humilitatis;
3263 5196 3350 5250 illc
3367 5203 3542 5248 autem

1977 5314 2222 5386 superbia
2279 5308 2440 5364 nimia
2469 5319 2576 5359 non
2625 5296 2866 5370 agnoscit
2916 5292 3057 5346 unde
3115 5301 3335 5343 sanetur
3366 5296 3544 5340 tumor

1978 5375 2169 5465 anima:
2191 5402 2378 5473 ipsius.
2411 5397 2470 5452 Si
2495 5405 2670 5449 autem
2700 5404 2797 5458 ego
2828 5397 3078 5454 agnosco,
3113 5381 3166 5434 in
3193 5379 3276 5432 via
3307 5375 3544 5430 ambulo.

2042 5545 2056 5574 ί
2084 5541 2156 5590 sic
2177 5546 2294 5590 nea.
2341 5541 2424 5582 tus.
2449 5538 2498 5578 tn
2531 5535 2579 5575 Β.
2613 5521 2844 5572 omittitur
2869 5529 2981 5590 vox,
3008 5527 3124 5564 esse.
3145 5519 3222 5590 Er:
3247 5508 3548 5590 tergm-ven.

2343 5575 2614 5648 imit-feror,
2637 5597 2729 5634 non
2751 5578 3000 5648 superbus,
3018 5588 3109 5624 non
3133 5583 3359 5648 ιεςςεμδδαἱ
3379 5577 3473 5648 etc.
3495 5575 3554 5648 at:

1979 5615 2082 5656 ιιον-
2113 5603 2301 5661 legum,
2345 5605 2438 5642 "0"
2461 5603 2614 5661 “3’94"
2637 5603 3519 5661 ".0"fi"l"ii.§”.‘31'i‘i'ifil’iifZTJT'Ihii

2743 5630 2824 5706 qui
2849 5639 2912 5689 ibi
2937 5630 3009 5688 me
3033 5632 3360 5686 semtdaliztmt
3384 5643 3402 5682 .'
3427 5630 3554 5692 quod

1979 5717 2544 5780 3),Ani.et\iss.ai)(351-
2632 5775 2684 5780 η
2798 5773 2837 5780 ,ν
2873 5771 2902 5780 ,,

2453 5784 2568 5822 \‘cn.
2599 5777 2646 5820 ct
2669 5775 2774 5817 Lor.
2798 5773 2847 5812 In
2873 5771 2922 5812 Β.
2947 5762 3104 5820 deest,
3133 5769 3258 5822 ergo.
3304 5763 3359 5803 Μ.
