4038 6460
482 364 638 422 1859

498 482 679 554 Usque
700 479 833 536 adeo
860 478 926 535 de
951 476 1106 533 cruce
1134 489 1237 531 non
1266 473 1545 539 erubesco,
1574 479 1634 526 ut
1655 484 1761 525 non
1790 470 1841 523 in
1875 466 2059 523 occulo

497 585 554 631 to
584 575 702 629 loco
733 572 956 627 habeam
981 583 1190 624 crucem
1211 565 1425 630 Christi,
1449 562 1540 619 sed
1560 563 1611 617 in
1641 562 1812 616 fronte
1832 568 2061 629 portem.

493 665 664 721 Multa
714 663 1059 719 Sacramenta
1106 657 1260 711 aliter
1312 663 1470 725 atque
1515 653 1671 707 aliter
1726 649 2064 721 accipimus:

494 754 762 826 quasdam,
817 752 953 807 sicut
1004 748 1189 814 nostis,
1221 761 1315 803 ore
1355 745 1641 815 accipimus
1663 784 1678 809 ,
1708 739 1944 812 qumdam
1976 752 2071 808 per

499 852 668 900 totum
692 854 886 911 corpus
909 837 1215 908 accipimus.
1268 835 1401 902 Quia
1446 849 1577 890 vero
1618 833 1672 887 in
1714 830 1888 885 fronte
1940 842 2067 883 erua-

497 935 732 992 bescitur
754 974 769 997 ,
797 932 887 987 ille
911 930 1001 1001 qui
1030 929 1179 994 dixit,
1227 928 1327 995 Qui
1374 941 1456 979 me
1492 923 1743 979 erubuerit
1776 935 1943 975 coram
1971 920 2067 973 Ito-

494 1028 737 1092 minibus,
764 1022 1047 1079 erubescam
1067 1036 1181 1075 eum
1208 1034 1377 1073 coram
1398 1015 1556 1071 Patre
1578 1030 1705 1081 meo,
1734 1011 1820 1082 qui
1854 1011 1907 1064 in
1934 1008 2070 1063 cretis

498 1127 571 1174 est
602 1117 750 1189 (Luc.
778 1132 853 1181 ιι,
879 1115 990 1186 26)
1018 1128 1033 1180 ;
1066 1113 1231 1189 ipsam
1264 1107 1604 1181 ignominiam
1628 1102 1856 1176 quodam
1883 1100 2064 1167 modo,

498 1223 655 1280 quam
687 1204 877 1278 Pagani
905 1203 1170 1267 derident,
1201 1188 1254 1255 in
1280 1200 1400 1255 loco
1436 1196 1656 1268 pudoris
1675 1193 1841 1249 nostri
1866 1189 2066 1247 consti-

497 1301 619 1355 tuit.
646 1298 811 1353 Audis
836 1296 1104 1352 hominem
1132 1292 1386 1347 insultare
1415 1285 1730 1358 impudenti,
1760 1291 1816 1339 et
1842 1282 2020 1337 dicere
2048 1295 2063 1333 :

442 1376 463 1389 ”
501 1389 758 1446 Frontem
798 1403 903 1443 non
936 1385 1110 1439 habet.
1140 1381 1277 1451 Quid
1304 1388 1404 1445 est,
1437 1377 1685 1433 Frontem
1734 1388 1839 1429 non
1872 1369 2067 1426 habet?

498 1481 781 1551 [mpudens
847 1486 948 1534 est.
978 1476 1092 1531 Non
1135 1474 1357 1529 habeam
1383 1470 1578 1525 nudam
1608 1467 1872 1529 frontem;
1925 1469 2067 1532 tegat

496 1589 615 1629 eam
688 1587 816 1628 crux
890 1568 1100 1625 Domini
1155 1567 1278 1621 mei.
1333 1565 1489 1634 Ergo
1526 1561 1591 1615 In
1642 1561 1723 1614 via
1762 1575 1863 1628 qua
1896 1558 2066 1626 ingre-

492 1664 688 1731 diebar,
720 1662 1085 1717 absconderant
1139 1652 1474 1727 muscipuiam
1526 1651 1675 1716 mihi,
1707 1657 1958 1719 quantum
2012 1645 2066 1699 in

496 1757 626 1825 ipsis
645 1764 727 1811 est
756 1772 770 1821 ;
798 1769 917 1809 nam
952 1754 969 1783 ί
1017 1752 1165 1821 juxta
1212 1748 1350 1802 viam
1390 1751 1677 1816 posuerunt
1708 1759 1722 1796 :
1765 1754 1864 1809 ego
1888 1745 2065 1792 autem

498 1856 646 1901 tutus
673 1860 785 1909 ero,
817 1846 861 1899 si
891 1843 959 1898 de
987 1843 1071 1896 via
1098 1855 1204 1894 non
1248 1850 1541 1893 recessero.
1588 1833 1807 1904 Ignoras
1848 1828 1967 1897 quia
2011 1827 2066 1880 in

497 1941 663 1994 medio
690 1939 978 2006 laqueorum
1006 1931 1296 2004 ingrederis,
1326 1928 1398 1983 ait
1427 1927 1702 1995 Scriptura
1739 1920 1760 1995 (
1784 1920 1942 1975 Eccli.
1973 1935 2022 1974 Ix
2043 1957 2060 1984 ,

496 2030 612 2100 20).
643 2028 778 2096 Quid
808 2035 907 2093 est,
939 2026 993 2079 in
1021 2024 1183 2078 medio
1204 2018 1539 2090 laqueorum?
1563 2015 1619 2071 In
1654 2014 1737 2068 via
1761 2011 1981 2076 Christi,
2011 2018 2065 2064 et

498 2123 621 2176 hinc
661 2119 854 2191 laquei,
886 2127 939 2172 et
986 2116 1108 2170 hinc
1136 2112 1349 2183 laquei;
1379 2109 1551 2180 laquei
1585 2123 1614 2162 a
1642 2104 1859 2170 dextris,
1891 2100 2063 2171 laquei

496 2227 525 2265 a
549 2210 775 2265 sinistris
804 2227 816 2262 :
849 2206 1023 2278 laquei
1048 2220 1077 2260 a
1103 2203 1328 2268 dextris,
1375 2197 1702 2272 prosperitas
1729 2193 1942 2257 saeculi;
1988 2192 2065 2245 la-

494 2304 614 2374 quei
644 2317 673 2356 a
704 2299 933 2377 sinistris
957 2339 971 2363 ,
1000 2294 1296 2351 adversitas
1323 2291 1503 2347 smculi
1533 2307 1547 2344 :
1578 2287 1751 2359 laquei
1781 2301 1809 2340 a
1837 2283 2060 2348 dextris,

496 2376 911 2463 promissiones;
945 2387 1121 2458 laquei
1150 2401 1179 2441 a
1200 2384 1447 2449 sinistris,
1472 2390 1724 2437 terrores.
1756 2376 1834 2432 Tu
1861 2377 1914 2431 in
1944 2390 2059 2430 mc-

493 2488 583 2543 dio
612 2487 918 2556 laqueorum
971 2478 1277 2550 ingredere,
1303 2492 1329 2530 a
1374 2476 1457 2530 via
1503 2473 1612 2528 noli
1652 2469 2063 2527 recederemec

495 2579 787 2650 promissio
817 2586 869 2631 te
914 2574 1088 2644 capiat
1107 2614 1121 2638 ,
1150 2585 1249 2626 nec
1280 2581 1448 2625 terror
1490 2566 1721 2622 elidat’.
1751 2562 1815 2616 In
1842 2563 1922 2616 ria
1967 2560 2062 2614 hac

492 2686 590 2739 qua
616 2665 946 2738 ingrediebar,
992 2661 1352 2718 absconderant
1380 2656 1709 2727 muscipulam
1733 2653 1877 2707 mihi.

565 2760 651 2814 10.
682 2757 832 2831 [vers.
860 2754 938 2827 5.]
961 2752 1350 2809 Considerabam
1373 2750 1424 2803 in
1445 2748 1718 2811 dexteram,
1743 2754 1787 2797 et
1807 2741 2056 2796 videbant.

495 2851 549 2905 In
580 2850 849 2905 dexteram
898 2842 1299 2903 considerabat,
1331 2850 1381 2894 et
1412 2838 1663 2892 videbat:
1694 2836 1745 2888 in
1787 2833 2056 2887 sinistram

494 2944 584 3015 qui
614 2940 933 3001 considerat,
956 2942 1268 2990 excmcatur.
1297 2931 1428 3000 Quid
1452 2930 1599 2985 estin
1627 2927 1897 2982 dexteram
1928 2937 2057 2978 con-

499 3031 773 3088 sidcrare?
796 3030 898 3086 Ubi
929 3035 1083 3083 erunt
1104 3026 1176 3079 illi
1203 3024 1391 3095 quibus
1417 3022 1621 3077 dicetur
1648 3037 1661 3072 :
1696 3017 1887 3083 Venite,
1914 3016 2061 3070 bene-

492 3126 613 3179 dicti
641 3122 816 3177 'Patris
841 3120 955 3185 mei,
980 3117 1227 3188 possidete
1248 3130 1474 3186 regnum.
1497 3113 1664 3167 Erunt
1683 3109 1824 3165 enim
1845 3106 2058 3177 quidam

490 3218 545 3271 in
573 3215 805 3279 sinistra,
837 3211 1028 3281 quibus
1053 3208 1291 3263 dicetur:
1321 3204 1398 3259 Ile
1422 3206 1472 3258 in
1503 3204 1667 3275 ignem
1687 3210 1947 3263 atternum,
1973 3197 2061 3269 qui

493 3318 699 3378 paratus
723 3316 793 3359 est
814 3292 1013 3358 diabolo
1037 3310 1082 3355 et
1110 3298 1298 3370 angelis
1322 3299 1431 3364 eius
1452 3295 1656 3367 (Matth.
1680 3308 1805 3361 xxv,
1834 3293 1923 3357 54,
1946 3288 2057 3361 bl).

496 3400 778 3455 Fremcnte
808 3409 935 3466 ergo
962 3402 1071 3448 toto
1093 3390 1290 3447 mundo
1316 3397 1369 3443 et
1393 3387 1624 3441 minante
1652 3386 1704 3439 in
1733 3383 2059 3454 persecutio-

492 3490 670 3555 nibus,
695 3485 1154 3544 crebrescentibus
1178 3480 1408 3548 undique
1433 3475 1861 3532 insultationibus
1883 3473 2059 3527 homi-

494 3594 620 3633 num
648 3586 809 3647 atque
826 3571 1139 3639 terroribus,
1169 3571 1257 3625 ille
1283 3579 1629 3624 contemnens
1653 3564 1953 3634 pratsentia,
1983 3576 2062 3616 rc-

494 3668 750 3739 spiciebat
775 3667 825 3720 in
857 3665 1053 3731 futura,
1092 3658 1471 3717 attendebatin
1497 3658 1769 3713 dexteram
1804 3654 1894 3711 ubi
1924 3652 2062 3707 futu-

493 3773 587 3814 rus
616 3766 727 3820 est;
758 3758 827 3812 ibi
855 3770 974 3812 esse
1019 3752 1371 3808 meditabatur
1395 3791 1410 3815 ,
1467 3750 1592 3804 illuc
1619 3747 1955 3813 attendebat,
2005 3754 2061 3801 et

494 3848 748 3915 videbat,
778 3856 832 3902 et
853 3846 974 3901 ideo
997 3844 1181 3899 omnia
1209 3840 1417 3897 ferebat
1445 3857 1459 3893 :
1488 3839 1563 3893 'rlli
1607 3846 1787 3894 autem
1819 3838 1907 3908 qui
1937 3852 2060 3907 per-

496 3942 871 4011 sequebantur,
900 3953 1006 3992 non
1036 3935 1304 3991 videbant.
1334 3932 1457 3987 Ideo
1490 3948 1611 3987 cum
1636 3932 1858 3997 diceret,
1886 3929 2061 3984 Consi-

496 4036 731 4090 derabam
749 4034 800 4087 in
830 4033 1107 4094 dexteram,
1138 4039 1185 4084 et
1210 4028 1473 4090 uidebant;
1501 4035 1713 4081 secutus
1748 4025 1841 4089 ait,
1866 4023 1931 4077 Et
1960 4040 2059 4077 non

496 4137 605 4181 erat
647 4125 730 4196 qui
772 4130 1086 4194 cognosceret
1138 4135 1234 4173 me.
1263 4116 1394 4172 Cum
1426 4119 1568 4171 enim
1625 4115 1815 4169 toleras
1858 4114 2057 4178 omnia,

499 4218 616 4287 quis
636 4215 781 4270 novit
810 4213 932 4284 quid
960 4209 1235 4272 attendas;
1262 4216 1441 4263 utrum
1467 4207 1523 4261 in
1541 4206 1811 4261 dexteram
1847 4204 2058 4259 oculum

497 4308 713 4377 dirigas,
736 4320 802 4359 an
833 4304 885 4358 in
916 4300 1222 4357 sinistram?
1266 4297 1327 4353 'ln
1359 4311 1426 4353 eo
1455 4296 1594 4366 quod
1638 4296 1854 4362 toleras,
1884 4295 1929 4349 si
1950 4295 2060 4349 lau-

498 4399 620 4453 dem
650 4396 919 4451 hominum
947 4392 1164 4464 quaeris,
1198 4390 1251 4445 in
1280 4390 1549 4445 sinistram
1569 4387 1839 4443 attendisti
1864 4405 1883 4441 7:
1914 4387 1966 4440 in
1994 4402 2061 4441 eo

500 4488 637 4558 quod
660 4487 874 4547 toleras,
904 4484 947 4538 si
972 4483 1229 4553 promissa
1251 4481 1344 4535 Dei
1368 4480 1581 4550 quaeris,
1606 4480 1658 4533 in
1686 4478 1957 4533 dexteram
1983 4484 2064 4531 at-

500 4573 1029 4633 tendisti.Attendisti
1054 4574 1107 4627 in
1132 4573 1431 4636 dexteram,
1453 4570 1661 4624 videbis
1680 4586 1694 4623 :
1712 4567 1981 4623 attendisti
2009 4568 2063 4622 in

499 4668 789 4732 sinistram,
805 4662 1175 4720 excmcaberis.
1194 4660 1296 4716 Sed
1314 4668 1502 4715 etcum
1518 4657 1664 4713 vides
1686 4658 1736 4712 in
1767 4657 2061 4721 dexteram,

497 4774 604 4815 non
621 4756 824 4826 eritqui
856 4765 907 4809 te
934 4762 1200 4823 agnoscat.
1221 4750 1351 4817 Quis
1375 4749 1514 4804 enim
1547 4758 1597 4804 te
1621 4748 1940 4812 consolatur,
1963 4748 2064 4802 nisi

499 4849 755 4908 Dominus
792 4847 875 4901 cui
911 4845 1043 4900 dicis
1074 4885 1089 4911 ,
1142 4842 1208 4895 Et
1238 4852 1291 4895 tu
1328 4840 1602 4911 cognovisti
1648 4839 1846 4894 semitas
1888 4839 2067 4892 meas?

500 4940 610 4995 Nec
631 4949 734 4992 erat
754 4938 837 5003 qui
862 4943 1174 5006 cognosceret
1196 4950 1290 4987 me.

573 5032 661 5086 il.
696 5029 857 5084 Periit
907 5032 1029 5099 fuga
1054 5042 1084 5079 a
1112 5042 1210 5080 me.
1250 5025 1523 5094 Tanquam
1553 5023 1958 5078 circumclusum
2006 5036 2065 5078 se

500 5123 629 5178 dicit
654 5139 667 5177 :
699 5119 858 5176 Periit
885 5123 1007 5189 fuga
1030 5134 1061 5170 a
1084 5132 1178 5169 me.
1227 5115 1481 5169 Insultent
1510 5114 1530 5145 ³
1563 5123 1945 5183 persecutores,
1973 5128 2069 5183 cp-

503 5228 719 5273 pressus
765 5220 877 5277 est,
930 5216 1115 5279 captus
1171 5216 1283 5269 est,
1333 5204 1713 5259 circumelusus
1741 5214 1842 5269 est,
1893 5204 2066 5258 victus

500 5317 581 5362 cst
603 5302 666 5371 ";
709 5301 869 5373 periit
896 5299 1014 5370 fuga
1044 5297 1109 5354 ab
1136 5297 1243 5352 illo.
1265 5296 1345 5351 Ab
1370 5295 1459 5350 illo
1484 5294 1638 5364 periit
1660 5294 1780 5365 fuga
1802 5336 1816 5362 ,
1846 5294 1933 5363 qui
1958 5309 2066 5350 non

468 5531 472 5534 ι
566 5486 583 5516 ¹
610 5486 680 5533 sic
705 5490 802 5531 Am.
827 5488 901 5530 Fr.
928 5485 979 5529 et
1001 5478 1180 5541 aliquot
1208 5484 1313 5526 Mss.
1338 5483 1389 5525 At
1413 5474 1601 5541 quidam
1625 5472 1814 5522 codices
1844 5473 2067 5521 omittunt

499 5558 610 5598 nam
636 5558 652 5594 :
673 5546 809 5606 cujus
830 5544 933 5591 loco
956 5537 1168 5589 nonnulli
1191 5552 1297 5587 cum
1320 5545 1426 5586 ιον.
1452 5537 1649 5596 habent,
1668 5546 1777 5583 non.

565 5610 585 5638 ²
610 5606 831 5662 Plerique
853 5611 980 5657 Mss,
1001 5600 1145 5662 capit,
1168 5613 1253 5647 nec
1276 5607 1430 5650 terror
1452 5597 1602 5646 elidit.

566 5622 585 5638 '
610 5622 831 5667 Plerique
855 5622 980 5657 ωδδι,
1001 5622 1145 5662 CCIV“,
1168 5622 1253 5647 Iu’c
1276 5622 1419 5650 thIUI
1452 5622 1602 5646 mutu.

566 5670 585 5699 ³
610 5674 682 5715 Er.
720 5675 770 5716 et
787 5673 893 5713 Lov.
917 5677 929 5712 :
952 5660 1180 5711 Insultant
1211 5665 1548 5722 persecutores.
1576 5665 1629 5707 At
1662 5665 1758 5706 Am.
1779 5664 1830 5707 et
1842 5663 1970 5717 Mss,
1994 5654 2065 5705 in-

501 5730 687 5783 saltent.

565 5800 586 5824 δ
609 5790 805 5847 Quidam
822 5795 948 5844 Mss,
970 5790 1150 5834 mactus
1172 5790 1257 5833 est.

1713 354 1769 413 S.
1810 344 2171 412 AUGUSTINI
2208 349 2506 410 EPISCOPI

3595 362 3737 428 {Bm

2173 464 2321 538 fugit.
2353 468 2451 535 Qui
2485 478 2662 525 autem
2700 484 2805 526 non
2842 470 2994 545 fugit,
3024 474 3219 544 patitur
3265 477 3519 551 quidquid
3558 490 3735 551 potest

2173 574 2271 628 pro
2322 560 2561 627 Christo;
2597 561 2647 616 id
2675 570 2776 627 est,
2798 577 2903 618 non
2939 564 3076 636 fugit
3121 568 3320 625 animo.
3348 569 3479 625 Nam
3507 587 3736 642 corpore

2172 648 2354 721 fugere
2389 651 2535 720 licet,
2563 665 2875 710 concessum
2915 666 3031 725 est,
3074 659 3389 729 permissum
3415 671 3518 727 est,
3556 665 3735 720 Domi‘

2170 753 2241 795 no
2282 739 2500 827 dicente
2528 760 2542 795 :
2575 742 2637 798 Si
2663 760 2749 798 vos
2776 747 3017 814 persecuti
3058 747 3245 817 fuerint
3268 749 3323 803 in
3370 760 3474 804 una
3497 752 3696 807 civitate
3716 795 3733 820 ,

2171 832 2327 903 fugite
2353 834 2404 888 in
2425 835 2579 888 aliaat
2600 834 2808 905 (Matth.
2841 852 2899 903 ι,
2929 836 3041 908 25).
3062 837 3160 907 Qui
3191 854 3318 910 ergo
3332 856 3436 895 non
3456 830 3590 913 fugit
3616 844 3735 898 ani-

2170 938 2287 992 mo,
2316 925 2473 994 periit
2499 925 2683 981 abillo
2708 925 2867 996 fuga.
2900 925 3005 982 Sed
3055 927 3277 983 interest
3299 937 3467 1000 quare
3516 946 3622 987 non
3652 932 3731 986 l'u-

2173 1015 2313 1084 giat;
2348 1017 2469 1087 quia
2512 1018 2893 1075 circumclusus
2928 1027 3045 1087 est,
3096 1022 3220 1091 quia
3254 1031 3439 1093 captus
3497 1032 3620 1090 est,
3650 1037 3719 1079 an

2172 1107 2292 1177 quia
2348 1108 2501 1169 fortis
2527 1117 2607 1164 est
2640 1128 2655 1165 :
2685 1118 2741 1165 et
2773 1124 2807 1173 ει
2836 1118 2992 1181 capto
3030 1111 3176 1168 enim
3233 1112 3392 1182 periit
3425 1110 3570 1183 fuga,
3597 1122 3653 1169 et
3701 1127 3733 1168 a

2170 1197 2291 1254 forti
2329 1200 2482 1269 periit
2513 1198 2655 1271 fuga.
2701 1199 2830 1268 Quae
2881 1215 3009 1270 ergo
3044 1199 3165 1272 fuga
3211 1201 3445 1257 cavenda
3470 1202 3591 1258 est?
3614 1217 3734 1271 quae

2172 1287 2288 1359 luga
2313 1304 2343 1343 a
2380 1289 2533 1344 nobis
2572 1291 2794 1360 pereat?
2821 1290 2897 1346 De
2921 1305 3024 1361 qua
3044 1291 3300 1346 Dominus
3324 1290 3454 1346 dicit
3478 1291 3530 1345 in
3559 1292 3735 1347 Evan-

2179 1380 2341 1449 gelio,
2372 1379 2493 1450 quia
2521 1389 2692 1450 pastor
2727 1379 2885 1435 bonus
2909 1381 3132 1434 animam
3164 1397 3308 1434 suam
3332 1382 3469 1451 ponit
3502 1397 3594 1451 pro
3632 1382 3739 1437 osi-

2170 1470 2262 1524 bus
2280 1470 2384 1524 suis
2415 1484 2433 1523 :
2460 1472 2795 1525 mercenarius
2819 1480 2983 1525 autem
3000 1480 3047 1525 et
3064 1471 3148 1541 qui
3177 1487 3277 1525 non
3302 1480 3375 1524 est
3403 1481 3592 1541 pastor,
3620 1488 3735 1525 cum

2169 1562 2345 1617 viderit
2398 1563 2573 1632 lupum
2600 1563 2891 1630 venientem,
2924 1563 3075 1634 fugit.
3105 1561 3236 1618 Cum
3290 1563 3485 1618 viderit
3520 1564 3731 1633 praedo-

2170 1668 2313 1716 nem,
2367 1668 2531 1724 quare
2573 1653 2739 1723 fugit?
2767 1654 2901 1719 Quia
2942 1670 3045 1708 non
3088 1664 3161 1709 est
3211 1655 3258 1708 ei
3303 1671 3424 1708 cura
3460 1655 3525 1708 de
3561 1655 3735 1709 ovibus

2171 1742 2349 1815 (Joan.
2390 1759 2445 1809 ι,
2488 1744 2703 1815 11-15).
2743 1743 2886 1799 Talis
2921 1743 3039 1814 fuga
3091 1744 3159 1799 ab
3197 1746 3299 1799 isto
3328 1745 3597 1815 perierat;
3622 1746 3734 1800 sive

2168 1834 2236 1889 ab
2270 1834 2434 1903 ipsius
2463 1834 2656 1903 capitis
2690 1849 2916 1903 persona
2944 1834 3262 1904 accipiamus
3290 1834 3427 1888 hanc
3454 1848 3638 1893 vocem
3667 1834 3731 1888 il—

2169 1923 2271 1979 lius
2294 1923 2497 1979 Christi
2527 1925 2769 1991 Domini,
2800 1925 2891 1994 qui
2931 1939 3028 1994 pro
3056 1924 3304 1979 omnibus
3331 1933 3572 1979 mortuus
3603 1934 3683 1981 est
3712 1941 3728 1991 ;

2176 2015 2289 2070 sive
2317 2031 2346 2070 a
2373 2015 2626 2070 membris
2652 2016 2769 2085 ejus
2812 2016 3134 2087 martyribus
3164 2014 3533 2087 nostris,quia
3557 2024 3613 2072 et
3634 2016 3730 2086 ipsi

2172 2121 2270 2175 pro
2296 2105 2553 2160 fratribus
2593 2107 2735 2177 passi
2781 2115 2926 2162 sunt.
2966 2107 3102 2162 Audi
3138 2106 3393 2162 Joannem
3423 2108 3728 2164 dicentem:

2170 2200 2316 2254 Sicut
2353 2199 2485 2253 enim
2530 2200 2620 2254 ille
2641 2200 2864 2254 animam
2903 2216 3045 2254 suam
3051 2216 3164 2270 πο
3201 2201 3341 2254 nobis
3371 2201 3557 2271 posuit,
3584 2201 3656 2253 sic
3686 2208 3731 2253 et

2138 2294 2259 2345 ‘nos
2290 2290 2525 2345 debemus
2548 2291 2743 2346 animas
2780 2308 2872 2362 pro
2896 2291 3138 2362 fratribus
3171 2307 3354 2361 ponere
3380 2290 3419 2360 (l
3452 2289 3609 2343 Joan.
3640 2305 3695 2343 ιιι
3714 2328 3729 2352 ,

2168 2382 2282 2455 16).
2310 2382 2413 2438 Sed
2437 2397 2558 2437 cum
2589 2383 2660 2437 illi
2691 2390 2928 2452 ponunt,
2956 2382 3201 2439 Christus
3245 2382 3422 2451 ponit;
3449 2380 3573 2451 quia
3611 2394 3731 2434 cum

2167 2474 2244 2529 illi
2282 2474 2553 2543 patiuntur
2579 2474 3004 2543 persecutionem
3025 2514 3041 2539 ,
3072 2472 3188 2542 ipse
3225 2472 3440 2535 clamat,
3491 2469 3628 2536 Quid
3655 2484 3731 2522 me

2167 2565 2474 2637 persequeris
2500 2564 2636 2636 (Act.
2676 2579 2749 2629 ιιι,
2773 2564 2874 2633 4)?
2910 2562 3067 2617 Periit
3098 2565 3222 2634 fuga
3242 2578 3272 2615 a
3300 2578 3378 2614 me
3401 2575 3420 2624 ;
3452 2568 3499 2613 et
3527 2576 3630 2613 non
3658 2567 3729 2613 est

2164 2658 2251 2728 qui
2270 2657 2496 2727 exquirat
2515 2660 2736 2709 animam
2757 2670 2936 2709 meam.
2961 2654 3099 2724 Ergo
3129 2667 3232 2707 non
3273 2660 3358 2707 est
3380 2651 3467 2722 qui
3489 2650 3731 2721 exquirat

2164 2748 2394 2803 animam
2422 2747 2625 2817 ipsius?
2648 2746 2802 2801 Videt
2823 2746 3063 2800 homines
3085 2743 3221 2798 velle
3244 2743 3429 2797 smvirc
3450 2742 3502 2796 in
3543 2754 3730 2796 necem

2165 2856 2336 2905 suam,
2368 2840 2502 2895 velle
2530 2838 2802 2895 effundere
2838 2837 3148 2908 sanguinem
3201 2835 3402 2912 ipsius;
3456 2832 3730 2902 quomodo

2172 2949 2278 2989 non
2305 2940 2389 2988 est
2418 2932 2507 3002 qui
2538 2931 2774 3001 requirat
2819 2930 3048 2985 animam
3101 2928 3251 2998 ejus?
3293 2927 3360 2981 Et
3397 2926 3496 2980 hoc
3523 2924 3732 2979 duobus

2169 3022 2342 3079 modis
2387 3022 2659 3092 accipitur.
2712 3020 2991 3089 Quomodo
3038 3020 3213 3091 perire
3258 3015 3433 3087 fugam
3476 3014 3733 3083 accipitur

2165 3114 2369 3170 duobus
2398 3114 2593 3178 modis,
2634 3112 2755 3183 quia
2781 3119 2836 3168 ct
2860 3126 2889 3165 a
2919 3120 3073 3181 capto
3097 3118 3151 3165 et
3198 3123 3228 3162 a
3256 3107 3377 3163 forti
3406 3106 3538 3177 perit
3568 3105 3727 3175 fuga;

2168 3208 2246 3263 sic
2268 3207 2479 3263 duobus
2502 3205 2674 3262 modis
2700 3204 2954 3275 qumritur
2972 3202 3143 3256 anima
3176 3199 3422 3263 hominis,
3450 3206 3539 3251 aut
3560 3211 3593 3250 a
3619 3211 3731 3265 per-

2164 3300 2517 3363 secutoribus,
2545 3306 2684 3353 auta
2725 3295 3087 3352 dilectoribus.
3118 3292 3191 3347 Ita
3216 3305 3363 3362 ergo,
3395 3288 3515 3343 Non
3538 3296 3613 3342 est
3647 3286 3731 3357 qui

2167 3392 2388 3464 requirat
2430 3390 2656 3444 animam
2697 3404 2858 3442 meam
2877 3402 2896 3440 :
2915 3385 2981 3441 de
3009 3384 3114 3440 illis
3141 3384 3271 3438 dixit
3300 3424 3317 3450 ,
3347 3382 3505 3437 Certe
3543 3396 3729 3450 perse-

2166 3490 2403 3553 quuntur
2428 3484 2444 3513 ⁸
2472 3480 2699 3534 animam
2732 3491 2905 3533 meam
2931 3517 2947 3543 ,
2992 3484 3045 3531 et
3096 3490 3199 3528 non
3232 3480 3475 3544 qumrunt
3498 3471 3731 3525 animam

2164 3588 2361 3628 meam.
2385 3571 2441 3627 Si
2470 3578 2644 3624 autem
2676 3567 2950 3638 requirunt
2977 3564 3205 3618 animam
3234 3577 3427 3626 meam,
3462 3561 3731 3615 invenient

2162 3665 2507 3721 inhaerentem
2532 3661 2657 3717 tibi:
2685 3669 2739 3717 et
2782 3659 2825 3715 si
2856 3665 3052 3714 norunt
3094 3668 3209 3711 eam
3237 3668 3493 3725 quazrere,
3536 3657 3733 3707 norunt

2163 3765 2217 3812 et
2236 3754 2448 3810 imitari.
2476 3752 2607 3807 Nam
2636 3760 2692 3807 ut
2717 3748 2969 3805 noveritis
2984 3746 3147 3819 (μιαιτὶ
3172 3744 3400 3800 animam
3423 3740 3658 3797 hominis
3676 3748 3731 3794 et

2165 3863 2193 3901 a
2219 3844 2665 3917 persecutoribus,
2690 3842 2813 3897 inde
2835 3840 2957 3895 alibi
2996 3838 3190 3893 dicitur
3211 3853 3225 3890 :
3247 3834 3657 3905 Confundantur,
3683 3839 3732 3884 et

2163 3936 2569 4006 revereanturqui
2583 3941 2810 4006 quaerunt
2825 3931 3044 3985 animam
3060 3944 3219 3982 meam
3236 3924 3404 3997 (Psat.
3421 3938 3601 3984 xxxix,
3619 3921 3726 3989 15).

2234 4027 2323 4083 12.
2354 4027 2515 4099 [oers.
2545 4024 2636 4097 6.]
2662 4022 2885 4078 Clamavi
2918 4020 2986 4073 ad
3022 4028 3100 4086 te,
3128 4016 3376 4079 Domine;
3403 4014 3541 4076 dixi,
3573 4010 3649 4065 Tu
3680 4026 3729 4062 es

2164 4137 2276 4191 spes
2300 4135 2429 4173 utea.
2456 4115 2676 4184 Quando
2701 4112 3010 4178 tolerabam,
3037 4110 3248 4181 quando
3275 4104 3581 4169 tribulabar,
3602 4103 3733 4166 dixi,

2169 4213 2243 4267 Tu
2267 4228 2317 4266 es
2341 4227 2453 4281 spes
2474 4224 2603 4262 mea.
2632 4206 2766 4275 Spes
2793 4218 2910 4259 mea
2940 4202 3057 4267 hic;
3086 4200 3204 4255 ideo
3228 4198 3414 4252 tolero.
3440 4194 3617 4249 Portio
3639 4209 3732 4247 au-

2166 4314 2277 4383 tem
2308 4318 2451 4368 mea,
2482 4313 2586 4354 non
2627 4296 2742 4361 hic,
2769 4293 2863 4350 sed
2899 4294 2952 4347 in
2986 4302 3115 4346 terra
3151 4287 3433 4343 viventium.
3469 4285 3564 4338 Dat
3594 4283 3730 4338 Deus

2168 4375 2459 4467 portionem
2489 4392 2543 4445 in
2578 4399 2715 4445 terra
2742 4384 3058 4448 viventium;
3088 4380 3181 4435 sed
3219 4392 3324 4434 non
3360 4375 3556 4447 aliquid
3583 4389 3613 4429 a
3641 4388 3729 4439 se,

2166 4496 2317 4543 extra
2344 4500 2420 4540 se.
2447 4482 2583 4551 Quid
2608 4480 2754 4536 dabit
2774 4477 2967 4532 amanti
2990 4490 3069 4541 se,
3092 4472 3191 4528 nisi
3214 4469 3313 4527 se?

2239 4580 2325 4634 15.
2354 4577 2508 4649 [verm
2540 4573 2625 4647 7.]
2650 4572 2862 4628 Intende
2885 4570 2953 4624 ad
2981 4568 3253 4625 orationem
3278 4579 3472 4628 meam;
3492 4563 3611 4633 quia
3637 4562 3731 4615 Itu-

2168 4671 2387 4725 miliatus
2424 4684 2538 4723 sum
2586 4666 2755 4720 nimis.
2807 4662 3119 4719 llumiliatus
3159 4674 3189 4714 a
3231 4655 3730 4729 persccutoribus’,

2170 4758 2474 4815 humiliatus
2514 4757 2569 4811 in
2610 4752 2961 4810 confessione.
3002 4748 3257 4804 Humiliat
3286 4761 3345 4800 se
3382 4742 3729 4804 invisibiliter,

2172 4850 2471 4905 humiliatus
2494 4847 2561 4901 ab
2586 4845 2822 4899 hostibus
2844 4840 3137 4897 visibiliter.
3169 4838 3395 4907 Erigitur
3412 4850 3540 4905 ergo
3558 4834 3625 4888 ab
3644 4834 3734 4886 illo

2170 4940 2444 4997 visibiliter
2466 4948 2521 4995 et
2556 4935 2903 4993 invisibiliter.
2934 4930 3264 4987 lnvisibiliter
3292 4927 3452 4983 erecti
3481 4936 3605 4980 sunt
3626 4925 3731 4994 jam

2169 5043 2429 5105 martyres
2457 5050 2472 5086 :
2500 5029 2770 5085 visibiliter
2794 5026 3094 5095 erigentur,
3124 5037 3243 5077 cum
3271 5018 3611 5087 corruptibile
3639 5016 3737 5068 hoc

2173 5124 2399 5181 induerit
2424 5119 2867 5190 incorruptionem
2897 5116 2949 5170 in
2974 5113 3361 5170 resurrectione
3388 5119 3734 5173 mortuorum,

2171 5231 2291 5271 cum
2321 5225 2373 5271 et
2398 5215 2498 5270 hoc
2524 5214 2692 5283 ipsum
2722 5210 2773 5264 in
2798 5206 2937 5278 quod
2965 5206 3132 5260 solum
3162 5212 3528 5274 persecutores
3553 5199 3739 5255 smvire

2172 5314 2477 5377 potuerunt,
2506 5300 2879 5358 instaurabitur
2903 5297 2947 5368 (I
2977 5295 3091 5350 Cor.
3122 5309 3212 5361 xv,
3238 5293 3351 5363 55).
3381 5289 3552 5344 Nolite
3570 5290 3739 5341 timere

2173 5415 2255 5453 eos
2278 5399 2366 5468 qui
2390 5410 2571 5466 corpus
2597 5392 2847 5455 occidunt,
2873 5390 3093 5442 animam
3116 5395 3281 5439 autem
3308 5399 3411 5437 non
3433 5388 3639 5451 possunt
3661 5394 3743 5431 oc-

2172 5491 2338 5546 cidere
2366 5486 2587 5560 (Matth.
2614 5501 2646 5539 ι
2663 5526 2679 5551 ,
2706 5483 2778 5539 28
2797 5482 2836 5553 ).
2866 5482 2934 5536 Et
2954 5479 3079 5551 quid
3107 5476 3282 5548 perit?
3308 5473 3433 5546 quid
3461 5470 3742 5528 occidunt?

2238 5649 2254 5679 ι
2281 5654 2354 5694 Er.
2380 5641 2523 5704 Lugd.
2551 5648 2668 5689 Ven.
2694 5646 2745 5688 et
2768 5647 2894 5689 Lov.:
2923 5645 2992 5688 De
3025 5633 3121 5685 illis
3160 5630 3287 5683 dixit
3316 5636 3444 5681 certe
3466 5626 3551 5693 qui
3587 5635 3743 5689 perse-

2244 5708 2481 5829 Ῡηιεξῖθῖἰ
2496 5762 2821 5827 peccatoribus
2842 5773 2859 5812 .-
2882 5755 3281 5812 dissentientibus
3300 5753 3412 5804 ttdd.
3446 5750 3554 5803 aliis
3575 5754 3627 5800 et
3642 5754 3742 5796 una.
