4038 6464
303 384 429 448 1811

305 506 398 560 \‘el
440 504 542 559 hoc
583 502 661 558 eis
695 497 1032 573 permittitur,
1064 504 1121 551 ut
1157 491 1296 564 quod
1337 492 1629 548 occiderint
1664 487 1879 560 pereat?

301 596 415 651 Non
443 595 631 666 periei.
663 593 799 649 Audi
828 591 995 662 ipsius
1020 585 1226 645 Domini
1256 585 1660 655 promissionem
1684 599 1698 635 :
1722 580 1881 634 Amen

304 687 415 739 dico
442 684 577 739 vobis
594 726 609 749 ,
639 684 853 753 capillus
881 680 1060 752 capitis
1086 677 1233 732 vestri
1260 692 1359 729 non
1384 674 1536 745 periet
1562 671 1726 743 (Luc.
1752 684 1842 725 ut
1860 709 1878 735 ,

302 776 412 848 18).
444 775 581 844 Quid
618 789 745 845 ergo
770 773 835 829 de
868 772 1075 827 ezeterls
1103 766 1354 824 membris
1389 762 1645 820 sollicitus
1671 776 1760 830 es,
1790 758 1880 815 ubi

300 866 552 923 damnum
582 866 757 938 capilli
787 880 891 919 non
918 861 1053 919 erit?

364 948 461 1017 ⁷11.
494 958 633 1014 Erue
668 974 748 1014 me
779 975 811 1011 a
839 952 1237 1028 persequentibus
1265 966 1362 1005 nte.
1395 948 1438 1004 A
1467 945 1658 1019 quibus
1685 941 1881 1015 putatis

297 1050 444 1122 quod
469 1059 585 1106 oret
604 1058 661 1104 ut
684 1056 900 1104 eruatur
913 1046 939 1100 ἲ
959 1045 1040 1101 Ab
1061 1042 1360 1099 hominibus
1379 1039 1469 1110 qui
1492 1034 1883 1109 persequeban-

300 1140 421 1195 tur?
450 1139 525 1194 lta
554 1152 682 1194 vero
712 1139 811 1209 ipsi
842 1136 1083 1192 homines
1107 1142 1231 1189 sunt
1262 1132 1441 1187 hostes
1468 1127 1676 1184 nostri?
1704 1124 1879 1181 Habe-

298 1247 421 1287 mus
444 1232 576 1287 alios
604 1230 788 1285 hostes
825 1227 1146 1291 invisibiles,
1174 1223 1264 1294 qui
1292 1221 1445 1277 aliter
1474 1224 1877 1290 persequuntur.

299 1323 474 1379 llomo
514 1320 877 1394 persequitur,
918 1326 978 1374 ut
1018 1314 1225 1372 occidat
1266 1326 1499 1382 corpus;
1548 1306 1883 1379 persequitur

297 1414 458 1480 alius,
486 1422 545 1467 ιιι
568 1412 819 1481 illaqueet
845 1408 1095 1463 animam.
1118 1405 1186 1461 Et
1208 1403 1327 1459 ideo
1350 1416 1446 1473 per
1468 1413 1599 1455 vasa
1618 1412 1734 1462 sua,
1760 1394 1880 1466 quia

299 1505 368 1560 de
394 1505 484 1559 illo
508 1503 706 1559 dictum
735 1509 837 1566 est,
863 1500 1115 1570 Operatur
1137 1496 1192 1551 in
1216 1494 1336 1565 filiis
1358 1491 1643 1571 diuidenda:
1664 1486 1878 1558 (Ephes.

302 1609 360 1659 ιι,
389 1594 448 1665 9)
476 1611 490 1648 :
517 1608 613 1664 per
635 1606 760 1648 vasa
781 1605 898 1658 sua,
926 1589 979 1645 id
1004 1597 1107 1656 est,
1132 1586 1378 1642 homines
1400 1585 1453 1638 in
1477 1583 1669 1654 quibus
1694 1592 1884 1649 opera-

299 1692 420 1750 tur,
448 1683 555 1755 agit
591 1681 1013 1753 persecutionem
1039 1675 1282 1747 corporis
1300 1716 1317 1743 ,
1345 1682 1403 1729 ut
1431 1673 1574 1728 intus
1603 1671 1694 1726 ﬁat
1730 1669 1882 1724 ruina

300 1775 504 1833 cordis.
524 1774 656 1830 Nam
682 1774 728 1829 si
747 1771 972 1829 cadente
994 1782 1216 1839 corpore
1241 1772 1348 1822 stat
1370 1764 1567 1830 anima,
1592 1759 1884 1839 muscipula

302 1866 629 1923 comminuta
658 1872 741 1921 est
758 1904 773 1929 ,
800 1871 856 1919 et
878 1876 979 1917 nos
1006 1858 1216 1917 liberati
1254 1870 1439 1914 sumus
1464 1853 1652 1926 (Psal.
1680 1866 1847 1909 cum
1865 1892 1881 1917 ,

300 1959 386 2029 ⁸1).
416 1959 557 2028 Ergo
580 1964 704 2013 sunt
726 1964 779 2011 et
802 1955 887 2011 alii
913 1954 1096 2009 hostes
1118 1951 1308 2017 nostri,
1337 1963 1368 2004 a
1396 1947 1588 2019 quibus
1611 1944 1883 2016 deprecari

304 2050 565 2106 debemus
601 2049 767 2105 Deum
805 2055 865 2102 ut
899 2052 1052 2102 emat
1084 2058 1184 2100 nos
1206 2084 1222 2109 ,
1252 2056 1320 2097 ne
1357 2039 1613 2097 sedueant
1645 2050 1774 2104 nos,
1801 2034 1885 2090 vel

305 2138 506 2194 fractos
528 2137 787 2194 molestiis
814 2135 1153 2193 saecularibus
1172 2175 1186 2198 ,
1213 2132 1296 2188 vel
1326 2130 1568 2187 inductos
1596 2126 1882 2184 illecebris.

303 2228 409 2296 Qui
433 2237 557 2284 sunt
581 2228 666 2283 isti
689 2226 906 2283 hostes?
932 2226 1217 2281 Videamus
1242 2225 1287 2278 si
1313 2221 1381 2277 ab
1402 2220 1580 2291 aliquo
1602 2232 1759 2274 servo
1782 2217 1887 2271 Do-

304 2319 507 2376 minico
531 2328 717 2390 aperte
744 2316 1134 2384 describuntur,
1160 2314 1228 2370 ab
1252 2314 1429 2384 aliquo
1456 2311 1623 2368 milite
1649 2308 1885 2381 perfecto

303 2412 399 2481 qui
432 2425 551 2466 eum
588 2410 692 2466 illis
719 2423 1038 2480 congressus
1066 2416 1166 2463 est.
1200 2404 1336 2461 Audi
1366 2402 1674 2476 Apostolum
1701 2401 1884 2457 dicen-

305 2512 415 2558 tem
445 2521 459 2557 :
490 2501 610 2557 Non
635 2510 705 2557 est
732 2502 867 2555 vobis
894 2498 1178 2555 colluctatio
1206 2495 1443 2551 adversus
1468 2510 1669 2569 carnem
1692 2501 1738 2547 et
1762 2508 1884 2546 san-

303 2594 528 2663 guinem.
559 2592 730 2647 Nolite
753 2592 900 2663 quasi
929 2589 1049 2645 odia
1079 2596 1254 2644 vestra
1281 2595 1592 2643 convertere
1628 2586 1681 2640 in
1709 2584 1884 2639 homi-

302 2696 426 2748 nes,
449 2690 503 2738 et
527 2698 619 2738 eos
638 2682 787 2737 vobis
817 2681 997 2736 hostes
1019 2679 1343 2745 existimare,
1366 2684 1420 2733 et
1442 2691 1624 2733 eorum
1654 2674 1882 2731 inimici-

302 2775 394 2829 tiis
430 2790 527 2830 vos
560 2775 760 2830 conteri
801 2782 984 2844 putare
1020 2790 1034 2827 :
1070 2772 1155 2826 isti
1199 2770 1442 2825 homines
1477 2783 1611 2840 quos
1649 2766 1879 2834 timetis,

294 2877 429 2920 coro
452 2874 505 2920 et
529 2865 741 2935 sanguis
766 2872 919 2929 sunt;
947 2863 1065 2918 Non
1089 2870 1161 2918 est
1182 2862 1317 2917 vobis
1340 2859 1627 2915 colluctatio
1647 2858 1885 2913 adversus

294 2970 503 3010 carnem
531 2965 579 3009 et
604 2955 917 3027 sanguinem.
956 2953 1047 3010 Sic
1079 2952 1245 3008 voluit
1283 2952 1494 3017 dicere,
1534 2957 1883 3005 contemnens

294 3043 574 3100 hominum
615 3045 1005 3100 mortalitatem.
1044 3044 1114 3099 Et
1149 3042 1403 3099 adversus
1435 3041 1606 3112 quos?
1630 3040 1883 3095 Adversus

292 3137 569 3208 principes,
602 3135 788 3206 inquit,
816 3144 864 3189 et
892 3142 1173 3206 potestates,
1200 3141 1246 3187 et
1274 3141 1485 3187 rectores
1509 3132 1661 3203 hujus
1684 3129 1879 3197 mundi,

289 3228 611 3282 tenebrarum
649 3228 827 3281 harum
860 3225 1085 3298 (Ephes.
1116 3238 1201 3290 vt,
1233 3220 1353 3294 12).
1393 3221 1727 3291 Expaveras,
1756 3232 1881 3274 eum

286 3317 541 3383 audires,
588 3326 802 3372 rectores
842 3315 1037 3370 mundi.
1080 3312 1140 3370 Si
1185 3322 1420 3368 rectores
1465 3310 1643 3365 mundi
1687 3310 1878 3376 istius,

286 3407 554 3477 numquid
586 3416 781 3478 praeter
808 3405 1063 3462 mundum
1094 3405 1264 3460 iturus
1285 3418 1364 3469 es,
1391 3402 1482 3458 ubi
1512 3402 1631 3458 illos
1655 3416 1761 3458 non
1786 3416 1881 3473 pa-

284 3498 445 3553 tiaris
463 3498 488 3550 ?
518 3506 712 3568 praeter
736 3498 988 3553 mundum
1019 3498 1188 3551 iturus
1208 3509 1290 3563 es,
1319 3494 1409 3550 ubi
1438 3493 1505 3549 ab
1526 3493 1607 3549 eis
1631 3492 1837 3548 eruaris
1853 3491 1879 3545 ἲ

283 3589 376 3645 Sic
408 3604 539 3661 ergo
571 3590 752 3661 accipe
786 3589 961 3643 mundi
988 3596 1042 3644 et
1070 3588 1383 3642 tenebrarum
1422 3586 1603 3640 harum
1628 3594 1875 3651 rectores,

283 3694 395 3734 non
427 3687 663 3735 rectores
686 3679 808 3734 caeli
837 3688 891 3733 et
914 3687 1103 3745 terrae;
1132 3691 1254 3732 nam
1282 3676 1396 3747 ipsa
1421 3675 1617 3731 fabrica
1648 3674 1743 3729 Dei
1770 3683 1874 3729 est.

280 3772 500 3830 Caelum
542 3780 597 3829 et
643 3781 789 3829 terra
833 3771 1059 3827 mundus
1104 3770 1329 3837 dicitur,
1371 3776 1425 3825 et
1466 3767 1711 3824 homines
1752 3766 1877 3822 mali

280 3864 543 3921 mundus.
574 3864 749 3933 Quare
776 3872 832 3919 et
867 3864 953 3918 isti
985 3861 1254 3917 mundus?
1287 3859 1420 3928 Quia
1461 3858 1687 3929 diligunt
1722 3874 1878 3913 mun-

279 3956 415 4012 dum
454 3974 468 4010 :
500 3964 556 4011 et
592 3955 713 4011 ideo
746 3954 1008 4019 tenebrae,
1038 3952 1159 4024 quia
1198 3950 1366 4022 impii.
1407 3948 1635 4020 Ideoque
1671 3948 1781 4018 jam
1809 3962 1875 4003 ex

280 4046 405 4115 ipso
428 4060 654 4100 numero
673 4044 1013 4105 credentibus
1037 4042 1235 4109 multis,
1257 4038 1385 4111 quid
1404 4039 1535 4095 dicit
1556 4038 1876 4109 Apostolus?

279 4135 487 4192 Fuistis
522 4136 798 4209 aliquando
822 4135 1070 4199 tenebrat;
1105 4150 1239 4187 nunc
1268 4141 1433 4187 autem
1461 4132 1550 4187 tua:
1574 4132 1628 4185 in
1657 4130 1875 4187 Domino

283 4225 421 4300 (Id.
460 4241 514 4295 v,
554 4224 647 4300 8).
682 4226 977 4296 Antequam
1015 4224 1203 4281 essetis
1238 4236 1367 4295 ergo
1401 4222 1523 4291 lux,
1563 4236 1692 4278 cum
1723 4230 1875 4279 tene-

278 4317 397 4375 brte
424 4318 636 4385 essetis,
657 4317 911 4373 attendite
934 4331 1091 4389 quem
1113 4324 1377 4373 rectorem
1401 4314 1680 4371 habuistis.
1701 4314 1873 4382 Quem

278 4418 555 4467 rectorem
586 4410 782 4467 habent
812 4409 1015 4482 iniqui,
1044 4410 1147 4466 nisi
1172 4409 1441 4467 diabolum
1459 4450 1476 4477 ,
1505 4408 1773 4481 quomodo
1801 4410 1873 4484 pii

276 4510 335 4557 et
364 4500 556 4557 ﬁdeles
582 4513 844 4557 rectorem
884 4500 1082 4557 habent
1109 4500 1416 4557 Christum?
1441 4500 1581 4571 Ergo
1604 4498 1873 4557 diabolum

278 4600 337 4648 et
364 4592 589 4664 angelos
617 4592 731 4664 ejus
758 4602 971 4648 rectores
1006 4594 1183 4647 mundi
1211 4592 1528 4663 appellavit,
1561 4591 1612 4647 id
1638 4600 1722 4649 est
1738 4633 1756 4662 ,
1783 4608 1873 4648 re-

277 4691 467 4738 ctores
489 4681 802 4738 dilectorum
830 4682 1047 4751 mundi,
1074 4691 1309 4738 rectores
1334 4690 1703 4752 peccatorum,
1730 4682 1874 4754 quod

277 4779 397 4837 est,
440 4772 756 4827 tenebrarum
796 4773 975 4825 harum
1006 4786 1027 4826 :
1061 4772 1205 4841 ipsos
1242 4770 1499 4827 habemus
1537 4772 1807 4840 inimicos,
1841 4785 1872 4827 a

279 4863 484 4934 quibus
507 4863 764 4920 debemus
793 4862 1068 4934 deprecari
1094 4862 1381 4918 Dominum
1411 4871 1469 4918 ut
1495 4877 1764 4919 eruamur.

353 4955 451 5012 15.
482 4954 618 5011 Audi
644 4954 898 5010 mundum
934 4962 992 5010 et
1030 4951 1285 5027 mundum
1326 4960 1509 5023 aperte
1534 4967 1644 5009 uno
1670 4954 1789 5009 loco
1816 4953 1871 5009 in

278 5044 565 5117 Scriptura
591 5053 774 5101 sancta
794 5086 809 5113 ,
837 5046 891 5101 in
918 5043 1205 5115 Evangelio
1236 5060 1251 5098 :
1281 5042 1535 5099 mundum
1560 5058 1718 5114 quem
1749 5042 1875 5099 fecit

276 5137 466 5204 Deus;
496 5136 752 5192 mundum
778 5151 935 5208 quem
961 5135 1097 5208 regit
1120 5134 1362 5191 diabolus
1379 5174 1396 5200 ,
1424 5134 1478 5189 id
1503 5143 1620 5199 est,
1649 5134 1873 5191 dilecto-

276 5240 374 5285 res
396 5228 604 5286 mundi.
626 5228 881 5285 Homines
903 5228 1047 5285 enim
1072 5228 1216 5299 ipsos
1242 5227 1366 5284 fecit
1389 5228 1564 5295 Deus;
1589 5226 1873 5284 dilectores

276 5319 477 5375 mundi
504 5334 609 5374 non
630 5333 724 5374 eos
747 5319 888 5375 iecit.
916 5318 1165 5374 Mundum
1194 5319 1335 5375 enim
1356 5303 1575 5389 diligere
1596 5327 1871 5388 peceatum

276 5419 404 5477 est;
444 5419 718 5483 peceatum
760 5394 939 5466 autem
971 5425 1079 5466 non
1104 5409 1229 5465 iecit
1267 5410 1425 5467 Deus.
1460 5408 1595 5465 Audi
1628 5423 1781 5480 ergo,
1814 5417 1875 5464 ut

274 5503 471 5560 dicere
493 5518 781 5575 emperam,
811 5501 1069 5560 mundum
1097 5512 1151 5558 et
1174 5502 1449 5559 mundum.
1475 5500 1542 5557 In
1569 5503 1662 5557 hoc
1684 5502 1872 5558 mundo

275 5602 428 5660 erat,
456 5592 656 5651 dictum
685 5602 787 5650 est.
823 5594 901 5649 De
933 5609 1039 5664 quo
1073 5593 1273 5650 dictum
1303 5603 1418 5662 est,
1453 5592 1519 5648 In
1555 5593 1649 5647 hoc
1683 5594 1872 5649 mundo

272 5690 396 5739 erat
414 5721 431 5749 ,
460 5683 559 5740 nisi
589 5683 659 5740 de
683 5682 954 5754 Sapientia
982 5682 1111 5751 Dei,
1136 5681 1275 5755 quod
1303 5690 1386 5739 est
1412 5683 1654 5740 Christus
1680 5682 1868 5752 Jesus;

276 5773 353 5833 de
390 5789 497 5847 qua
532 5773 733 5833 dictum
769 5782 850 5833 est
887 5774 1029 5848 quod
1074 5775 1232 5847 paulo
1262 5783 1389 5831 ante
1424 5776 1869 5839 commemoravi,

1377 373 1768 435 ENARRATIO
1805 372 1871 429 IN
1909 370 2233 429 PSALMUM
2269 368 2444 430 CXLI.

3425 375 3556 432 18-ἱῖ

1989 484 2250 541 Pertendit
2286 503 2319 540 a
2362 488 2464 556 fine
2502 500 2653 555 usque
2688 485 2757 540 ad
2794 485 2946 556 linem
2990 476 3217 559 fortiter,
3258 498 3304 541 et
3340 489 3559 561 disponit

1986 578 2157 632 omnia
2185 578 2404 633 suaviter
2422 577 2575 650 (Sap.
2598 592 2709 645 vm,
2732 577 2830 649 l)?
2852 578 3059 649 Attiugit
3081 580 3212 635 enim
3236 580 3413 651 ubique
3438 599 3558 653 pro-

1986 676 2096 737 pter
2120 683 2263 721 suant
2292 668 2618 730 munditiam,
2647 677 2695 722 et
2723 667 2853 727 nihil
2876 669 3190 739 inquinatum
3224 671 3277 725 in
3305 671 3448 726 illam
3475 671 3557 724 in-

1986 757 2141 810 currit
2165 756 2319 827 (Sap.
2346 773 2439 824 vn,
2466 756 2558 823 2b,
2585 756 2698 830 25).
2730 757 2891 829 Ergo,
2920 758 2987 814 In
3021 760 3115 813 hoc
3142 760 3328 815 mundo
3359 770 3485 827 erat,
3510 770 3560 815 ct

1984 849 2203 905 mundus
2231 867 2320 921 per
2362 850 2526 920 ipsum
2553 851 2716 921 factus
2744 860 2815 906 est
2833 891 2848 917 ,
2892 860 2939 905 et
2963 851 3180 906 mundus
3209 868 3320 906 eum
3346 868 3448 907 non
3471 869 3559 906 co-

1985 942 2173 1012 gnovit.
2202 941 2408 998 Audisti
2428 941 2563 997 duos
2596 941 2821 997 mundos
2845 958 2860 996 :
2892 941 3118 997 Mundus
3145 959 3234 1014 per
3256 960 3371 999 eum
3399 948 3562 1015 factus

1986 1040 2089 1096 est,
2118 1039 2165 1087 et
2192 1034 2408 1088 mundus
2442 1051 2557 1089 eunt
2590 1050 2693 1089 non
2721 1034 2947 1105 cognovit
2974 1033 3162 1105 (Joan.
3194 1050 3242 1101 ι,
3285 1034 3405 1107 10).
3445 1035 3561 1090 Νοιι

1986 1119 2215 1175 mundus
2239 1122 2330 1192 qui
2358 1120 2528 1179 factus
2555 1132 2635 1178 est
2663 1138 2762 1194 per
2784 1122 2985 1188 Jesum,
3012 1123 3079 1179 ab
3107 1124 3211 1180 illis
3237 1124 3563 1195 principibus

1985 1218 2041 1265 et
2077 1213 2422 1281 potestatibus
2452 1214 2786 1270 tenebrarum
2823 1215 3057 1286 regitur;
3088 1215 3181 1272 sed
3217 1216 3444 1273 mundus
3470 1218 3559 1287 qui

1986 1317 2092 1359 non
2117 1305 2367 1375 cognovit
2392 1304 2595 1373 besem,
2624 1307 2675 1362 id
2701 1318 2803 1376 est,
2831 1308 3114 1365 dilectores
3139 1312 3340 1377 mundi,
3370 1327 3560 1383 peeea~

1986 1403 2152 1462 tores,
2186 1396 2369 1467 iniqui,
2399 1398 2612 1469 superbi
2642 1408 2696 1454 et
2722 1400 2981 1456 inﬁdeles.
3012 1401 3162 1459 Unde
3186 1403 3414 1459 mundus
3441 1419 3566 1474 pec-

1985 1488 2229 1542 eatores?
2250 1486 2380 1556 Quia
2411 1488 2636 1559 diligunt
2661 1491 2915 1546 mundum
2937 1532 2950 1556 ,
2977 1502 3033 1548 et
3058 1493 3323 1563 diligendo
3353 1494 3561 1551 inhabi-

1988 1583 2101 1629 tant
2124 1575 2412 1641 muudum;
2443 1578 2710 1649 quomodo
2738 1579 2928 1637 domus
2951 1581 3155 1638 dicitur
3170 1580 3477 1649 etl'abriea,
3509 1595 3564 1641 et

1986 1663 2363 1722 inhabitantes.
2390 1667 2535 1724 Bona
2563 1668 2782 1735 domus,
2814 1671 3130 1745 plerumque
3164 1675 3299 1730 bona
3331 1675 3560 1742 fabrica;

1986 1765 2043 1813 et
2084 1757 2222 1813 bona
2252 1758 2479 1828 domus,
2507 1762 2634 1832 quia
2673 1760 2795 1816 boni
2824 1773 3209 1820 eonversantur
3245 1766 3298 1821 in
3332 1782 3415 1822 ea.
3457 1767 3560 1831 Et;

1987 1845 2129 1903 Cave
2151 1847 2370 1904 domum
2396 1850 2550 1905 istam
2566 1892 2582 1918 ,
2607 1851 2732 1922 quia
2760 1850 2898 1907 mala
2924 1862 3033 1919 est,
3058 1854 3265 1911 duobus
3289 1856 3462 1912 modis
3486 1856 3568 1913 di-

1988 1938 2144 1993 citur.
2173 1938 2306 1994 Mala
2334 1950 2415 1996 est
2443 1941 2634 1997 domus
2673 1942 2788 1999 htec
2805 1986 2821 2011 ,
2845 1959 3009 2012 eave;
3041 1943 3181 2002 forte
3208 1955 3426 2017 propter
3452 1948 3534 2003 rui
3559 1986 3565 1992 ν

1988 2043 2132 2096 nam,
2160 2045 2228 2085 ne
2251 2030 2449 2101 aliquid
2475 2033 2630 2088 cadat
2652 2041 2706 2089 et
2726 2044 2778 2090 te
2803 2045 3007 2105 premat
3033 2052 3047 2089 :
3075 2036 3267 2092 dicitur
3288 2045 3341 2093 et
3363 2039 3441 2093 sic
3462 2038 3569 2093 alio

1989 2122 2170 2190 modo,
2198 2122 2339 2179 Cave
2370 2123 2586 2180 domum
2614 2125 2769 2181 istam
2798 2128 3016 2202 malam,
3047 2143 3115 2183 ne
3141 2129 3382 2185 incurras
3410 2132 3462 2184 in
3490 2131 3581 2185 la-'

1989 2226 2181 2284 qucum
2209 2216 2533 2280 venantium.
2560 2231 2630 2273 ne
2665 2231 2867 2288 pauper
2893 2219 3207 2289 opprimaris
3231 2234 3261 2273 a
3284 2219 3463 2283 divite,
3499 2235 3580 2283 ne,

1989 2303 2229 2360 fraudem
2267 2304 2497 2376 aliquam
2542 2307 2778 2377 patiaris.
2821 2306 3099 2376 Quomodo
3133 2322 3261 2379 ergo
3293 2309 3481 2364 domus
3513 2318 3582 2369 ειΔ

1987 2394 2198 2460 domus,
2226 2396 2303 2452 sie
2333 2396 2562 2453 mundus
2586 2405 2641 2453 et
2663 2397 2912 2455 mundus.
2939 2399 3115 2466 Quare
3141 2408 3317 2456 autem
3341 2408 3395 2455 et
3415 2401 3566 2470 justi,

1989 2499 2109 2540 cum
2148 2485 2256 2541 sint
2291 2496 2343 2542 et
2382 2488 2482 2557 ipsi
2521 2488 2574 2543 in
2621 2489 2854 2555 mundo,
2884 2504 2988 2545 non
3023 2489 3270 2546 dicuntur
3302 2490 3570 2547 mundus?

1988 2575 2120 2642 Quia
2149 2575 2279 2631 dicit
2303 2577 2626 2647 Apostolus:
2652 2577 2721 2633 In
2742 2596 2896 2635 carne
2917 2591 3085 2636 autem
3109 2582 3439 2649 ambulantes,
3468 2599 3566 2638 non

1988 2665 2261 2720 secundum
2284 2682 2485 2721 carnem
2513 2668 2786 2723 militamus
2814 2669 2877 2742 (ll
2905 2670 3022 2727 Cor.
3053 2688 3109 2738 x,
3141 2672 3231 2741 3);
3261 2675 3566 2728 conversatio

1988 2756 2120 2809 enim
2146 2764 2319 2810 nostra
2342 2757 2395 2811 in
2419 2758 2558 2812 caelis
2584 2769 2659 2814 est
2687 2758 2945 2832 (Philipp.
2981 2777 3060 2827 ιιι,
3089 2760 3203 2835 20).
3242 2763 3455 2819 llabitat
3485 2764 3569 2818 hic

1982 2845 2162 2914 justus
2185 2861 2366 2911 carne,
2393 2847 2487 2903 sed
2512 2849 2674 2904 corde
2698 2865 2817 2905 enm
2846 2851 2957 2906 Deo
2982 2859 3082 2908 est.
3110 2852 3175 2907 Et
3203 2854 3313 2923 ipse
3337 2855 3571 2924 appella-

1972 2944 2075 2992 ‘tur
2100 2938 2358 3003 mundus,
2389 2939 2435 2994 si
2462 2940 2578 2995 sine
2604 2955 2762 2997 causa
2791 2942 2970 3010 audit,
2995 2942 3216 2999 Sursum
3246 2959 3339 2999 cor
3364 2965 3376 3000 :
3402 2947 3447 3000 si
3475 2962 3571 3000 aua

1986 3036 2094 3085 tem
2122 3038 2203 3085 est
2229 3044 2386 3086 causa
2421 3046 2584 3101 quare
2620 3031 2799 3097 audit,
2839 3047 3050 3089 sursum
3085 3032 3345 3090 habitet‘.
3377 3035 3570 3090 Hormi

1984 3120 2120 3176 enim
2146 3120 2284 3186 estis,
2314 3121 2464 3188 dicit,
2490 3131 2537 3176 et
2558 3123 2661 3177 vita
2688 3128 2849 3179 vestra
2871 3124 3163 3180 abscondita
3186 3136 3258 3181 est
3284 3142 3399 3181 cum
3423 3126 3572 3183 Chri-

1984 3218 2062 3265 sto
2090 3211 2144 3264 in
2171 3210 2281 3265 Deo
2310 3210 2523 3281 (Coloss.
2552 3226 2629 3279 ιιι,
2659 3213 2997 3282 5).Quorum
3022 3222 3197 3270 autem
3227 3216 3331 3270 vita
3357 3216 3444 3272 hic
3463 3226 3565 3283 est,

1984 3299 2039 3356 id
2072 3308 2185 3370 est,
2220 3315 2447 3373 quorum
2484 3300 2811 3359 desiderium
2847 3311 2902 3359 et
2939 3318 3090 3359 amor
3127 3304 3212 3361 hic
3248 3306 3444 3375 lueret,
3480 3306 3568 3362 hic

1982 3393 2296 3461 conteritur,
2330 3393 2414 3450 hic
2441 3393 2760 3466 implicatur,
2791 3395 2929 3454 bene
2956 3395 3204 3453 dicuntur
3241 3398 3566 3457 habitatores

1984 3486 2169 3542 mundi
2198 3503 2213 3540 :
2241 3495 2296 3543 et
2332 3486 2467 3543 bene
2505 3486 2755 3543 dicuntur
2793 3487 3055 3553 mundus,
3088 3489 3162 3545 illi
3199 3490 3289 3560 qui
3326 3489 3567 3546 habitant

1983 3578 2270 3645 mundum;
2310 3580 2449 3636 sicut
2484 3580 2624 3636 bene
2662 3580 2908 3637 dicuntur
2943 3580 3160 3649 domus,
3191 3582 3263 3637 illi
3291 3582 3379 3653 qui
3410 3584 3560 3639 habi-

1983 3679 2099 3726 tant
2133 3670 2371 3727 domum.
2410 3671 2635 3728 Mundus
2670 3688 2798 3744 ergo
2834 3682 2890 3730 et
2926 3675 3154 3731 mundus
3183 3692 3195 3727 :
3225 3674 3450 3730 Mundus
3476 3694 3563 3745 per

1981 3777 2094 3816 eum
2134 3764 2296 3833 factus
2348 3771 2455 3828 est,
2495 3771 2542 3818 et
2582 3764 2803 3818 mundus
2838 3780 2953 3819 eum
2993 3781 3096 3820 non
3137 3766 3387 3836 cognovit.
3426 3767 3562 3822 Ecce

1981 3854 2212 3911 mundus
2247 3855 2414 3910 lactus
2446 3870 2541 3925 per
2568 3856 2848 3910 Dominum
2870 3898 2884 3922 ,
2914 3871 3041 3912 ecce
3074 3857 3303 3912 mundus
3336 3858 3425 3927 qui
3454 3872 3560 3913 nou

1981 3946 2232 4016 cognovit
2255 3946 2556 4000 Dominum.
2585 3944 2764 4000 Lauda
2790 3954 2845 4001 tu
2870 3946 3142 4012 lubricam,
3171 3954 3225 4001 et
3248 3961 3368 4002 ama
3398 3946 3557 4002 labri-

1980 4046 2251 4101 catorem;
2283 4046 2338 4091 et
2372 4036 2479 4091 noli
2510 4050 2690 4092 amare
2721 4035 2958 4092 habitare
2987 4036 3038 4091 in
3070 4035 3266 4092 fabrica
3286 4078 3301 4104 ,
3337 4035 3431 4093 sed
3459 4036 3559 4092 lta-

1978 4127 2087 4184 bita
2117 4128 2169 4181 in
2195 4126 2528 4182 fabricatore.

2052 4217 2140 4275 16.
2168 4217 2309 4273 Erue
2332 4234 2410 4273 me
2434 4235 2469 4273 a
2498 4221 2906 4290 persequentibus
2934 4236 3047 4285 me;
3068 4220 3306 4293 quoniam
3328 4221 3561 4277 corrobo—

1978 4311 2077 4369 rati
2097 4320 2215 4365 sunt
2242 4327 2394 4381 super
2427 4327 2526 4366 me.
2557 4311 2687 4379 Quis
2720 4311 2888 4378 dixit,
2926 4314 3237 4368 corroborati
3263 4323 3378 4369 sunt
3404 4331 3561 4386 super

1978 4402 2097 4457 me?
2119 4402 2323 4472 Corpus
2348 4400 2544 4458 Christi
2572 4403 2802 4467 clamat,
2832 4403 3086 4459 Ecclesia:
3109 4419 3213 4460 vox
3241 4412 3354 4471 est,
3385 4420 3559 4466 mem-

1980 4494 2074 4549 bra
2111 4492 2307 4548 Christi
2340 4493 2611 4549 clamant:
2639 4493 2858 4550 Multum
2886 4495 3054 4551 crevit
3083 4511 3338 4551 numerus
3374 4511 3561 4567 pecca-

1980 4591 2173 4639 torum.
2207 4584 2460 4650 Quoniam
2484 4584 2757 4640 abundavit
2781 4586 3018 4657 iniquitas
3035 4626 3051 4653 ,
3083 4587 3368 4658 refrigescet
3395 4588 3563 4642 chori.

1981 4684 2057 4731 tas
2083 4676 2353 4729 multorum
2378 4673 2591 4748 (Matth.
2624 4691 2766 4743 xxrv,
2796 4676 2905 4747 12).
2938 4675 3079 4731 Erue
3101 4694 3180 4732 me
3206 4694 3237 4730 a
3264 4694 3560 4749 persequen-

1978 4765 2109 4820 tibus
2132 4781 2243 4830 me;
2268 4767 2503 4837 quoniam
2526 4766 2833 4820 corroborati
2857 4776 2983 4821 sunt.
3003 4783 3155 4836 super
3178 4783 3273 4821 me.

2051 4857 2138 4911 17.
2176 4855 2337 4929 [vers.
2369 4855 2461 4927 8.]
2500 4856 2646 4910 Educ
2681 4858 2744 4911 de
2785 4873 2985 4911 carcere
3017 4857 3238 4911 animam
3268 4873 3463 4923 meam,
3508 4866 3561 4911 ut

1978 4947 2277 5015 conﬁteatur
2321 4946 2508 4999 nomini
2549 4954 2651 5000 tuo.
2684 4945 2887 5003 Carcer.
2915 4946 3015 5002 iste
3050 4946 3385 5016 aprioribus
3412 4951 3560 5002 varie

1978 5035 2277 5090 intellectus
2301 5043 2402 5089 est.
2431 5034 2497 5088 Et
2524 5034 2657 5091 forte
2683 5035 2797 5106 ipse
2821 5044 2903 5091 est
2920 5049 3112 5091 carcer.
3126 5034 3214 5105 qui
3237 5034 3484 5090 scribitur
3508 5037 3559 5091 in

1980 5124 2154 5187 titulo,
2185 5124 2445 5195 spelunca.
2475 5124 2680 5181 Titulus
2705 5125 2846 5180 enim
2874 5124 3064 5194 psalmi
3095 5123 3252 5196 hujus
3279 5123 3350 5179 ita
3379 5139 3438 5181 se
3466 5125 3562 5180 ha-

1978 5216 2070 5272 bet
2096 5234 2109 5270 :
2136 5217 2428 5271 Intellectus
2455 5216 2766 5289 ipsi.David,
2792 5232 2910 5269 cunt
2934 5226 3058 5271 esset
3080 5217 3133 5270 in
3157 5216 3414 5287 spelunca,
3444 5233 3561 5270 ora-

1979 5314 2071 5364 tio.
2098 5309 2229 5375 Quae
2253 5309 2525 5379 spelunca,
2545 5309 2668 5378 ipse
2692 5316 2746 5363 et
2768 5321 2971 5365 career.
3000 5307 3115 5363 Duo
3139 5306 3381 5379 qutedam
3406 5307 3563 5363 intel-.-

1981 5400 2186 5471 ligenda
2215 5400 2616 5469 proposuimus;
2642 5397 2737 5453 sed
2766 5412 2926 5452 unum
2955 5412 3077 5455 eum
3107 5396 3524 5453 intellexerimus
3543 5438 3560 5465 ,

1978 5501 2260 5562 utrumque
2286 5492 2405 5544 erit.
2436 5489 2620 5545 Merita
2657 5504 2923 5545 carcerem
2961 5488 3179 5545 faciunt.
3210 5488 3342 5547 Nam
3376 5489 3428 5543 in
3455 5504 3564 5545 uno

1979 5582 2207 5653 quodam
2232 5580 2552 5646 habitaeulo,
2577 5581 2730 5637 alteri
2753 5579 2943 5636 domus
2962 5591 3062 5648 est,
3083 5581 3239 5638 alteri
3256 5596 3442 5638 carcer
3461 5596 3561 5637 εει.

1981 5673 2058 5729 illi
2080 5671 2168 5743 qui
2184 5669 2496 5725 custodiunt
2520 5668 2764 5726 homines
2791 5670 3055 5738 inclusos;
3078 5672 3177 5729 etsi
3209 5673 3258 5727 in
3282 5673 3441 5730 domo
3467 5686 3562 5727 sua

2052 5784 2069 5816 ι
2096 5787 2172 5833 Er.
2197 5778 2350 5844 Lugd.
2373 5786 2493 5831 ven.
2516 5786 2569 5832 et
2591 5786 2699 5832 ιον.
2723 5793 2915 5833 sursum
2934 5794 3016 5835 cor
3041 5780 3275 5834 habitata-
3329 5788 3389 5832 ιι.
