4038 6464
516 334 655 388 48.15

513 449 847 515 custodiant,
882 451 956 505 illi
995 451 1084 521 qui
1126 451 1324 505 arctius
1361 450 1761 516 custodiuntur,
1796 451 1848 504 in
1882 463 2095 502 carcere

515 550 680 595 sunt:
715 542 966 611 numquid
993 541 1151 596 etilli
1190 542 1242 595 in
1284 557 1494 597 carcere
1536 557 1654 597 esse
1692 540 1897 596 dicendi
1942 540 2097 595 sunt?

515 633 688 689 Unum
720 633 1074 687 habitaculum
1103 642 1186 688 est
1213 640 1268 688 et
1300 634 1373 687 illi
1403 642 1452 688 et
1498 634 1604 698 illi;
1645 633 1794 688 alteri
1836 632 1960 686 facit
1995 631 2092 686 do-

512 741 659 779 mum
699 725 940 788 libertas,
975 724 1126 780 alteri
1169 740 1439 781 carcerem
1482 727 1726 780 servitus.
1771 724 2092 793 Quibusdam

510 831 637 886 erg-0
675 816 846 870 visum
886 825 968 870 est
995 816 1134 886 quod
1179 817 1426 887 spelunca
1454 827 1505 873 ct
1535 832 1718 872 carcer
1744 816 1970 870 mundus
1995 817 2092 871 istc

508 907 571 959 sit
597 923 610 970 ;
641 914 694 960 et
722 906 826 961 hoc
852 915 968 962 orat
997 907 1235 964 Ecclesia
1259 949 1273 974 ,
1305 917 1364 964 ut
1390 908 1456 964 de
1493 924 1706 964 carcere
1734 909 2006 974 educatur,
2039 908 2091 962 id

508 1007 590 1053 est
609 1041 623 1063 ,
651 999 719 1055 de
746 1000 847 1055 hoc
875 1001 1072 1055 mundo
1090 1043 1106 1067 ,
1139 1001 1204 1056 de
1234 1003 1332 1056 sub
1361 1002 1472 1056 sole
1492 1043 1508 1068 ,
1531 1001 1625 1056 ubi
1654 1002 1830 1055 omnia
1863 1001 2088 1055 vanitas.

507 1092 709 1148 Dicitur
734 1094 896 1160 enim,
926 1093 1110 1148 Omnia
1136 1096 1348 1154 vanitas,
1379 1105 1424 1148 et
1455 1095 1778 1163 prtesnmptio
1806 1095 2014 1162 spiritus
2037 1094 2090 1146 in

507 1185 645 1238 omni
682 1201 830 1255 opere
873 1187 1122 1254 hominis,
1153 1205 1251 1258 quo
1285 1188 1392 1257 ipse
1426 1188 1617 1242 laborat
1642 1187 1734 1242 sub
1760 1188 1866 1242 sole
1891 1186 2086 1257 (Eccle.

497 1295 540 1343 .1,
575 1278 631 1344 2,
660 1279 735 1352 5).
767 1281 906 1350 Ergo
931 1291 1076 1336 extra
1107 1283 1262 1337 istum
1303 1283 1558 1338 mundum
1586 1283 1636 1336 in
1665 1282 1844 1337 nescio
1869 1296 1971 1352 qua
2001 1296 2088 1336 re-

447 1373 478 1394 '
508 1373 629 1438 quic
674 1371 951 1440 pollicetur
989 1373 1141 1428 nobis
1182 1375 1322 1429 Deus
1351 1373 1491 1444 quod
1531 1373 1689 1428 futuri
1723 1375 1921 1438 simus;
1955 1373 2090 1428 forte

509 1459 627 1515 ideo
654 1460 719 1514 de
749 1463 865 1516 loco
895 1464 993 1518 isto
1030 1464 1319 1519 clamamus
1337 1506 1353 1531 ,
1382 1463 1525 1518 Educ
1553 1464 1614 1518 de
1638 1481 1836 1519 carcere
1867 1465 2088 1518 animam

505 1569 690 1606 meam.
718 1557 907 1610 Anima
931 1566 1109 1612 nostra
1135 1574 1230 1627 per
1251 1557 1404 1613 fidem
1426 1567 1480 1613 et
1501 1572 1649 1628 spem
1674 1558 1725 1612 in
1747 1558 1959 1613 Christo
1983 1567 2084 1622 est,

507 1645 646 1699 sicut
671 1648 828 1716 paulo
854 1657 985 1705 ante
1005 1650 1112 1704 dixi
1144 1668 1156 1702 :
1199 1651 1312 1704 Vita
1349 1662 1511 1706 vestra
1549 1651 1840 1706 abscondita
1869 1661 1940 1706 est
1973 1669 2088 1707 cum

505 1734 702 1792 Christo
729 1740 780 1794 in
810 1740 932 1796 Deo.
961 1741 1163 1814 Corpus
1186 1753 1360 1799 autem
1389 1754 1625 1800 nostrum
1653 1745 1701 1798 in
1731 1745 1833 1800 isto
1853 1761 2087 1809 carcere,

503 1829 558 1882 in
599 1830 700 1886 isto
739 1833 956 1887 mundo.
998 1833 1053 1889 Si
1093 1835 1326 1911 diceret,
1359 1836 1505 1891 Educ
1541 1837 1608 1892 de
1646 1852 1861 1892 carcere
1894 1852 2086 1908 corpus

505 1935 715 1990 meum;
744 1926 917 1980 securi
947 1927 1310 1997 acciperemus
1337 1943 1606 1985 carcerem
1645 1931 1920 1985 mundum.
1951 1931 2086 1984 For-

507 2022 648 2069 tasse
676 2024 849 2071 tamen
886 2027 1102 2089 propter
1136 2020 1310 2090 aliqua
1339 2036 1456 2090 qua:
1486 2036 1583 2076 nos
1615 2030 1796 2077 tenent
1823 2021 2081 2077 desideria

511 2115 742 2177 terrena,
761 2120 942 2166 contra
967 2128 1086 2182 qua‘.
1114 2113 1374 2168 luctamur
1397 2122 1450 2169 et
1475 2115 1810 2182 dimicamus,
1831 2116 1970 2184 quia,
2004 2115 2086 2168 Vi-

503 2198 597 2252 deo
639 2201 794 2254 aliam
841 2201 996 2274 legem
1037 2206 1090 2259 in
1135 2206 1367 2260 membris
1407 2207 1554 2271 meis,
1593 2217 1952 2277 repugnantem
1987 2208 2086 2278 legi

488 2295 683 2348 .mentis
708 2311 833 2350 mea:
859 2297 1033 2368 (Rom.
1060 2315 1151 2364 vn,
1181 2298 1272 2369 25)
1297 2317 1310 2366 ;
1339 2310 1487 2354 recte
1512 2300 1759 2367 dicimus,
1792 2301 1938 2354 Educ
1965 2301 2080 2354 ani-

503 2399 642 2439 mam
675 2401 845 2441 meam
872 2387 939 2442 de
973 2388 1074 2444 hoc
1114 2391 1344 2457 mundo,
1380 2390 1429 2445 id
1467 2400 1580 2456 est,
1621 2391 1687 2445 de
1726 2391 1992 2444 laboribus
2031 2401 2082 2446 et

502 2479 766 2543 pressuris
795 2479 952 2548 hujus
982 2482 1180 2536 saeculi.
1211 2482 1326 2536 Non
1363 2483 1502 2537 enim
1531 2496 1654 2537 caro
1684 2497 1841 2551 quam
1869 2493 1923 2536 tu
1951 2483 2082 2537 feci—

501 2567 588 2632 sti,
619 2567 712 2623 sed
741 2572 1038 2640 corruptela
1076 2574 1270 2641 carnis,
1300 2583 1352 2628 et
1382 2587 1663 2643 pressurae,
1691 2583 1743 2627 et
1769 2574 2083 2628 tentationes

501 2671 684 2714 carcer
707 2661 835 2716 mihi
860 2672 1001 2718 sunt.

573 2752 659 2806 18.
688 2753 862 2824 Aliqui
889 2765 1063 2810 autem
1097 2756 1341 2812 dixerunt
1370 2773 1634 2813 carcerem
1669 2755 1826 2815 istum
1865 2768 1919 2814 et
1953 2773 2077 2829 spe-

503 2840 712 2895 luncam
759 2858 949 2913 corpus
980 2845 1080 2900 hoc
1109 2862 1246 2909 esse,
1277 2857 1334 2902 ut
1359 2849 1457 2902 hoc
1483 2849 1582 2914 sit,
1610 2848 1754 2902 Educ
1787 2849 1850 2903 de
1881 2866 2078 2903 carcere

501 2935 721 2987 animant
744 2953 921 2992 meam.
951 2936 1058 2992 Sed
1080 2947 1132 2993 et
1154 2940 1250 2994 iste
1278 2941 1576 2996 intellectus
1603 2941 1810 2994 vacillat
1835 2941 2076 3011 aliquan-

501 3039 635 3082 tum.
667 3028 802 3096 Quid
849 3030 990 3084 enim
1043 3046 1292 3102 magnum
1319 3075 1334 3099 ,
1365 3033 1512 3086 Educ
1541 3033 1603 3087 de
1630 3050 1829 3088 carcere
1853 3035 2074 3087 animam

495 3135 694 3186 meam,
726 3120 874 3176 Educ
917 3122 984 3176 de
1029 3137 1252 3191 corpore
1294 3124 1520 3178 animam
1563 3126 1779 3179 meam?
1809 3126 2072 3180 latronum

495 3213 687 3266 anima:
713 3222 766 3266 ct
789 3214 1171 3270 sceleratorum
1212 3231 1391 3272 nonne
1425 3225 1619 3272 exeunt
1645 3216 1712 3272 de
1747 3231 1994 3287 corpore,
2023 3227 2075 3271 et

493 3312 621 3357 eunt
661 3303 711 3357 in
757 3304 965 3374 pejores
995 3321 1177 3376 poenas
1214 3323 1370 3377 quam
1415 3306 1502 3362 hic
1544 3309 1894 3378 pertulerunt.
1937 3307 2072 3374 Quid

491 3409 620 3464 ergo
650 3410 895 3465 magnum
924 3397 1138 3467 petitur,
1161 3397 1301 3451 Edac
1320 3399 1383 3451 de
1414 3415 1614 3453 carcere
1637 3401 1857 3453 animam
1888 3415 2072 3463 meam;

493 3501 615 3539 cum
653 3486 766 3541 sive
797 3501 919 3541 sero
941 3527 955 3552 ,
987 3489 1102 3542 sive
1147 3490 1252 3542 cito
1276 3531 1290 3554 ,
1320 3504 1539 3544 necesse
1577 3491 1645 3542 sit
1689 3491 1872 3544 exire?
1914 3490 2071 3544 Forte

489 3577 664 3645 justus
713 3576 877 3632 dicit:
908 3577 1026 3633 Jam
1059 3579 1286 3643 moriar;
1314 3579 1450 3634 educ
1480 3580 1548 3634 de
1576 3595 1790 3634 carcere
1822 3581 1923 3634 isto
1951 3596 2070 3634 cor-

492 3668 637 3735 poris
683 3669 912 3724 animam
954 3686 1147 3725 meam.
1179 3671 1233 3726 Si
1279 3672 1436 3742 nimis
1471 3671 1724 3739 festinat,
1753 3688 1857 3725 non
1914 3672 2071 3727 habet

492 3759 825 3815 charitatem.
859 3761 1172 3817 Dcsiderare
1201 3761 1412 3832 quidem
1443 3763 1544 3816 hoc
1587 3762 1742 3816 debet
1784 3772 1836 3816 et
1875 3777 2071 3817 concu-

492 3851 698 3918 piscere
721 3893 734 3915 ,
764 3853 904 3906 sicut
940 3853 1225 3922 Apostolus
1251 3854 1359 3906 ait:
1389 3853 1853 3920 Concupiscenliam
1882 3855 2068 3907 habens

490 3943 695 3996 dissolvi
722 3952 768 3996 et
795 3961 898 3998 esse
930 3960 1043 3997 cum
1061 3944 1292 4009 Christo;
1309 3943 1464 3999 multo
1491 3948 1620 3999 enim
1646 3947 1805 4016 magis
1825 3947 2068 4016 Optimum

489 4032 746 4105 (Philipp.
767 4053 805 4101 ι,
821 4036 1137 4107 25,24).88ι1
1154 4038 1239 4092 ubi
1264 4047 1344 4091 cst
1363 4037 1632 4092 charitas?
1651 4039 1786 4108 Ergo
1805 4040 2063 4108 sequitur,

489 4124 543 4176 Μ
552 4143 700 4180 onere
716 4127 766 4180 in
789 4144 937 4182 carne
957 4131 1288 4183 necessarium
1306 4139 1511 4199 propter
1525 4145 1630 4183 vos.
1652 4131 1723 4184 De
1745 4146 1970 4200 corpore
1987 4146 2069 4184 er-

491 4232 559 4285 go
578 4217 765 4273 educat
790 4221 946 4287 Deus,
974 4222 1185 4290 quando
1203 4222 1445 4276 voluerit.
1469 4223 1652 4276 Posset
1668 4222 1771 4276 dici
1803 4231 1855 4277 et
1873 4237 2066 4291 corpus

488 4317 732 4363 nostrum
763 4325 966 4373 carcer,
1001 4326 1102 4365 non
1130 4312 1248 4382 quia
1275 4327 1460 4366 carcer
1485 4321 1567 4367 est
1595 4313 1735 4382 quod
1762 4312 1885 4367 fecit
1903 4312 2062 4377 Deus,

487 4401 582 4454 sed
605 4402 725 4470 quia
758 4404 964 4472 poenale
989 4413 1041 4459 et
1063 4407 1304 4460 mortale.
1351 4406 1464 4459 Duo
1490 4408 1631 4460 enim
1679 4406 2058 4460 consideranda

487 4500 612 4544 sunt
660 4493 711 4546 in
754 4502 935 4547 nostro
981 4510 1245 4564 corpore;
1284 4496 1591 4566 figmentum
1639 4497 1770 4563 Dei,
1816 4505 1869 4550 et
1909 4512 2063 4566 poena

489 4583 686 4636 meriti.
713 4583 843 4638 Tota
887 4585 984 4638 ista
1033 4586 1201 4640 lorma
1229 4627 1243 4650 ,
1287 4595 1456 4640 status
1481 4627 1494 4650 ,
1523 4588 1792 4653 incessus,
1824 4589 2061 4642 membra

486 4672 729 4727 ordinata
751 4716 766 4741 ,
817 4689 1068 4730 sensuum
1121 4676 1501 4745 dispositiones
1525 4720 1538 4744 ,
1588 4677 1768 4732 videre
1793 4720 1808 4746 ,
1841 4680 2023 4736 audire
2045 4723 2059 4748 ,

487 4765 717 4822 olfacere
737 4809 752 4835 ,
784 4775 995 4838 gustare
1016 4812 1029 4836 ,
1055 4770 1402 4840 contingere;
1435 4771 1608 4825 omnis
1655 4771 1766 4826 lucc
1810 4786 2065 4842 compago

485 4861 540 4904 ct
585 4851 799 4908 fabricae
829 4854 1128 4921 distinctio,
1159 4869 1262 4908 non
1289 4856 1455 4923 potuit
1485 4856 1596 4908 lieri
1627 4856 1725 4908 nisi
1748 4872 1777 4910 a
1803 4856 1910 4911 Deo
1931 4898 1944 4920 ,
1973 4859 2059 4927 qui

483 4945 660 4999 omnia
701 4956 950 5016 cperatus
980 4955 1092 5012 est,
1125 4947 1360 5002 coelestia
1389 4988 1403 5011 ,
1435 4951 1706 5004 terrestria
1728 4992 1743 5016 ,
1772 4964 1976 5003 summa
2009 4961 2062 5005 ct

481 5036 589 5091 ima
616 5079 631 5104 ,
663 5037 884 5092 visibilia
929 5047 982 5094 et
1029 5039 1330 5093 invisibilia.
1385 5038 1520 5105 Quid
1565 5055 1692 5110 ergo
1745 5041 1816 5095 ibi
1853 5043 2061 5110 poenale

481 5129 774 5183 nostrum?
825 5130 975 5197 Quod
1026 5131 1382 5199 corruptibilis
1427 5141 1589 5196 caro,
1633 5133 1770 5200 quod
1823 5131 2058 5203 fragilis,

483 5223 623 5294 quod
669 5225 929 5288 mortalis,
957 5225 1094 5295 quol
1125 5224 1402 5294 indigens:
1436 5223 1534 5278 hoc
1561 5239 1664 5277 non
1712 5225 1813 5278 erit
1843 5227 1894 5278 in
1924 5242 2059 5294 prm-

479 5317 609 5371 mio.
633 5316 746 5371 Non
775 5317 914 5369 enim
941 5331 1133 5385 corpus
1160 5333 1262 5369 non
1288 5317 1410 5382 erit,
1432 5330 1550 5370 cum
1583 5329 1774 5384 corpus
1796 5325 2051 5386 resurgat.

479 5409 585 5463 Sed
607 5409 731 5480 quid
760 5410 828 5463 ibi
871 5424 975 5463 non
1006 5410 1147 5463 crit?
1176 5410 1458 5478 Corruptio
1490 5427 1503 5464 :
1532 5409 1876 5478 corruptibilc
1915 5411 2054 5462 enim

482 5499 585 5554 hoc
631 5499 824 5556 induet
866 5501 1314 5571 incorruptionem
1349 5501 1400 5572 (l
1423 5498 1539 5557 Cor.
1569 5518 1656 5569 xv,
1681 5500 1793 5573 55).
1826 5501 1964 5571 Ergo
2009 5502 2052 5555 si

478 5605 603 5645 caro
631 5591 721 5644 tibi
747 5607 934 5647 carcer
962 5605 1041 5647 est
1062 5635 1075 5658 ,
1108 5608 1212 5647 non
1243 5608 1435 5663 corpus
1459 5603 1541 5650 est
1560 5610 1743 5650 carcer
1771 5605 1927 5660 tuus,
1959 5594 2050 5648 sed

477 5685 749 5753 corruptio
777 5687 1014 5754 corporis
1043 5685 1136 5739 tui.
1163 5685 1366 5756 Corpus
1394 5688 1534 5742 enim
1579 5696 1724 5741 tuum
1755 5687 1878 5742 fecit
1915 5687 2054 5742 Deus

475 5778 674 5832 bonum
697 5820 715 5846 ,
743 5779 862 5848 quia
897 5779 1064 5833 bonus
1085 5789 1200 5844 est;
1233 5781 1628 5849 corruptionem
1660 5780 1831 5835 intulit
1851 5783 2046 5853 justus,

1748 334 1801 388 S.
1845 325 2206 386 AUGUSTINI
2251 329 2549 389 El’lSCOPl

3641 345 3775 404 18η

2207 445 2326 512 quia
2344 446 2509 515 judcx
2541 458 2620 502 est
2640 466 2652 502 :
2676 449 2802 505 illud
2829 450 2994 507 babes
3007 452 3070 508 de
3087 453 3367 522 beneficio,
3385 455 3509 510 illud
3532 455 3696 512 habes
3712 476 3776 516 ue

2202 539 2483 608 supplicio.
2514 541 2626 596 lloc
2668 558 2794 612 ergo
2839 545 2972 601 forte
2997 546 3148 614 dixit,
3175 546 3319 600 Ednc
3345 549 3406 601 de
3427 566 3628 604 carcere
3657 554 3764 604 ani-

2205 647 2336 684 mam
2356 649 2535 697 meam,
2555 634 2706 689 Educ
2728 635 2793 691 de
2810 639 3149 707 corruptione
3169 641 3401 695 animam
3421 643 3678 698 meam.Si
3699 647 3772 699 sic

2199 722 2572 795 intelligamus,
2594 743 2699 781 non
2727 738 2809 783 est
2829 729 3188 800 blasphemia;
3214 733 3514 788 intellectus
3539 745 3771 790 constat.

2269 815 2359 870 19.
2394 817 2474 870 Ad
2522 828 2856 888 extremum,
2908 823 3131 889 fratres,
3175 824 3312 878 sicut
3363 825 3627 892 arbitror,
3675 827 3775 883 hoc

2195 905 2348 975 dixit,
2379 907 2526 963 Educ
2558 911 2620 964 de
2637 928 2840 968 carcere
2877 915 3103 968 animam
3132 933 3315 983 meam,
3342 916 3489 972 Educ
3519 919 3586 972 ab
3611 933 3775 988 angu-

2193 999 2317 1052 stia.
2351 998 2612 1058 Gaudenti
2655 1004 2797 1058 enim
2847 1004 3050 1060 homini
3098 1016 3152 1060 et
3191 1022 3375 1062 carcer
3415 1008 3552 1064 latus
3577 1019 3692 1074 est,
3723 1021 3775 1064 et

2198 1091 2332 1146 tristi
2382 1102 2588 1161 pratum
2640 1106 2922 1167 angustum
2965 1106 3071 1152 est.
3099 1099 3239 1169 Ergo
3278 1107 3394 1153 orat
3439 1114 3498 1156 se
3526 1101 3679 1156 educi
3709 1100 3773 1154 ab

2194 1185 2456 1254 angustia.
2487 1187 2738 1254 Quamvis
2763 1189 2904 1242 enim
2950 1189 3002 1244 in
3045 1204 3141 1262 spe
3181 1190 3513 1247 latitudinem
3543 1192 3769 1259 habeat,

2195 1275 2247 1329 iu
2276 1291 2334 1330 re
2365 1287 2538 1332 tamen
2568 1279 2816 1347 praesenti
2862 1289 3194 1350 angustatur.
3238 1280 3467 1337 Attende
3505 1286 3772 1353 angustias

2193 1366 2434 1436 Apostoli
2464 1385 2476 1421 :
2510 1367 2632 1423 Non
2656 1369 2807 1424 habui
2834 1371 3053 1441 requieta
3075 1372 3260 1441 spiritu
3289 1389 3398 1427 meo
3421 1415 3434 1438 ,
3463 1373 3629 1439 dixit;
3659 1375 3769 1444 quia

2193 1474 2292 1512 non
2329 1459 2495 1514 inveni
2540 1460 2708 1514 Titum
2752 1466 2959 1532 fratrem
3002 1480 3166 1517 meum
3192 1464 3254 1534 (ll
3283 1463 3401 1518 Cor.
3434 1481 3490 1529 It,
3520 1466 3634 1536 15).
3657 1466 3769 1520 Alio

2191 1548 2310 1602 loco
2340 1568 2350 1601 :
2381 1550 2507 1617 Quis
2543 1552 2848 1620 inﬁrmatur,
2879 1563 2926 1607 et
2956 1571 3045 1625 ego
3067 1571 3167 1609 non
3197 1557 3467 1624 inﬁt-mor?
3489 1558 3599 1627 quis
3623 1575 3769 1611 scan-

2193 1642 2460 1710 dalizatur,
2491 1653 2536 1697 et
2565 1662 2656 1716 ego
2681 1663 2781 1699 non
2803 1663 2924 1700 uror
2949 1647 3140 1720 (Idm,
3164 1647 3293 1718 29)?
3318 1649 3416 1715 Qui
3445 1665 3574 1720 ergo
3603 1660 3655 1704 et
3693 1652 3768 1704 in-

2197 1734 2509 1802 tirmabatur
2545 1745 2598 1789 et
2629 1737 2901 1804 urebatur,
2936 1753 3113 1793 nonne
3157 1740 3210 1793 in
3247 1740 3419 1808 pinnis
3471 1748 3526 1793 et
3559 1755 3768 1794 carcere

2191 1824 2350 1877 erat?
2378 1824 2480 1879 Sed
2513 1826 2626 1879 istae
2675 1841 2846 1896 poena:
2891 1843 2955 1882 ex
2999 1827 3257 1886 charitatc
3307 1845 3559 1885 coronam
3596 1840 3767 1900 partu-

2191 1916 2352 1970 riunt.
2378 1916 2527 1972 Unde
2549 1917 2739 1973 iterum
2761 1919 2891 1974 dicit
2919 1939 2931 1973 :
2965 1919 3207 1991 Superest
3236 1922 3356 1974 mihi
3400 1939 3588 1976 corona
3616 1925 3767 1993 justi-

2188 2007 2272 2060 tite
2295 2047 2309 2069 ,
2351 2024 2502 2076 quam
2524 2010 2696 2064 reddet
2717 2012 2839 2065 mihi
2861 2012 3106 2066 Dominus
3135 2014 3187 2066 in
3212 2014 3302 2068 illa
3327 2013 3594 2084 diejustus
3607 2014 3764 2084 judcx

2190 2097 2255 2166 (ll
2273 2095 2407 2151 Tim.
2431 2115 2502 2165 tv,
2531 2100 2607 2168 8).
2638 2101 2718 2155 Ad
2746 2101 2846 2156 hoc
2870 2102 3011 2172 valet
3031 2143 3046 2170 ,
3079 2103 3223 2157 Educ
3242 2105 3304 2158 de
3328 2121 3526 2158 carcere
3551 2105 3764 2158 animum

2189 2205 2385 2256 nteant,
2417 2201 2473 2243 ut
2496 2193 2794 2260 conﬁteatur
2834 2196 3024 2248 nomini
3049 2206 3154 2250 tuo.
3182 2196 3297 2251 Jam
3323 2197 3511 2252 educta
3550 2197 3619 2253 de
3645 2213 3762 2252 eor-

2189 2281 2457 2350 ruptione,
2483 2283 2611 2352 quid
2634 2282 2797 2339 habet
2820 2284 3107 2341 confiteri?
3132 2287 3358 2342 Peccata
3396 2287 3467 2343 ibi
3495 2304 3601 2342 non
3622 2298 3760 2349 sunt,

2187 2371 2281 2425 sed
2308 2371 2493 2428 laudes
2513 2382 2639 2429 sunt
2665 2393 2676 2428 :
2707 2375 2916 2430 duobus
2956 2387 3133 2431 autem
3171 2378 3343 2432 modis
3383 2377 3651 2434 confessio
3689 2381 3762 2434 in-

2191 2460 2467 2530 telligitur,
2496 2471 2550 2517 et
2577 2465 2631 2517 in
2656 2466 2886 2534 peccatis
2930 2468 3162 2536 nostris,
3186 2477 3239 2522 et
3285 2469 3336 2522 in
3377 2468 3533 2523 laude
3562 2469 3677 2524 Dei.
3706 2468 3758 2522 in

2188 2547 2432 2622 peccatis
2456 2556 2656 2610 nostris
2689 2565 2811 2610 nota
2838 2565 2925 2612 est
2947 2557 3214 2614 confessio
3239 2602 3255 2627 ,
3288 2568 3343 2614 ct
3370 2561 3439 2614 ita
3469 2568 3592 2614 nota
3620 2562 3756 2614 omni

2188 2645 2416 2714 populo,
2460 2656 2517 2700 ut
2563 2647 2776 2717 quando
2821 2650 3059 2705 auditum
3103 2652 3258 2706 fuerit
3309 2666 3502 2707 nomen
3549 2653 3756 2708 confes-

2183 2735 2350 2793 sionis
2378 2738 2431 2792 in
2456 2739 2704 2805 lectione,
2735 2741 2847 2796 sive
2874 2741 2928 2795 in
2954 2742 3111 2797 laude
3132 2743 3360 2810 dicatur,
3389 2745 3506 2799 sive
3537 2745 3603 2801 de
3631 2761 3753 2816 pec-

2183 2829 2317 2884 catis
2353 2829 2589 2898 dicatur,
2624 2841 2840 2887 currant
2876 2834 3035 2904 pugni
3075 2835 3141 2888 ad
3189 2845 3393 2906 pectus.
3437 2836 3629 2890 Notum
3679 2847 3758 2892 est

2184 2935 2314 2992 ergo
2355 2937 2551 2978 nomen
2589 2923 2946 2981 confessionis
2975 2927 3044 2982 de
3082 2939 3302 2998 peccato
3334 2947 3347 2982 :
3377 2930 3755 2984 confessionem

2182 3012 2235 3066 in
2266 3012 2422 3068 laude
2462 3030 2787 3084 quaeramus.
2827 3017 2926 3074 Ubi
2963 3020 3298 3074 invenimus?
3326 3020 3498 3075 llabes
3531 3022 3582 3074 iu
3613 3020 3755 3075 Scri-

2181 3104 2350 3172 pturis
2371 3123 2382 3158 :
2403 3103 2471 3158 Et
2492 3107 2598 3161 lucc
2615 3108 2789 3162 dicetis
2809 3111 2862 3163 in
2888 3112 3220 3181 confessione,
3249 3110 3416 3181 Opera
3433 3111 3754 3166 Dominiuni—

2179 3212 2320 3250 uersa
2335 3199 2569 3267 quoniam
2595 3201 2726 3262 bona
2747 3201 2890 3256 valde
2911 3201 3099 3272 (Eccli.
3119 3219 3298 3268 χχχιχ,
3318 3203 3388 3257 20
3409 3211 3452 3255 et
3472 3201 3585 3276 ‘21).
3617 3204 3754 3272 Ergo

2179 3288 2267 3346 hic
2284 3290 2549 3346 confessio
2574 3292 2745 3348 laudis
2771 3303 2873 3349 est.
2898 3295 3017 3348 Alio
3043 3295 3162 3350 loco
3184 3296 3295 3365 ipse
3321 3297 3575 3350 Dominus
3593 3296 3714 3352 dicit
3739 3315 3753 3350 :

2179 3378 2433 3448 Conﬁteor
2452 3382 2574 3450 tibi,
2604 3382 2781 3446 Pater,
2815 3385 3030 3440 Domine
3055 3388 3165 3440 caeli
3192 3397 3238 3440 et
3267 3397 3431 3441 terrae.
3461 3388 3599 3456 Quid
3629 3404 3755 3443 con-

2174 3472 2467 3528 fitebatur?
2494 3477 2750 3545 numquid
2796 3487 3009 3546 peccata
3035 3479 3057 3530 ?
3088 3479 3281 3534 Christi
3322 3495 3450 3550 ergo
3476 3480 3713 3534 conﬁteri
3736 3521 3752 3546 ,

2177 3574 2291 3618 erat
2337 3565 2572 3620 laudare.
2607 3568 2676 3622 Et
2714 3569 2836 3622 audi
2876 3569 3084 3627 laudem
3131 3571 3303 3626 Patris
3333 3589 3347 3626 :
3383 3571 3514 3639 Quia
3549 3571 3754 3625 abscon-

2177 3657 2296 3711 disti
2321 3657 2458 3725 lucc,
2488 3658 2691 3729 inquit,
2724 3676 2756 3712 a
2775 3660 3084 3729 sapientibus
3104 3672 3149 3715 et
3177 3661 3523 3731 prudentibus,
3551 3671 3599 3715 et
3622 3677 3756 3715 rere-

2174 3746 2293 3801 lasti
2328 3765 2390 3802 ea
2419 3751 2640 3818 parvulis
2669 3750 2969 3820 (Mali/LXI,
2993 3752 3110 3822 25).
3140 3753 3273 3819 Quia
3304 3767 3431 3823 ergo
3457 3761 3582 3822 post
3627 3754 3755 3807 istas

2174 3842 2534 3910 corruptionis
2581 3844 2853 3912 angustias
2883 3847 2900 3876 ¹
2934 3844 3288 3899 habitabimus
3325 3845 3377 3900 in
3421 3845 3582 3900 domo
3621 3846 3712 3900 Dei
3736 3886 3750 3910 ,

2179 3941 2286 3985 tota
2315 3932 2422 3986 vita
2449 3943 2626 3988 nostra
2656 3951 2759 3988 non
2791 3937 2894 3990 erit
2922 3937 3022 3991 nisi
3055 3938 3168 3990 laus
3201 3938 3313 3992 Dei.
3345 3936 3461 3992 Jam
3488 3951 3636 4006 saepe
3659 3951 3752 3989 vo-

2175 4021 2256 4076 bis
2297 4024 2596 4090 expositum
2627 4034 2708 4079 cst
2736 4027 2856 4096 quia
2889 4027 3173 4083 recedente
3219 4029 3540 4082 necessitate
3578 4029 3750 4082 omnia

2177 4112 2384 4182 negotia
2434 4115 2768 4169 necessitatis
2823 4116 3176 4182 intercidunt;
3208 4118 3456 4186 quoniam
3496 4132 3604 4172 non
3656 4117 3752 4170 erit

2174 4204 2302 4273 quid
2334 4205 2404 4260 ibi
2435 4220 2655 4276 agamus
2687 4206 2784 4279 (a).
2813 4209 2928 4263 Non
2959 4209 3078 4264 dico
3105 4209 3190 4265 die
3224 4225 3288 4264 ac
3315 4219 3503 4275 nocte,
3532 4210 3622 4263 ubi
3649 4224 3748 4264 nox

2175 4315 2280 4353 non
2311 4307 2425 4363 est;
2455 4299 2547 4354 sed
2579 4307 2690 4355 toto
2724 4299 2845 4365 die,
2875 4317 2996 4356 cum
3050 4316 3188 4356 unus
3222 4301 3336 4356 dies
3365 4310 3482 4366 est,
3505 4315 3614 4355 non
3655 4302 3751 4354 erit

2173 4391 2302 4461 quid
2333 4393 2405 4447 ibi
2434 4408 2673 4462 agamus,
2698 4394 2797 4449 nisi
2826 4394 3106 4450 laudemus
3127 4411 3283 4465 quem
3310 4394 3598 4466 diligimus,
3632 4395 3753 4464 quia

2175 4491 2302 4538 tunc
2328 4494 2382 4539 et
2405 4485 2720 4541 videbimus.
2767 4486 2922 4542 Modo
2950 4503 3054 4544 non
3083 4492 3251 4544 visum
3280 4488 3672 4553 desideramus,
3699 4497 3750 4542 et

2175 4575 2483 4641 laudamus;
2515 4588 2641 4632 tunc
2667 4579 2839 4633 visum
2867 4581 3007 4650 quod
3033 4596 3276 4636 amamus
3295 4623 3308 4645 ,
3337 4581 3607 4650 quomodo
3635 4580 3747 4634 lau-

2173 4668 2440 4723 dabimus?
2456 4669 2581 4724 Sine
2603 4670 2708 4725 fine
2731 4671 2832 4725 erit
2857 4672 2992 4735 laus,
3012 4675 3133 4742 quia
3159 4674 3273 4728 sine
3300 4673 3405 4728 fine
3427 4687 3596 4728 amor.
3619 4672 3747 4738 Quia

2173 4777 2299 4831 ergo
2331 4761 2432 4816 hoc
2469 4762 2537 4816 ibi
2576 4777 2829 4832 agemus,
2859 4765 2980 4818 ideo
3017 4767 3142 4818 educ
3182 4766 3246 4819 de
3282 4781 3482 4818 carcere
3527 4765 3747 4817 animam

2174 4871 2370 4919 meam,
2401 4865 2453 4908 ut
2473 4857 2776 4925 confiteatur
2797 4857 2989 4911 nomini
3017 4867 3122 4910 tuo.
3149 4857 3294 4912 Beati
3317 4858 3458 4911 enim
3482 4857 3570 4926 qui
3605 4855 3747 4908 habi-

2171 4955 2288 5002 tant
2317 4947 2368 5000 in
2395 4947 2556 5001 domo
2596 4957 2723 5011 tua;
2767 4949 2820 5002 in
2852 4950 3046 5003 sarcula
3099 4949 3412 5003 saeculorum
3463 4946 3744 5000 laudabunt

2172 5045 2222 5090 te
2268 5036 2442 5104 (Psal.
2480 5053 2716 5101 Lsxxut,
2761 5039 2838 5107 5).
2895 5037 3049 5092 Modo
3099 5039 3317 5106 impedit
3364 5053 3581 5102 carcer,
3626 5035 3741 5106 quia

2167 5146 2348 5200 corpus
2378 5130 2514 5199 quod
2553 5131 2923 5197 corrumpitur,
2949 5139 3188 5200 aggravet
3221 5131 3445 5183 animam
3476 5129 3630 5200 (Sap.
3669 5143 3740 5191 ut,

2170 5222 2283 5288 15).
2315 5221 2430 5275 Non
2459 5237 2653 5290 Corpus
2697 5231 2948 5291 aggravet
2987 5223 3213 5275 animam
3243 5223 3387 5290 (nam
3416 5230 3468 5275 et
3490 5230 3614 5274 tunc
3648 5219 3739 5272 ha-

2169 5311 2415 5367 bebimus
2431 5315 2672 5384 corpus);
2693 5313 2785 5368 sed
2811 5330 2998 5384 corpus
3020 5313 3154 5385 quod
3173 5314 3515 5383 corrumpitur
3531 5315 3574 5365 ³.
3598 5313 3739 5381 Ergo

2167 5418 2431 5458 carcerem
2478 5404 2601 5458 facit
2643 5419 2749 5458 non
2777 5420 3004 5475 corpus,
3031 5404 3126 5459 sed
3169 5390 3459 5475 corruptio.
3494 5403 3640 5458 Educ
3679 5403 3740 5456 de

2229 5544 2243 5574 ί
2272 5543 2340 5590 sic
2364 5548 2467 5589 Mss.
2497 5547 2549 5587 At
2570 5546 2640 5588 Er.
2669 5546 2720 5588 et
2742 5546 2874 5594 ιον..
2908 5539 3231 5603 corruptiones
3253 5542 3493 5603 angustas.

2225 5605 2246 5635 ⁸
2269 5606 2342 5653 sic
2364 5612 2461 5650 Am.
2491 5608 2541 5651 et
2565 5603 2732 5663 plures
2755 5609 2856 5650 atss.
2895 5609 2949 5651 At
2985 5600 3092 5651 Iov.
3118 5614 3225 5650 cum
3249 5600 3433 5661 aliquot
3456 5607 3559 5664 Mss.
3579 5604 3736 5664 att-tate

2163 5679 2336 5729 corpus
2371 5660 2601 5732 aggravet
2624 5665 2835 5732 animant
2865 5677 3022 5713 memn
3059 5675 3076 5711 :
3110 5676 3222 5732 nam
3253 5669 3299 5712 et
3325 5660 3437 5712 tum
3467 5660 3736 5710 habebimus

2162 5726 2352 5790 corpus,
2371 5726 2454 5776 sed
2479 5739 2648 5790 corpus
2671 5726 2798 5790 quod
2823 5739 2914 5774 non
2938 5726 3277 5787 corrumpitur.

2227 5785 2298 5854 ('u)
2325 5799 2488 5850 Supra,
2512 5785 2568 5836 in'
2584 5785 2701 5836 Psal.
2725 5801 2923 5836 LXXXIII.
