4080 6458
371 338 390 390 1
403 333 504 391 Siti

367 473 571 516 carcere
591 456 816 510 animam
845 469 1005 508 meum
1023 493 1037 518 ,
1067 461 1118 504 ut
1147 451 1442 520 conﬁteatur
1469 447 1658 502 nomini
1691 456 1794 498 tuo.
1824 441 1938 497 Jam

367 569 466 605 vox
501 564 619 619 qua:
666 546 936 615 sequitur,
969 561 1032 599 ex
1083 544 1252 613 capite
1295 550 1476 603 sonat.
1519 537 1724 592 Domini
1774 533 1942 588 nostri

367 641 494 697 Jesu
517 636 734 692 Christi.
766 637 832 689 Et
859 643 942 690 est
967 634 1088 688 talis
1107 633 1218 702 ipsa
1237 674 1250 698 ,
1269 632 1438 702 qualis
1467 630 1711 684 hesterna
1735 625 1938 680 ultima.

369 733 627 788 Hesterna
649 730 793 783 enim
819 728 1003 784 ultima
1027 767 1040 791 ,
1073 727 1116 781 si
1147 725 1466 781 meministis
1483 765 1497 789 ,
1519 723 1635 780 hzec
1661 722 1758 777 fuit
1781 739 1796 776 :
1819 721 1942 776 Sin-

367 823 564 894 gularis
595 836 690 891 ego
729 835 840 874 sum
860 860 874 884 ,
914 818 1071 872 donec
1113 826 1364 894 transeam
1393 815 1562 886 (Psal.
1587 830 1706 879 CXL,
1733 811 1843 882 10).
1877 809 1943 864 Et

369 915 456 970 hic
491 928 610 982 quae
639 919 722 967 est
750 911 975 966 ultima?
1001 909 1088 965 Me
1107 909 1416 964 sustinebunt
1437 909 1592 980 justi,
1623 905 1944 976 quoadusque

367 1006 620 1060 retribuas
639 1003 785 1056 mihi.

381 1127 1940 1151 ἰ’-*Μ

753 1209 835 1270 1N
878 1207 1257 1270 PSALMUM
1298 1206 1518 1268 CXLII

941 1327 1377 1387 .ENARRATIO.

889 1460 1062 1502 SEBIO
1091 1459 1158 1498 AD
1185 1457 1312 1497 POPU
1319 1455 1438 1496 ιυιι.

439 1565 492 1618 1.
525 1565 602 1618 De
625 1543 832 1633 psalmo
855 1575 1010 1630 quem
1042 1558 1370 1613 cantavimus
1395 1557 1435 1622 ί,
1459 1555 1646 1624 loquar
1671 1550 1810 1622 quod
1845 1552 1946 1605 Do-

373 1655 554 1710 minus
579 1653 804 1719 dederit,
823 1651 1076 1707 Charitati
1095 1657 1302 1703 vestrae.
1325 1645 1585 1700 Hesterno
1610 1643 1694 1698 die
1717 1644 1948 1712 psalmus

377 1747 593 1800 brevior
621 1743 965 1808 tractabatur,
988 1740 1082 1795 sed
1126 1737 1353 1808 spatium
1387 1735 1638 1805 temporis
1667 1733 1824 1788 dabat
1853 1747 1948 1785 no-

377 1837 459 1892 bis
503 1833 713 1904 copiam
771 1834 928 1888 etiam
974 1831 1042 1886 de
1092 1829 1274 1902 paucis
1319 1827 1480 1882 multa
1526 1825 1736 1880 dicendi
1769 1842 1781 1876 :
1810 1837 1950 1878 nunc

375 1927 628 1998 quoniam
653 1923 910 1995 prolixior
937 1923 1167 1993 psalmus
1196 1931 1278 1976 est
1297 1963 1310 1988 ,
1335 1937 1441 1974 non
1471 1921 1726 1974 debemus
1747 1927 1947 1973 tantum

381 2019 436 2071 in
457 2016 684 2087 singulis
707 2015 946 2070 versibus
977 2012 1280 2076 immorari;
1305 2027 1372 2066 ne
1399 2011 1532 2065 forte
1563 2025 1668 2064 non
1694 2009 1951 2064 concedat

377 2108 635 2162 Dominus
657 2105 956 2161 facultatem
981 2146 996 2172 ,
1025 2113 1084 2157 ut
1113 2111 1279 2156 totum
1308 2115 1564 2170 peragere
1591 2101 1877 2154 valeamus.

445 2199 500 2252 2.
537 2195 687 2270 {vers
713 2195 788 2268 1.]
815 2195 1021 2250 Titulus
1045 2193 1238 2248 Psalmi
1266 2201 1347 2246 est
1366 2234 1381 2258 ,
1415 2191 1442 2244 1
1449 2191 1525 2261 psi
1549 2190 1733 2256 David,
1751 2189 1952 2261 quando

379 2305 494 2341 eum
519 2287 658 2354 filius
687 2303 806 2340 suus
833 2285 1234 2356 persequebatur.
1269 2283 1326 2337 In
1351 2283 1652 2352 Regnorum
1682 2280 1832 2336 libris
1859 2297 1956 2336 no-

381 2378 558 2431 vimus
585 2379 686 2430 hoc
717 2373 912 2429 factum
941 2388 1061 2428 esse
1084 2415 1098 2438 ,
1128 2372 1395 2428 exstitisse
1426 2371 1694 2426 inimicum
1723 2369 1952 2426 Abessa-

383 2467 471 2521 lon
499 2468 772 2536 patrisuo,
795 2465 1024 2536 gessisse
1051 2473 1233 2519 contra
1264 2463 1406 2519 illum
1437 2479 1542 2518 non
1573 2465 1744 2518 solum
1774 2463 1950 2526 civile,

386 2572 569 2612 verum
607 2557 766 2612 etiam
804 2555 1150 2610 domesticum
1190 2555 1384 2610 bellum
1414 2572 1426 2610 :
1457 2553 1605 2609 illum
1644 2564 1816 2608 autem
1849 2569 1954 2608 non

387 2647 651 2716 deiectum
701 2646 912 2716 inique,
942 2645 1036 2701 sed
1089 2645 1420 2698 humiliatum
1463 2644 1579 2714 pie,
1613 2645 1879 2715 accepisse
1924 2661 1953 2700 a

391 2739 616 2792 Domino
671 2737 1040 2808 disciplinam;
1090 2737 1403 2792 sustinuisse
1441 2737 1798 2802 medicinam,
1849 2753 1956 2794 non

389 2828 768 2882 retribuentem
803 2829 1066 2897 iniquitati
1089 2828 1444 2898 iniquitatem,
1474 2827 1564 2882 sed
1591 2838 1832 2898 paratum
1863 2843 1957 2882 cor

385 2917 635 2972 habuisse
665 2919 731 2973 ad
777 2917 1098 2990 sequendam
1128 2919 1334 2974 Domini
1378 2921 1701 2975 voluntatem
1726 2919 1788 2992 (ll
1827 2921 1952 2992 Reg.

385 3025 474 3077 xv,
510 3011 644 3080 xvx).
672 3009 764 3065 Ille
795 3011 956 3066 David
1006 3012 1076 3066 ita
1128 3011 1408 3067 laudabilis
1443 3031 1456 3066 :
1488 3011 1578 3066 sed
1620 3013 1754 3066 alius
1793 3013 1956 3066 David

385 3115 512 3155 vere
539 3099 696 3155 Manu
719 3100 890 3166 fortis,
914 3102 1052 3169 quod
1075 3101 1450 3170 interpretatur
1483 3101 1676 3170 David,
1707 3103 1958 3156 Dominus

387 3201 572 3245 noster
599 3190 752 3246 Jesus
781 3189 1024 3246 Christus
1071 3191 1441 3261 agnoscendus
1481 3199 1563 3245 est
1605 3192 1776 3246 nobis.
1808 3191 1956 3245 Prm-

388 3286 545 3339 terita
571 3283 712 3338 enim
743 3283 830 3338 illa
858 3282 996 3337 facta
1031 3283 1213 3352 ﬁgura:
1255 3281 1462 3337 fuerant
1494 3281 1820 3348 futurorum;
1860 3297 1960 3337 nec

385 3375 478 3429 diu
519 3373 1002 3429 commendandum
1040 3381 1126 3428 est
1162 3373 1301 3442 quod
1353 3387 1496 3442 saepe
1539 3372 1790 3438 audistis,
1819 3372 1958 3442 quod

386 3467 587 3536 optime
612 3465 872 3520 retinetis.
903 3465 1215 3532 Quaeramus
1246 3477 1372 3534 ergo
1413 3463 1466 3517 in
1488 3462 1590 3517 hoc
1615 3461 1818 3532 psalmo
1847 3463 1954 3517 Do-

387 3557 590 3610 minum
619 3565 674 3611 et
695 3555 1020 3610 Salvatorem
1051 3562 1291 3608 nostrum
1316 3552 1496 3608 Iesum
1531 3551 1798 3607 Christum
1826 3567 1964 3622 prte-

387 3648 721 3704 nuntiantem
749 3663 806 3702 se
835 3661 930 3716 per
953 3648 1088 3701 hanc
1113 3645 1442 3715 prophetiam
1463 3685 1479 3711 ,
1506 3644 1702 3714 etquid
1729 3643 1960 3698 futurum

390 3747 540 3794 esset
565 3739 618 3793 in
649 3739 750 3792 hoc
779 3747 1016 3806 tempore
1038 3778 1054 3804 ,
1087 3753 1182 3806 per
1207 3752 1268 3790 ea
1297 3752 1414 3805 quin
1443 3734 1646 3804 pridem
1675 3734 1808 3788 facta
1840 3743 1962 3787 sunt

389 3829 790 3900 prcedicantem.
817 3828 932 3898 Ipse
955 3827 1095 3881 enim
1125 3842 1182 3880 se
1211 3827 1265 3879 in
1289 3825 1571 3894 Prophetis
1599 3823 1920 3892 praedicabat
1943 3839 1957 3888 ;

390 3921 640 3992 quoniam
691 3919 804 3988 ipse
833 3929 914 3973 est
950 3917 1182 3972 Verbum
1226 3917 1321 3971 Dei
1353 3933 1367 3982 ;
1397 3931 1497 3970 nec
1525 3915 1602 3969 illi
1633 3915 1736 3970 tale
1764 3915 1960 3985 aliquid

390 4011 668 4078 dicebant,
699 4011 800 4064 nisi
849 4009 990 4079 pleni
1036 4009 1206 4064 Verbo
1249 4007 1362 4062 Dei.
1412 4008 1808 4062 Annuntiabant
1837 4023 1962 4077 ergo

390 4093 663 4157 Christum
687 4143 701 4169 ,
725 4101 866 4171 pleni
893 4101 1138 4166 Christo;
1167 4109 1222 4154 et
1246 4101 1321 4154 illi
1356 4115 1476 4156 cum
1506 4110 1788 4155 venturum
1825 4115 1960 4169 prte-

391 4191 852 4263 cedehant,quos
895 4191 1258 4261 praecedentes
1297 4205 1404 4244 non
1450 4189 1748 4244 deserebat.
1781 4191 1962 4259 Agno-

391 4297 604 4338 scamus
648 4299 773 4352 ergo
801 4281 1244 4353 quemadmodum
1285 4290 1340 4337 et
1372 4279 1639 4336 Christum
1679 4295 1966 4352 perseque-

392 4373 550 4428 batur
597 4373 733 4427 lilius
784 4389 912 4428 suus
943 4391 957 4428 :
991 4373 1217 4428 habebat
1253 4373 1395 4428 enim
1443 4372 1581 4428 filios
1606 4415 1620 4440 ,
1643 4372 1711 4428 de
1774 4373 1965 4443 quibus

394 4465 639 4532 dicebat,
673 4464 794 4519 Non
814 4465 1048 4535 jejunant
1091 4465 1183 4534 ﬁlii
1219 4465 1426 4535 sponsi,
1457 4466 1697 4534 quamdiu
1743 4481 1856 4518 cum
1897 4465 1967 4520 eis

397 4567 470 4612 est
497 4575 709 4626 sponsus
734 4573 750 4609 :
775 4573 890 4610 cum
916 4566 1082 4610 autem
1111 4555 1172 4609 ab
1194 4556 1262 4610 eis
1286 4556 1482 4610 ablatus
1525 4556 1676 4627 fuerit
1715 4572 1930 4626 sponsus
1950 4598 1964 4620 ,

397 4659 516 4702 tunc
544 4648 848 4720 jejunabunt
877 4648 970 4716 ﬁlii
1008 4648 1178 4717 sponsi
1202 4647 1411 4716 (Matth.
1440 4663 1494 4700 lx
1514 4687 1530 4712 ,
1565 4645 1674 4717 15).
1704 4647 1844 4714 Ergo
1876 4645 1966 4699 lilii

396 4739 600 4808 Sponsi,
632 4737 868 4808 Apostoli
902 4754 914 4789 :
944 4745 999 4791 et
1041 4737 1177 4791 inter
1201 4737 1302 4790 hos
1329 4746 1635 4806 persecutor
1663 4736 1824 4791 Judas
1857 4735 1970 4788 dia-

397 4831 572 4884 bolus.
599 4827 1118 4896 Passioncm‘itaque-
1139 4841 1287 4880 suam
1317 4828 1366 4880 in
1405 4827 1503 4880 hoc
1541 4828 1744 4895 psalmo
1775 4826 1967 4895 prandi-

397 4931 614 4976 caturus
642 4929 723 4975 est
749 4919 1024 4984 Christus;
1055 4917 1349 4972 audiamus.

470 5015 522 5070 5.
565 5013 770 5068 Rursus
795 5019 972 5066 autem
999 5010 1064 5064 ad
1097 5011 1198 5065 hoc
1239 5011 1494 5064 intentam
1533 5009 1756 5064 faciams
1781 5007 1970 5064 Chari-

399 5113 562 5159 tatem
594 5113 844 5168 vestram,
879 5117 981 5156 non
1011 5099 1251 5155 docendo
1278 5099 1416 5170 quod
1449 5099 1720 5170 ignoratis,
1753 5098 1844 5162 sed
1875 5099 1970 5153 ad—

401 5193 669 5248 monendo
694 5193 833 5263 quod
878 5193 1044 5246 nostis
1071 5208 1084 5254 :
1117 5191 1399 5246 Dominum
1429 5199 1484 5245 et
1509 5189 1836 5245 Salvatorem
1874 5205 1975 5242 no-

402 5295 570 5338 strum
602 5283 778 5338 Iesum
807 5283 1074 5337 Christum
1105 5291 1261 5352 caput
1289 5297 1406 5337 esse
1434 5283 1674 5352 corporis
1702 5282 1803 5348 sui,
1829 5282 1972 5336 illum

405 5391 569 5430 utinm
609 5377 954 5430 mediatorcm
983 5391 1102 5430 esse
1149 5376 1242 5429 Dei
1273 5384 1326 5430 et
1367 5373 1675 5441 hominum,
1705 5373 1974 5429 hominem

403 5465 586 5520 Iesum
621 5465 681 5535 (l
713 5466 842 5518 Tim.
888 5481 958 5532 ιι,
1000 5465 1052 5534 5)
1081 5506 1093 5530 ,
1129 5475 1305 5518 natum
1341 5481 1404 5520 ex
1443 5465 1644 5535 virgine
1666 5507 1679 5528 ,
1729 5473 1974 5534 tanquam

409 5559 460 5611 in
507 5557 824 5622 solitudine,
874 5558 1010 5610 sicut
1055 5557 1106 5608 in
1148 5557 1464 5626 Apocalypsi
1509 5555 1822 5611 audivimus.
1879 5557 1978 5612 Per

407 5649 746 5704 solitudinem
803 5647 1000 5716 quippe
1063 5647 1324 5712 arbitror,
1362 5648 1500 5715 quod
1549 5649 1690 5704 solus
1722 5647 1791 5704 ita
1823 5658 1974 5704 natus

475 5763 492 5795 ί
521 5761 651 5822 tida],
666 5763 772 5823 jam
797 5761 980 5822 [ὀψίαν.
1007 5759 1168 5816 Ali-est,
1186 5757 1310 5820 jam,
1337 5771 1362 5806 a
1381 5763 1483 5808 Mss.

1467 311 1860 374 ENARRATIO
1885 308 1952 364 IN
1991 307 2316 367 PSALMUM
2363 313 2560 369 CXLII.

3491 321 3626 376 iSiti

2047 430 2148 477 est.
2179 423 2328 478 Hunc
2351 425 2491 480 enim
2529 426 2618 480 illa
2647 429 2838 482 mulier
2865 431 3065 498 peperit
3087 413 3110 490 .I
3141 439 3409 487 recturum
3451 452 3620 508 popu-

2047 514 2155 568 lum
2199 515 2250 569 in
2293 517 2438 586 virga
2486 517 2657 573 ferrea
2695 521 2873 590 (Apoc.
2910 537 3022 588 xu,
3078 523 3112 578 5
3141 523 3308 596 ct6).
3365 523 3490 581 llam
3524 544 3620 582 au-

2049 613 2154 660 tem
2215 607 2434 674 mulier,
2480 611 2691 680 antiqua
2747 621 2828 667 est
2871 613 3054 669 civitas
3103 615 3230 682 Dei,
3277 617 3344 672 de
3402 635 3502 688 qua
3569 623 3620 676 in

2049 695 2252 763 psalmo
2274 697 2468 752 dicitur
2493 716 2506 752 :
2541 698 2772 755 Gloriosa
2797 703 2930 756 dicta
2959 715 3075 758 sunt
3104 707 3166 760 de
3193 717 3269 775 te,
3297 709 3468 764 civitas
3493 709 3604 765 Dei.

2049 785 2175 840 lltec
2199 787 2386 843 civitas
2411 789 2620 845 initium
2666 793 2827 848 habet
2851 795 2918 850 ab
2957 796 3074 866 ipso
3109 797 3242 854 Abel
3264 842 3278 865 ,
3312 801 3447 857 sicut
3485 807 3620 860 mala

2049 876 2236 933 civitas
2257 893 2289 933 a
2319 878 2471 934 Cain.
2503 881 2730 952 Antiqua
2775 899 2903 956 ergo
2931 886 3030 940 ista
3052 889 3238 944 civitas
3267 891 3384 960 Dei,
3413 907 3623 964 semper

2053 967 2285 1025 tolerans
2315 979 2510 1026 terram
2532 1013 2548 1042 ,
2567 989 2788 1044 sperans
2813 977 3006 1032 caelum
3032 1021 3046 1044 ,
3077 997 3192 1049 quae
3220 983 3377 1038 etiam
3403 985 3622 1040 Jerusa-

2051 1058 2156 1112 lem
2187 1067 2406 1116 vocatur
2431 1071 2486 1116 et
2509 1063 2658 1118 Sion.
2685 1064 2876 1136 Utique
2901 1067 2966 1122 de
2987 1081 3108 1123 nato
3136 1071 3363 1138 quodam
3399 1075 3447 1127 in
3473 1073 3620 1132 Sion.

2007 1163 2010 1166 ·
2051 1157 2106 1202 et
2125 1149 2399 1206 conditore
2423 1153 2586 1222 ipsius
2610 1155 2758 1223 Sion,
2785 1159 3018 1225 psalmus
3037 1160 3247 1228 quidam
3275 1162 3400 1216 dicit
3424 1183 3434 1216 :
3460 1161 3623 1218 Mater

2054 1239 2199 1308 Sion,
2231 1241 2360 1295 dicet
2389 1243 2555 1297 homo.
2585 1245 2712 1314 Quis
2743 1247 2946 1302 homo?
2973 1249 3040 1302 Et
3083 1252 3230 1304 homo
3271 1251 3435 1320 [actus
3473 1263 3544 1306 est
3571 1255 3623 1306 in

2051 1348 2110 1386 ea
2127 1351 2146 1400 ;
2167 1343 2216 1388 et
2237 1334 2346 1404 ipse
2373 1335 2600 1404 fundavit
2629 1353 2738 1391 eam
2759 1339 3046 1395 Altissimus
3067 1341 3620 1415 (l’sal.Lxxxv1,5,5).

2049 1421 2288 1494 Denique
2333 1425 2448 1493 ipse
2489 1425 2540 1478 iu
2573 1425 2697 1482 Sion
2730 1428 2898 1484 factus
2925 1442 3006 1485 est
3049 1433 3206 1486 homo
3227 1475 3241 1499 ,
3275 1433 3366 1486 sed
3411 1433 3622 1490 humilis

2051 1517 2218 1571 factus
2261 1525 2342 1571 cst
2375 1517 2567 1582 homo;
2596 1529 2652 1573 et
2695 1519 2832 1574 idem
2882 1522 2994 1591 ipse
3035 1523 3337 1578 Altissimus
3385 1523 3624 1579 fundavit

2051 1624 2167 1663 cam
2191 1611 2454 1666 civitatem
2483 1613 2533 1666 in
2565 1627 2667 1682 qua
2693 1612 2857 1669 factus
2893 1625 2973 1670 est
3015 1615 3194 1672 homo.
3233 1617 3414 1688 Itaque
3449 1627 3502 1674 et
3531 1619 3620 1676 illa

2051 1700 2242 1756 mulier
2292 1701 2404 1757 sole
2447 1704 2879 1774 coeperiehatur,
2909 1706 3024 1761 sole
3063 1707 3176 1776 ipso
3216 1710 3432 1778 justiti-.e
3451 1722 3620 1780 quem

2053 1809 2156 1848 non
2217 1805 2542 1864 cognoscunt
2602 1797 2784 1868 impii;
2815 1797 2905 1870 qui
2953 1799 3144 1856 dicturi
3203 1813 3327 1858 sunt
3375 1805 3426 1858 in
3473 1805 3618 1860 line:

2053 1886 2192 1960 Ergo
2243 1894 2515 1944 erravimus
2576 1909 2608 1945 a
2651 1895 2730 1946 via
2790 1894 3048 1962 veritatis,
3077 1905 3123 1949 et
3175 1898 3392 1968 justitite
3454 1899 3620 1954 lumen

2055 1999 2154 2036 non
2205 1983 2334 2038 luxit
2387 1985 2564 2052 nobis,
2613 1997 2660 2041 et
2707 1985 2784 2041 sol
2829 2004 2930 2042 non
2970 1998 3109 2042 ortus
3157 1999 3227 2044 est
3274 1991 3412 2046 nobis
3465 1985 3620 2064 (Sap.

2051 2085 2107 2137 v,
2137 2073 2216 2143 6).
2249 2071 2345 2128 Est
2385 2089 2510 2144 ergo
2567 2077 2775 2145 quidam
2833 2077 2912 2132 sol
2949 2078 3168 2148 justitize
3209 2080 3297 2150 qui
3345 2096 3450 2136 non
3511 2081 3622 2136 ori-

2057 2171 2139 2216 tur
2181 2163 2376 2232 impiis.
2407 2163 2666 2220 Cmternm
2703 2168 2861 2220 istum
2905 2168 3070 2222 solem
3119 2167 3244 2224 facit
3282 2169 3410 2224 oriri
3464 2185 3624 2240 super

2055 2251 2224 2308 honos
2270 2261 2325 2309 et
2377 2256 2545 2310 malos
2573 2255 2799 2327 (Matth.
2845 2274 2917 2324 v,
2967 2257 3097 2332 45).
3151 2259 3295 2331 Ergo
3333 2269 3387 2316 et
3425 2263 3616 2317 amicta

2056 2355 2170 2403 erat
2197 2347 2342 2415 sole,
2371 2359 2423 2404 et
2445 2350 2685 2419 gestabat
2715 2351 3004 2406 visceribus
3033 2353 3322 2408 masculum
3367 2353 3621 2422 paritura.

2057 2438 2200 2493 Idem
2225 2439 2339 2508 ipse
2376 2451 2490 2495 erat
2515 2441 2745 2496 condens
2771 2441 2933 2510 Sion,
2963 2451 3016 2498 et
3037 2457 3260 2498 nascens
3283 2443 3336 2498 in
3366 2441 3496 2499 Sion
3526 2461 3538 2498 :
3570 2454 3625 2498 et

2057 2530 2144 2586 illa
2175 2533 2363 2588 mulier
2391 2533 2575 2589 civitas
2605 2535 2733 2600 Dei,
2765 2535 2880 2604 ejus
2910 2536 3026 2590 luce
3045 2535 3441 2606 protegebatur,
3474 2535 3624 2606 cujus

2057 2637 2218 2678 carne
2242 2624 2635 2693 gravidahatur.
2667 2625 2850 2680 Merito
2869 2635 2922 2681 et
2947 2627 3127 2680 lunam
3155 2627 3254 2682 sub
3274 2627 3497 2697 pedibus
3525 2627 3625 2680 ha-

2059 2715 2214 2770 bebat
2239 2714 2420 2788 (Apoc.
2451 2732 2546 2784 xu,
2575 2717 2623 2781 l,
2649 2715 2706 2788 ἓ)
2725 2759 2738 2782 ,
2767 2718 2886 2787 quia
2917 2717 3290 2772 mortalitatem
3335 2717 3626 2774 crescentis

2059 2814 2114 2860 ct
2155 2805 2513 2884 decrescentis
2567 2807 2741 2861 carnis
2791 2808 2981 2862 virtute
3028 2807 3284 2862 calcabat.
3329 2807 3470 2878 Ergo
3515 2807 3630 2878 ipse

2061 2895 2314 2950 Dominus
2341 2895 2496 2951 Jesus
2523 2895 2762 2952 Christus
2783 2905 2940 2967 caput
2967 2908 3020 2953 et
3043 2913 3235 2968 corpus
3260 2916 3272 2952 :
3301 2897 3466 2952 voluit
3485 2899 3626 2952 enim

2059 2985 2218 3039 etiam
2243 2985 2386 3056 loqui
2415 2987 2465 3040 in
2488 2987 2660 3052 nobis,
2685 2987 2772 3057 qui
2795 2987 3040 3058 dignatus
3070 2997 3152 3043 est
3177 2987 3308 3042 mori
3339 3003 3432 3058 pro
3456 2988 3626 3052 nobis;

2063 3077 2298 3132 membra
2326 3093 2420 3132 sua
2451 3093 2549 3132 nos
2579 3079 2719 3134 fecit.
2749 3079 3048 3149 Aliquando
3091 3081 3267 3150 itaque
3312 3096 3377 3135 ex
3407 3069 3628 3150 persona

2061 3167 2419 3222 membrorum
2447 3183 2664 3224 suorum
2710 3169 2972 3239 loquitur,
3008 3171 3288 3240 aliquando
3311 3185 3375 3226 ex
3405 3185 3630 3240 persona

2061 3270 2154 3310 sua
2174 3299 2190 3323 ,
2223 3255 2470 3326 tanquam
2496 3259 2684 3328 capitis
2714 3258 2899 3313 nostri.
2939 3259 3108 3313 liabet
3145 3259 3342 3330 aliquid
3374 3260 3461 3314 ille
3490 3260 3630 3330 quod

2062 3343 2202 3404 dicat
2227 3349 2341 3404 sine
2363 3350 2515 3406 nobis
2541 3366 2558 3416 ;
2590 3365 2685 3404 nos
2711 3351 2825 3404 sine
2852 3351 2942 3405 illo
2968 3350 3096 3404 nihil
3127 3347 3406 3420 posSumus
3433 3351 3628 3405 dicere.

2063 3440 2348 3510 Apostolus
2376 3441 2504 3495 dicit
2533 3459 2546 3496 :
2581 3439 2648 3497 Ut
2667 3441 2926 3512 suppleam
2945 3456 3058 3510 qua:
3083 3444 3256 3494 desunt
3284 3457 3634 3510 pressurarum

2065 3531 2284 3598 Christi,
2307 3533 2359 3586 in
2385 3550 2535 3587 carne
2556 3549 2666 3588 mea
2698 3531 2911 3605 (Coloss.
2943 3548 2983 3600 ι,
3009 3531 3124 3604 24).
3150 3530 3217 3588 Ut
3239 3534 3526 3602 suppleam,
3549 3529 3632 3585 in-

2063 3626 2208 3694 quit,
2239 3641 2351 3692 qua:
2389 3626 2567 3680 desunt
2623 3641 3000 3694 pressurarnm,
3057 3641 3161 3678 non
3211 3639 3482 3687 mearum,
3539 3623 3634 3678 sed

2066 3716 2288 3780 Christi;
2314 3719 2362 3770 in
2394 3733 2542 3770 carne
2562 3761 2576 3785 ,
2607 3735 2708 3771 non
2735 3718 2843 3787 jam
2873 3717 3103 3780 Christi,
3137 3715 3226 3770 sed
3257 3734 3384 3768 utea.
3409 3705 3630 3782 Patitur,

2065 3808 2269 3876 inquit,
2297 3808 2468 3862 adhuc
2490 3808 2731 3862 Christus
2761 3821 3094 3878 pressuram;
3121 3823 3223 3860 non
3247 3807 3297 3859 in
3328 3822 3488 3861 carne
3517 3821 3631 3872 sua,

2069 3897 2119 3950 in
2159 3913 2259 3965 qua
2291 3897 2528 3950 ascendit
2565 3897 2616 3950 in
2643 3897 2834 3951 cmlum
2860 3939 2875 3963 ,
2909 3895 3002 3950 sed
3047 3896 3098 3950 in
3142 3911 3303 3950 carne
3334 3909 3450 3949 mea
3475 3936 3489 3962 ,
3519 3910 3636 3965 qua:

2067 3989 2238 4044 adhuc
2277 3989 2480 4044 laborat
2511 3989 2560 4042 in
2611 3998 2770 4043 terra.
2802 3987 3078 4054 Christus,
3107 3988 3310 4056 inquit,
3333 4001 3636 4058 pressuram

2069 4082 2266 4152 patitur
2301 4082 2354 4134 in
2387 4096 2546 4136 carne
2574 4096 2692 4135 mea
2725 4097 2742 4134 :
2786 4079 2904 4134 Vivo
2946 4073 3076 4134 enim
3115 4097 3212 4133 non
3233 4082 3346 4151 jam
3372 4095 3495 4150 ego,
3525 4077 3638 4132 vivit

2067 4189 2182 4228 vero
2206 4175 2257 4229 in
2289 4191 2364 4228 me
2384 4171 2612 4230 Christus
2635 4173 2826 4244 (Colat.
2858 4189 2916 4238 II,
2945 4171 3061 4244 20).
3089 4172 3198 4226 Nisi
3227 4173 3368 4226 enim
3398 4170 3638 4226 Christus

2069 4275 2123 4321 et
2168 4266 2220 4320 in
2275 4265 2526 4321 membris
2574 4265 2842 4331 Suis,hoc
2898 4273 2979 4318 est
3027 4263 3268 4318 ﬁdelibus
3317 4263 3642 4331 suis,prcs-

2071 4371 2247 4412 suram
2293 4357 2407 4426 ipse
2451 4365 2752 4426 pateretur,
2795 4355 2985 4410 Saulus
3025 4356 3078 4409 in
3123 4363 3265 4409 terra
3293 4353 3558 4410 Christum
3586 4351 3640 4406 in

2071 4448 2208 4503 cmlo
2253 4447 2526 4501 sedentem
2565 4462 2670 4500 non
2713 4456 3144 4516 persequeretur.
3187 4443 3426 4514 Denique
3463 4453 3644 4513 aperte

2072 4539 2175 4594 hoc
2199 4553 2472 4607 exponens
2499 4538 2723 4608 quodam
2752 4539 2870 4591 loco
2903 4555 2915 4592 :
2948 4537 3092 4591 Sicut
3123 4535 3253 4590 enim
3281 4552 3459 4605 corpus
3489 4551 3644 4588 unum

2073 4641 2182 4696 est,
2215 4630 2418 4698 inquit,
2455 4639 2503 4683 et
2557 4629 2776 4681 membra
2819 4627 2976 4681 multa
3026 4628 3208 4692 habet;
3261 4627 3429 4680 omnia
3461 4633 3644 4678 'autem

2076 4721 2294 4776 membra
2319 4721 2542 4790 corporis
2570 4735 2683 4773 cum
2713 4720 2809 4774 sint
2832 4719 2990 4772 multa
3009 4760 3024 4786 ,
3054 4734 3207 4770 unum
3235 4727 3304 4770 est
3325 4731 3506 4784 corpus
3531 4729 3549 4768 :
3577 4715 3648 4766 ita
3727 4729 3736 4736 ’

2075 4826 2122 4870 et
2147 4815 2375 4870 Christus
2401 4813 2450 4880 (l
2477 4811 2593 4867 Cor.
2625 4827 2719 4876 xu,
2741 4809 2866 4881 ΑΞ).
2889 4809 3004 4864 Non
3055 4811 3126 4862 ait
3148 4850 3161 4872 ,
3197 4809 3270 4860 Ita
3311 4817 3363 4860 et
3409 4803 3648 4860 Christus

2007 4965 2012 4980 ι
2077 4917 2130 4960 et
2159 4921 2350 4976 corpus
2375 4905 2390 4935 ¹
2415 4921 2428 4968 ;
2461 4903 2553 4957 sed
2573 4945 2585 4964 ,
2618 4919 2801 4972 corpus
2846 4917 3002 4954 unum
3032 4897 3250 4952 membra
3278 4896 3434 4948 multa
3459 4936 3472 4960 ,
3505 4896 3576 4948 ita
3603 4905 3649 4948 et

2079 4995 2327 5051 Christus.
2357 4995 2546 5048 Totum
2581 5008 2707 5063 ergo
2737 4991 2981 5046 Christus
3011 5008 3022 5042 :
3056 4997 3109 5043 et
3145 4988 3264 5055 quia
3295 4994 3461 5039 totum
3493 4983 3648 5038 Chri-

2080 5097 2192 5141 stus
2214 5127 2228 5152 ,
2255 5085 2376 5140 ideo
2404 5091 2564 5155 caput
2589 5083 2658 5138 de
2680 5082 2842 5147 coelo,
2875 5079 3053 5141 Saule,
3081 5077 3279 5146 inquit,
3310 5075 3470 5130 Saule
3490 5115 3503 5138 ,
3531 5072 3650 5141 quid

2082 5197 2160 5232 me
2208 5177 2517 5249 persequeris
2540 5174 2672 5246 (Act.
2707 5189 2760 5227 ix
2784 5214 2797 5238 ,
2825 5170 2924 5242 4)?
2964 5169 3166 5224 Tenete
3215 5165 3314 5220 hoc
3335 5207 3347 5231 ,
3381 5173 3436 5219 et
3487 5163 3650 5216 fixum

2082 5273 2298 5325 omnino
2339 5265 2706 5324 commendato
2735 5261 3005 5317 memoria:
3025 5303 3039 5328 ,
3068 5267 3318 5329 tanquam
3359 5255 3451 5310 lilii
3485 5255 3652 5310 eccle-

2083 5365 2307 5420 siasticae
2337 5359 2647 5418 eruditionis
2675 5367 2728 5412 et
2781 5355 2898 5410 fidei
2927 5352 3230 5418 catholica),
3261 5357 3313 5404 ut
3356 5347 3654 5418 agnoscatis

2083 5457 2352 5512 Christum
2407 5459 2564 5521 caput
2611 5459 2664 5504 et
2709 5461 2937 5516 corpus,
2988 5443 3340 5512 cumdcmque
3388 5437 3653 5495 Christum

2087 5549 2314 5602 Verbum
2359 5543 2448 5598 Dci
2475 5541 2801 5610 unigenitum
2859 5535 3114 5606 aequalem
3143 5531 3322 5598 Patri;
3350 5540 3402 5586 et
3429 5527 3552 5584 inde
3579 5529 3658 5581 vi-

2087 5639 2254 5694 deatis
2276 5645 2468 5705 quama
2501 5632 2664 5701 gratia
2699 5627 3005 5699 pcrtingatis
3028 5625 3092 5680 ad
3123 5625 3308 5692 Deum,
3337 5631 3392 5678 ut
3425 5623 3536 5692 ipse
3563 5623 3656 5674 vo-

2152 5759 2172 5825 ξ
2197 5763 2291 5804 Am.
2321 5759 2371 5801 et
2395 5747 2610 5800 nonnulli
2633 5755 2738 5797 Mss.
2769 5759 2778 5794 :
2813 5749 2882 5794 Ita
2905 5747 2949 5793 ct
2973 5739 3150 5792 (‘hristi
3175 5753 3190 5792 :
3215 5739 3300 5793 sed
3323 5751 3526 5818 carinis,
3561 5743 3652 5786 etc.
