4038 6498
474 323 617 379 1847

468 436 629 491 luerit
655 448 775 492 esse
804 433 1079 490 nobiscum
1117 446 1254 487 unus
1274 472 1289 496 ,
1313 431 1403 501 qui
1439 438 1521 485 est
1543 443 1666 485 eum
1694 428 1850 483 Patre
1871 442 2029 484 unus.

470 526 753 595 Quomodo
791 540 913 583 cum
960 525 1117 579 Patre
1162 522 1342 577 unus?
1371 520 1484 591 Ego
1512 530 1557 575 et
1586 519 1739 574 Pater
1758 536 1913 574 unum
1949 536 2039 574 su-

466 636 583 675 mus
615 619 789 692 (Joan.
818 633 854 671 ι
874 656 889 683 ,
914 614 1032 687 50).
1075 611 1352 682 Quomodo
1398 612 1670 667 nobiscum
1716 609 1887 666 unus?
1918 608 2039 663 Non

466 711 622 774 dicit,
652 707 860 778 inquit,
892 706 961 759 Et
981 704 1284 768 seminibus,
1324 711 1564 774 tanquam
1606 702 1660 755 in
1703 701 1874 754 multis
1894 717 1915 768 ;
1950 698 2039 754 sed

466 810 707 870 tanquam
730 799 784 852 in
803 814 905 852 uno
926 838 941 863 ,
970 795 1038 850 Et
1061 794 1238 851 semini
1264 802 1368 861 tuo,
1398 792 1531 866 quod
1558 801 1629 846 est
1657 791 1902 849 Christus.
1931 789 2038 846 Sed

465 890 542 945 ait
563 889 758 958 aliquis
788 905 801 941 :
829 887 885 944 Si
918 886 1160 942 Christus
1186 899 1369 941 semen
1398 884 1626 938 Abrahae
1645 924 1662 949 ,
1692 880 1947 952 numquid
1984 889 2039 937 et

462 980 603 1035 nos?
622 978 941 1035 Mementote
967 978 1091 1048 quia
1117 992 1302 1033 semen
1323 974 1551 1030 Abrahae
1571 973 1833 1038 Christus;
1859 988 1921 1028 ac
1942 987 2038 1042 per

464 1068 568 1124 hoc
592 1070 635 1124 si
663 1076 718 1124 et
764 1082 863 1123 nos
907 1081 1090 1123 semen
1120 1064 1346 1126 Abrahae
1368 1107 1384 1131 ,
1413 1079 1540 1134 ergo
1569 1072 1622 1119 et
1647 1078 1744 1117 nos
1770 1061 2033 1118 Christus.

467 1160 736 1225 Quomodo
767 1176 921 1213 unum
951 1175 1132 1230 corpus
1156 1157 1317 1211 multa
1337 1156 1581 1221 membra,
1600 1155 1671 1207 ita
1699 1164 1743 1207 et
1771 1152 1998 1209 Christus
2015 1168 2035 1206 :

461 1261 517 1308 et
557 1253 810 1322 Quotquot
835 1252 889 1306 in
914 1251 1111 1306 Christo
1134 1250 1373 1320 baptizati
1408 1250 1558 1312 estis,
1590 1247 1843 1302 Christum
1862 1246 2033 1299 indui-

468 1345 581 1399 stis.
611 1343 811 1413 Nempe
838 1358 1021 1399 semen
1053 1340 1278 1397 Abraha:
1308 1339 1586 1404 Christus;
1615 1352 1715 1391 nec
1742 1335 2035 1392 contradici

460 1441 641 1503 potest
668 1433 973 1503 apostolicis
1003 1432 1351 1502 apertissimis
1396 1430 1590 1492 verbis,
1610 1427 1679 1482 Et
1707 1429 1883 1482 semini
1912 1436 1996 1481 tuo
2014 1468 2031 1495 ,

462 1524 604 1593 quod
627 1533 699 1578 est
728 1522 978 1580 Christus.
1011 1522 1199 1578 Videte
1223 1520 1349 1592 quid
1389 1520 1542 1576 nobis
1568 1520 1710 1574 dicat
1739 1537 1753 1573 :
1782 1518 1843 1574 Si
1867 1527 2034 1572 autem

466 1630 553 1668 vos
579 1613 767 1670 Christi
790 1655 806 1682 ,
838 1631 956 1686 ergo
979 1629 1146 1668 semen
1183 1612 1399 1667 Abrahw
1444 1612 1563 1665 estis
1595 1609 1790 1683 (Gatat.
1836 1626 1913 1675 ιιι,
1942 1608 2028 1676 16,

459 1704 549 1773 27,
568 1704 681 1778 29).
699 1707 824 1763 ideo
844 1721 1093 1777 magnum
1147 1713 1231 1761 est
1256 1703 1384 1759 illud
1406 1710 1792 1759 sacramentum
1820 1719 1833 1755 :
1864 1700 2033 1756 Erunt

459 1797 560 1852 duo
588 1800 641 1853 in
666 1815 815 1853 carne
830 1816 932 1853 una
953 1796 1104 1872 (Gen.
1128 1814 1183 1863 ιι,
1206 1796 1319 1867 24).
1339 1796 1623 1867 Apostolus
1647 1794 1774 1851 dicit
1805 1813 1818 1848 :
1845 1794 2033 1850 Sacra-

457 1898 683 1944 mentum
710 1890 804 1945 hoc
830 1906 1068 1960 magnum
1088 1899 1199 1954 est;
1225 1906 1313 1961 ego
1343 1900 1509 1943 autent
1538 1889 1649 1942 dico
1674 1888 1726 1941 in
1748 1887 1943 1942 Christo
1985 1895 2032 1941 et

458 1979 514 2032 in
539 1978 771 2034 Ecclesia
800 1980 1016 2050 (Ep/tes.
1056 1996 1108 2045 v,
1140 1980 1252 2049 32).
1283 1978 1525 2034 Christus
1550 1986 1605 2034 et
1632 1977 1866 2033 Ecclesia
1888 2020 1902 2047 ,
1924 1977 2031 2033 duo

456 2072 513 2126 in
544 2083 706 2126 carne
750 2082 873 2125 una.
904 2070 1064 2125 Refer
1104 2070 1169 2124 ad
1210 2070 1511 2125 distantiam
1566 2068 1858 2140 majestatis
1901 2067 2027 2123 duo.

456 2160 574 2216 Duo
598 2161 776 2232 plane.
798 2162 917 2218 Non
931 2163 1071 2218 enim
1102 2172 1155 2218 et
1174 2177 1271 2217 nos
1301 2163 1550 2225 Verbum.
1570 2176 1674 2217 non
1698 2164 1839 2217 enim
1858 2172 1912 2217 et
1932 2177 2029 2218 nos

455 2253 511 2308 in
539 2253 797 2325 principio
826 2239 966 2311 Deus
991 2255 1128 2326 apud
1157 2255 1318 2309 Deum
1337 2296 1351 2317 ,
1384 2270 1488 2309 non
1538 2254 1678 2310 enim
1714 2263 1769 2310 et
1814 2270 1912 2309 nos
1942 2255 2030 2310 ille

457 2359 558 2414 per
576 2360 734 2415 quem
765 2344 901 2402 facta
928 2356 1051 2402 sunt
1076 2347 1251 2401 omnia
1284 2346 1480 2415 (Joan.
1503 2363 1542 2412 ι,
1576 2348 1627 2413 l,
1654 2347 1732 2416 5).
1758 2346 1977 2401 Venitur
2008 2347 2026 2377 ί

455 2433 525 2489 ad
555 2448 768 2491 carnem
790 2476 805 2501 ,
836 2445 893 2493 et
946 2436 1017 2491 ibi
1048 2437 1288 2492 Christus
1327 2446 1381 2493 et
1418 2437 1506 2492 ille
1533 2446 1588 2491 et
1617 2452 1730 2491 nos.
1759 2436 1875 2490 Non
1900 2450 2028 2506 ergo

458 2523 719 2580 miremur
767 2525 819 2580 in
863 2525 1127 2581 Psalmis:
1160 2528 1321 2582 multa
1351 2527 1493 2581 enim
1533 2526 1660 2581 dicit
1704 2542 1768 2581 ex
1801 2540 2024 2597 persona

458 2616 671 2687 capitis,
702 2618 866 2672 multa
889 2633 953 2673 ex
980 2633 1206 2689 persona
1232 2619 1589 2674 membrorum
1614 2634 1628 2685 ;
1656 2619 1834 2673 ethoc
1860 2627 2027 2673 totum

459 2714 714 2779 tanquam
752 2723 855 2763 una
894 2723 1123 2779 persona
1165 2708 1267 2773 sit,
1304 2709 1372 2763 ita
1401 2708 1653 2779 loquitur.
1673 2707 1783 2764 Nec
1819 2707 2029 2764 mireris

461 2798 581 2867 quia
604 2798 715 2853 duo
738 2799 792 2853 in
818 2814 950 2855 voce
978 2814 1078 2854 una
1104 2841 1119 2865 ,
1147 2800 1191 2854 si
1221 2798 1326 2853 duo
1352 2800 1405 2853 in
1433 2814 1592 2854 carne
1616 2814 1742 2854 una.

524 2888 578 2942 4.
618 2887 781 2944 Iudas
822 2888 962 2944 ﬁlius
1004 2890 1185 2958 sponsi
1227 2904 1555 2960 persequens
1588 2904 1862 2958 sponsum.
1915 2890 2028 2945 Hoc

455 2985 581 3033 tunc
595 2978 848 3047 contigit;
878 2994 947 3033 an
965 2987 1019 3033 et
1045 2978 1339 3033 futurorum
1366 2979 1665 3049 exemplum
1690 2980 2023 3051 praemissum

455 3069 573 3123 est?
599 3068 792 3123 Multos
813 3069 955 3124 enim
983 3068 1143 3124 falsos
1171 3068 1362 3124 fratres
1389 3082 1603 3139 passura
1625 3077 1741 3124 erat
1763 3068 2022 3137 Ecclesia,

454 3167 517 3214 nt
556 3167 613 3215 et
648 3160 821 3216 adhuc
845 3168 899 3217 et
926 3175 1092 3231 usque
1135 3160 1187 3215 in
1214 3161 1371 3217 linem
1411 3176 1665 3231 sponsum
1694 3162 1844 3216 illum
1885 3161 2027 3217 ﬁlius

451 3259 823 3321 persequatur.
850 3252 912 3307 Si
934 3252 1073 3306 enim
1090 3252 1321 3307 inimicus
1353 3250 1700 3322 exprobrasset
1737 3250 1883 3320 mihi,
1912 3268 2029 3307 sus-

454 3342 713 3398 tinuissem
758 3343 946 3413 utique,
973 3344 1076 3409 ait;
1105 3353 1151 3397 et
1176 3344 1221 3398 si
1251 3344 1295 3398 is
1330 3344 1415 3413 qui
1444 3324 1619 3398 oderat
1648 3359 1746 3409 me,
1773 3360 1924 3415 super
1948 3359 2027 3397 me

452 3449 641 3503 magna
676 3434 874 3489 locutus
903 3434 1111 3503 fuisset,
1156 3435 1527 3489 abscondissem
1562 3451 1641 3488 me
1664 3434 1833 3503 utique
1854 3432 1915 3486 ab
1947 3448 2025 3487 eo.

453 3524 585 3591 Quis
604 3534 688 3579 est
706 3526 990 3580 inimicus?
1015 3526 1135 3596 quis
1160 3534 1243 3581 est
1268 3527 1358 3596 qui
1383 3526 1569 3581 oderat
1595 3524 1717 3580 me?
1742 3525 1840 3592 Qui
1863 3523 2025 3579 dicit:

454 3615 587 3681 Quis
628 3624 709 3669 est
752 3614 1029 3669 Christus?
1056 3615 1224 3670 llomo
1265 3615 1363 3670 fuit
1406 3614 1677 3682 Christus,
1724 3628 1823 3669 nec
1847 3615 2028 3670 vivere

456 3707 663 3777 potuit,
689 3721 810 3762 cum
846 3707 1008 3763 vellet
1032 3706 1213 3763 vivere
1240 3725 1254 3762 ε
1283 3716 1337 3764 et
1360 3716 1600 3762 mortuus
1625 3716 1707 3762 est
1724 3746 1738 3769 ,
1763 3707 2024 3778 inquiunt,

448 3796 678 3864 nolens,
709 3796 910 3853 evictus
930 3838 946 3865 ,
968 3796 1286 3864 crucifixus,
1313 3798 1541 3853 occisus.
1584 3796 1785 3851 Inimici
1820 3796 1917 3851 ista
1947 3796 2030 3851 di-

454 3897 603 3945 cunt.
634 3890 866 3960 Apertus
888 3889 988 3945 iste
1009 3889 1253 3945 inimicus
1272 3898 1375 3957 est,
1402 3889 1477 3944 ait
1500 3889 1760 3956 Christus,
1784 3889 1894 3943 odit
1915 3904 2021 3954 me,

453 3990 668 4053 apertas
692 3983 823 4038 mihi
850 3983 1037 4039 indicit
1074 3983 1410 4049 inimicitias;
1447 3981 1598 4037 facile
1630 3991 1712 4037 est
1747 3982 1902 4036 istum
1939 3983 2025 4036 vel

457 4073 689 4130 tolerare
734 4074 823 4131 vel
861 4074 1069 4129 vitare:
1108 4074 1236 4144 quid
1278 4074 1413 4129 facio
1437 4073 1505 4129 de
1544 4072 1875 4129 Abessalon?
1900 4071 2026 4142 quid

452 4154 594 4224 facio
615 4167 684 4225 de
711 4167 881 4224 Juda?
904 4168 1031 4239 quid
1055 4168 1123 4224 de
1142 4167 1288 4223 falsis
1308 4167 1598 4223 fratribus?
1626 4166 1749 4237 quid
1780 4165 1847 4221 de
1872 4165 2028 4221 malis

454 4259 580 4315 ﬁliis
607 4267 662 4316 et
687 4267 861 4318 tamen
891 4259 1011 4315 ﬁliis
1028 4300 1045 4326 ,
1067 4258 1158 4329 qui
1183 4273 1288 4313 non
1315 4265 1498 4312 contra
1531 4271 1629 4312 nos
1657 4255 2029 4326 blasphemant

451 4352 755 4421 Christum,
797 4352 892 4408 sed
940 4352 1215 4407 nobiscum
1262 4349 1485 4405 adorant
1530 4348 1829 4414 Christum,
1878 4355 1932 4401 et
1974 4346 2028 4401 in

363 4482 373 4493 .
452 4442 609 4500 nobis
638 4452 1026 4514 persequuntur
1048 4440 1361 4497 Christum?
1383 4441 1457 4495 De
1478 4439 1669 4509 quibus
1695 4452 2027 4507 consequen-

458 4544 545 4590 ter
576 4534 631 4588 in
656 4533 842 4589 eodem
880 4534 1085 4602 psalmo
1107 4533 1300 4588 dicitur
1326 4550 1340 4585 :
1374 4532 1551 4586 Alium
1584 4530 1738 4585 facile
1763 4538 1879 4585 erat
1906 4543 2028 4597 per-

462 4624 630 4691 ferre,
662 4640 781 4681 eum
811 4626 900 4701 qui
926 4625 1111 4679 oderat
1139 4640 1259 4690 me;
1285 4624 1371 4678 vel
1393 4621 1720 4697 abscondere
1739 4636 1825 4675 me
1850 4620 1918 4674 ab
1938 4634 2023 4674 eo.

450 4716 752 4773 Abscondis
800 4716 943 4771 enim
995 4724 1045 4769 te
1090 4731 1121 4769 a
1168 4729 1404 4784 pagano,
1455 4714 1658 4767 intrans
1706 4711 2023 4766 Ecclesium.

455 4806 680 4876 Quando
707 4818 885 4863 autem
911 4815 964 4861 et
992 4807 1061 4862 ibi
1089 4807 1292 4861 invenis
1320 4804 1460 4875 quod
1485 4805 1655 4870 times,
1678 4802 1803 4872 quid
1834 4803 2027 4872 quaeris

453 4900 547 4955 ubi
589 4908 641 4955 te
684 4897 1015 4953 abscondas?
1055 4897 1290 4965 Denique
1331 4896 1421 4950 ille
1460 4896 1573 4964 ipse
1615 4894 1890 4963 apostolus
1933 4894 2025 4962 qui

451 4989 620 5061 gemit
664 4989 718 5045 in
766 4988 1017 5060 periculis
1045 5002 1074 5041 a
1105 4986 1251 5041 falsis
1290 4986 1577 5039 fratribus:
1609 4982 1781 5047 Foris,
1829 4982 2021 5053 inquit,

450 5096 657 5153 pugnae,
692 5082 829 5136 intus
855 5080 1055 5135 timores
1114 5078 1177 5150 (ll
1214 5077 1331 5133 Cor.
1364 5093 1454 5142 vn,
1484 5074 1560 5146 5).
1595 5076 1656 5131 Si
1689 5089 1815 5146 ergo
1850 5076 1894 5128 is
1933 5076 2023 5145 qui

450 5173 627 5228 oderat
646 5188 745 5237 me,
764 5186 915 5242 super
932 5187 1011 5224 me
1027 5186 1211 5240 magna
1230 5172 1426 5223 locutus
1445 5167 1639 5236 fuisset,
1658 5166 2025 5221 abscondissem

449 5279 533 5317 me
556 5264 725 5333 utique
739 5262 802 5316 ab
825 5276 883 5314 eo
900 5277 919 5327 ;
940 5269 993 5314 tu
1008 5276 1121 5321 vero
1138 5259 1409 5312 unianimis
1426 5273 1562 5311 meus
1587 5255 1756 5327 (Psat.
1785 5271 1889 5319 LIV,
1914 5254 2023 5325 15).

450 5352 792 5409 Uniauimem
831 5350 993 5415 dicit,
1042 5358 1290 5419 tanquam
1334 5362 1498 5403 unum
1544 5347 1597 5402 in
1644 5345 1877 5401 Christo.
1931 5346 2027 5400 Est

452 5425 582 5515 ergo
600 5442 853 5499 Ecclesiae
882 5440 1021 5511 quod
1045 5439 1178 5507 ferat
1198 5438 1347 5506 foris,
1375 5448 1550 5509 gemat
1576 5438 1716 5492 intus
1744 5455 1757 5491 :
1782 5436 2025 5492 inimicos

452 5542 629 5588 tamen
658 5546 784 5588 suos
811 5531 1027 5601 deputet
1062 5528 1193 5585 foris
1220 5539 1274 5585 et
1305 5530 1480 5597 intus;
1511 5528 1641 5587 foris
1668 5526 1877 5586 facilius
1910 5527 2022 5584 evi-

451 5624 664 5692 tabiles,
690 5625 831 5680 intus
855 5623 1121 5679 difﬁcilius
1152 5622 1477 5680 tolerabiles.

515 5739 534 5770 ⁸
559 5736 705 5801 Lugd.
734 5743 878 5798 Ven,
895 5734 1126 5787 veniatur.
1150 5742 1207 5785 ll.

1692 313 1750 371 3.
1789 308 2151 370 AUGUSTINI
2191 310 2490 371 EPISCOPI

3577 320 3713 379 1848

2216 433 2271 489 5.
2307 430 2457 486 Dicat
2488 444 2614 501 ergo
2646 428 2898 486 Dominus
2923 439 3107 489 noster
3125 472 3142 501 ,
3168 432 3312 491 dicat
3343 434 3587 493 Christus
3617 453 3713 495 no-

2141 521 2347 577 biscum
2399 529 2542 577 totus
2594 520 2837 577 Christus
2867 537 2881 578 :
2909 522 3148 593 Domine,
3194 526 3382 581 exaudi
3431 530 3708 585 oratione»-

2141 628 2324 679 meam,
2353 613 2552 684 percipe
2567 611 2776 666 auribus
2798 628 2994 683 precem
3025 630 3206 669 meum.
3229 615 3344 672 Hoc
3365 625 3468 685 est,
3489 620 3677 674 exaudi
3690 637 3711 685 ,'

2142 704 2305 773 quod,
2343 705 2542 776 percipe
2568 705 2769 760 auribus
2793 720 2814 760 :
2832 707 3095 777 repetitio,
3133 708 3467 767 conﬁrmatio
3508 720 3614 768 est.
3644 712 3711 769 In

2139 796 2345 851 ueritate
2381 804 2469 850 tua
2502 797 2688 851 exaudi
2721 813 2831 864 me,
2864 798 2919 853 in
2944 808 3031 855 tua
3046 801 3271 871 justitia.
3305 802 3387 860 Ne
3423 812 3711 877 utatmque

2140 885 2443 955 accipiatis,
2472 901 2595 943 cum
2622 886 2843 957 dicitur,
2872 889 2927 944 in
2954 899 3045 947 tua
3059 892 3279 963 justitia.
3306 891 3711 953 Commendatio

2138 985 2221 1033 est
2248 977 2387 1032 enim
2425 979 2640 1049 gratiae,
2675 994 2743 1035 ne
2771 981 3131 1052 unusquisqne
3169 991 3408 1040 nostrum
3444 984 3705 1055 justitiam

2137 1079 2286 1121 suam
2304 1076 2471 1137 putet.
2492 1068 2617 1124 Haec
2636 1072 2774 1125 enim
2792 1072 2994 1142 justitia
3022 1072 3112 1128 Dei
3135 1080 3238 1139 est,
3258 1089 3417 1144 quam
3433 1082 3493 1131 ut
3510 1075 3709 1133 habeas

2140 1155 2279 1213 Deus
2307 1158 2471 1214 dedit.
2511 1159 2643 1215 Nam
2682 1162 2771 1231 qui
2812 1163 3094 1218 voluerunt
3129 1163 3198 1220 de
3223 1179 3318 1220 sua
3349 1166 3557 1236 iustitia
3589 1168 3708 1238 glo-

2138 1246 2285 1311 riari,
2307 1248 2432 1318 quid
2471 1249 2540 1305 de
2579 1251 2684 1306 illis
2705 1251 2833 1308 dicit
2857 1254 3182 1322 Apostolus?
3205 1254 3567 1311 Testimonium
3598 1257 3669 1312 eis
3684 1299 3703 1324 ,

2136 1338 2326 1410 inquit,
2375 1342 2629 1412 perhibeo,
2672 1344 2791 1413 quia
2828 1343 2993 1399 selum
3030 1344 3129 1400 Dei
3168 1346 3368 1403 habent.
3401 1347 3479 1405 De
3508 1348 3705 1405 Judmis

2136 1429 2379 1503 loquens,
2410 1432 2587 1487 Zetum
2606 1433 2724 1502 Dei,
2751 1436 2937 1504 inquit,
2963 1435 3164 1504 habent,
3193 1437 3283 1492 sed
3310 1453 3410 1493 non
3430 1438 3704 1493 secundum

2134 1524 2415 1579 scientiam.
2455 1525 2593 1593 Quid
2629 1534 2732 1593 est,
2768 1543 2869 1581 non
2908 1528 3179 1583 secundum
3205 1530 3462 1585 scientiam
3483 1531 3509 1585 Ρ
3533 1530 3702 1599 Quam

2134 1616 2275 1671 enim
2300 1626 2354 1671 tu
2378 1618 2722 1674 commendas
2741 1620 2923 1675 utilem
2943 1620 3260 1676 scientiam?
3284 1623 3540 1693 numquid
3562 1624 3701 1680 illam

2134 1721 2251 1783 qua}
2288 1721 2409 1762 cum
2437 1709 2552 1764 sola
2589 1708 2742 1764 fuerit
2774 1710 2953 1778 inflat;
2984 1727 3103 1782 quas
3131 1713 3231 1768 nisi
3256 1715 3504 1769 comitata
3544 1714 3702 1770 fuerit

2138 1796 2422 1864 charitate,
2465 1812 2571 1851 non
2610 1798 2837 1854 aediﬁcat
2875 1800 2921 1871 (ι
2959 1800 3078 1855 Cor.
3116 1817 3227 1871 vni,
3251 1802 3342 1873 l)?
3365 1802 3483 1860 Non
3521 1804 3702 1875 utique

2134 1886 2337 1957 ipsam;
2367 1888 2461 1943 sed
2488 1888 2629 1944 illam
2663 1890 2939 1945 scientiam
2969 1891 3217 1949 comitem
3256 1892 3554 1962 charitatis,
3580 1910 3696 1950 ma-

2132 1979 2352 2048 gistram
2387 1980 2715 2038 humilitatis.
2745 1983 2877 2040 Vide
2903 1985 2949 2040 si
2984 1986 3095 2056 ipsa
3128 1994 3213 2042 est
3236 2004 3250 2041 :
3276 1985 3483 2052 Zetum,
3506 1988 3696 2057 inquit,

2131 2068 2230 2123 Dei
2252 2071 2450 2139 habent,
2470 2073 2560 2128 sed
2580 2090 2680 2128 non
2698 2076 2966 2130 secundum
2983 2076 3260 2131 scientiam.
3284 2078 3525 2149 Exponat
3541 2095 3696 2151 qualn

2132 2152 2274 2208 dicat
2328 2155 2639 2210 scientiam:
2694 2155 2995 2228 Ignorantes
3044 2158 3141 2214 Dei
3178 2162 3429 2231 justitiam
3471 2172 3518 2218 et
3558 2180 3699 2219 mm

2131 2245 2352 2301 uolentes
2403 2249 2732 2315 constituere,
2771 2250 2987 2320 justitia:
3030 2251 3129 2306 Dei
3184 2269 3284 2307 non
3331 2263 3447 2309 sunt
3491 2255 3699 2326 subjecti

2133 2334 2307 2406 (Rom.
2350 2354 2403 2402 χ,
2451 2337 2505 2404 2,
2536 2338 2614 2408 5).
2680 2339 2779 2408 Qui
2827 2355 2953 2411 ergo
2987 2342 3171 2398 volunt
3234 2346 3561 2403 constituere
3606 2347 3692 2416 ju-

2130 2426 2326 2483 stitiam
2351 2430 2535 2483 suam?
2562 2429 2661 2497 Qui
2690 2430 2831 2502 quod
2856 2432 2992 2488 bene
3018 2431 3271 2501 fecerint,
3293 2436 3392 2491 sibi
3418 2436 3695 2506 imputant,

2129 2517 2271 2587 quod
2324 2519 2484 2584 male,
2541 2519 2690 2576 Deo:
2741 2523 2957 2577 omnino
2985 2525 3239 2593 perversi.
3280 2525 3515 2597 Denique
3570 2528 3696 2583 recti

2131 2617 2308 2675 erunt,
2350 2625 2468 2665 cum
2507 2610 2609 2665 hoc
2637 2611 2808 2682 ipsum
2840 2615 3217 2670 converterint.
3246 2615 3533 2671 Perversus
3553 2616 3695 2683 ideo,

2129 2704 2253 2775 quia
2279 2704 2420 2774 quod
2451 2703 2608 2770 male,
2637 2705 2776 2770 Deo;
2807 2705 2950 2775 quod
2986 2707 3143 2775 bene,
3175 2707 3268 2762 tibi
3298 2724 3311 2764 :
3341 2717 3516 2764 rectus
3560 2708 3694 2776 eris,

2130 2796 2341 2866 quando
2366 2797 2507 2867 quod
2544 2799 2683 2853 male
2725 2799 2945 2866 feceris,
2975 2798 3097 2865 tibi;
3124 2799 3265 2870 quod
3303 2800 3439 2856 bene
3475 2800 3696 2865 feceris,

2132 2888 2261 2943 Deo.
2305 2887 2420 2943 Non
2463 2889 2606 2943 enim
2635 2903 2703 2945 ex
2747 2889 2910 2959 impio
2931 2889 3074 2959 juste
3111 2890 3344 2959 viveres,
3372 2891 3473 2945 nisi
3500 2891 3567 2945 ab
3606 2891 3699 2945 illo

2126 2980 2300 3050 justus
2332 2979 2530 3046 factus,
2557 2981 2645 3051 qui
2668 2981 2923 3052 justificat
2949 2982 3165 3051 impium
3194 2980 3302 3053 (Id.
3326 2997 3399 3047 tv,
3426 2981 3507 3052 5).
3536 2982 3696 3053 Ergo,

2131 3072 2321 3142 inquit,
2350 3071 2415 3125 In
2443 3072 2648 3126 veritate
2694 3082 2780 3125 tua
2808 3071 2993 3126 exaudi
3022 3087 3121 3137 me,
3153 3072 3207 3126 in
3235 3082 3321 3125 tua
3339 3072 3563 3141 justitia,
3594 3085 3698 3126 non

2131 3164 2184 3218 in
2212 3179 2359 3230 mea;
2391 3172 2447 3218 ut
2469 3164 2692 3218 inveniar
2719 3166 2771 3217 in
2797 3163 2887 3218 illo
2912 3178 3011 3217 non
3038 3161 3224 3217 habens
3252 3179 3413 3217 meam
3425 3162 3693 3231 justitiam,

2130 3272 2244 3325 qua:
2260 3273 2323 3310 ea:
2338 3257 2445 3327 lege
2465 3266 2560 3323 est,
2583 3256 2671 3310 sed
2690 3272 2800 3310 eam
2816 3270 2929 3326 qua:
2942 3263 3014 3308 est
3029 3271 3091 3309 ea:
3111 3254 3212 3323 ﬁde
3233 3252 3491 3326 (Philipp.
3517 3269 3595 3320 tu,
3620 3253 3694 3322 9).

2133 3347 2305 3413 Ecce,
2340 3346 2406 3400 In
2431 3356 2518 3400 tua
2548 3346 2741 3413 iustitia
2783 3344 2965 3399 exaudi
3013 3360 3111 3398 me.
3160 3342 3241 3398 Ad
3276 3358 3361 3397 me
3400 3343 3541 3398 enim
3579 3357 3697 3397 cum

2131 3437 2386 3508 respicio,
2431 3436 2562 3492 nihil
2591 3436 2732 3491 aliud
2760 3451 2937 3491 meum
2968 3450 3124 3506 quam
3151 3442 3423 3504 peccatum
3464 3434 3695 3489 invenio.

2202 3530 2255 3585 6.
2286 3528 2416 3603 [vers
2446 3529 2527 3600 2.]
2551 3528 2620 3583 Et
2641 3546 2702 3583 ne
2731 3530 2884 3583 intres
2908 3530 2961 3583 in
2982 3530 3237 3599 judicium
3263 3546 3375 3582 cum
3413 3544 3553 3583 servo
3590 3536 3695 3584 tuo.

2132 3620 2231 3689 Qui
2253 3635 2372 3675 cum
2392 3620 2485 3676 illo
2505 3619 2689 3674 volunt
2708 3620 2907 3674 intrare
2934 3619 2987 3673 in
3009 3618 3285 3688 judicium,
3304 3618 3407 3672 nisi
3430 3619 3517 3688 qui
3546 3619 3695 3688 igno-

2131 3724 2313 3770 rantes
2340 3713 2433 3767 Dei
2466 3712 2725 3783 justitiam
2745 3751 2760 3777 ,
2789 3726 2939 3766 suam
2966 3711 3150 3765 volunt
3176 3710 3535 3765 constituere?
3563 3709 3696 3775 Quid

2131 3812 2203 3858 est
2220 3803 2353 3869 quod
2366 3803 2737 3873 jejunavimus,
2764 3810 2809 3854 et
2831 3813 2928 3855 non
2952 3800 3137 3865 vidisti,
3160 3800 3566 3869 defraudaeimus
3589 3800 3699 3853 ani-

2133 3911 2241 3949 mas
2276 3903 2472 3949 nostras
2492 3935 2507 3961 ,
2538 3902 2586 3946 et
2612 3892 2812 3947 nescisti
2849 3891 3001 3961 (Isni.
3041 3906 3183 3956 LVlll,
3211 3889 3304 3961 '5)?
3327 3900 3573 3961 tanquam
3615 3889 3696 3944 di-

2132 3993 2354 4040 centes:
2401 3984 2647 4038 Fecimus
2688 3982 2828 4052 quod
2867 3981 3101 4050 jussisti;
3156 3995 3319 4050 quare
3363 3995 3470 4034 non
3517 3979 3697 4034 reddis

2133 4076 2273 4147 quod
2322 4075 2650 4146 promisisti?
2698 4073 3004 4145 Respondet
3047 4073 3141 4127 tibi
3168 4074 3345 4127 Deus:
3375 4071 3447 4128 Ut
3472 4072 3699 4141 accipias

2132 4167 2273 4239 quod
2301 4167 2539 4236 promisi,
2562 4180 2661 4236 ego
2685 4164 2857 4230 dabo;
2884 4174 2940 4219 ut
2970 4163 3191 4230 faceres,
3219 4177 3381 4234 quare
3405 4162 3696 4233 acciperes,

2131 4272 2229 4329 ego
2244 4256 2412 4312 dedi‘.
2431 4256 2667 4327 Denique
2681 4254 2923 4325 superbis
2945 4253 3135 4309 talibus
3158 4252 3388 4323 loquitur
3409 4253 3695 4323 prepheta:

2138 4350 2276 4418 Quid
2315 4349 2465 4404 vultis
2491 4364 2684 4402 mecum
2724 4347 2909 4412 iudicio
2935 4345 3270 4401 contendere!
3297 4345 3482 4399 Omnes
3521 4344 3700 4399 dereli-

2130 4442 2308 4512 quistis
2328 4457 2437 4506 me,
2460 4440 2579 4493 dicit
2609 4437 2856 4493 Dominus
2881 4435 3091 4508 (Jerem.
3127 4452 3193 4501 ιι,
3219 4435 3335 4508 29).
3372 4434 3511 4502 Quid
3542 4434 3700 4490 vultis

2133 4546 2339 4587 mecum
2366 4530 2416 4584 in
2437 4529 2692 4599 judicium
2718 4528 2948 4595 intrare,
2975 4534 3029 4582 et
3054 4533 3257 4581 vestras
3297 4524 3530 4595 justitias
3556 4538 3701 4581 com-

2132 4622 2471 4679 memorare?
2490 4620 2920 4676 Commemorate
2939 4618 3169 4688 justitias
3189 4625 3425 4682 vestras;
3452 4630 3552 4685 ego
3578 4615 3699 4669 novi

2132 4714 2365 4768 facinora
2410 4720 2608 4766 vestra.
2633 4708 2910 4777 Quomodo
2946 4705 3250 4776 approbabo
3289 4704 3583 4774 justitiam,
3614 4702 3698 4756 ubi

2131 4803 2396 4861 damnaho
2425 4800 2763 4872 superbiam?
2788 4798 2974 4853 Merito
3002 4797 3102 4851 iste
3140 4794 3354 4849 humilis
3384 4793 3437 4847 in
3476 4806 3700 4862 corpore

2132 4896 2344 4962 Christi,
2373 4896 2582 4951 discens
2608 4909 2638 4948 a
2662 4892 2834 4961 capite
2859 4890 3105 4960 quoniam
3135 4887 3278 4941 mitis
3301 4894 3383 4941 est
3406 4896 3459 4941 et
3486 4884 3700 4939 humilis

2133 4988 2297 5044 corde
2328 4987 2542 5058 (Matth.
2583 5001 2657 5050 ιι,
2688 4982 2812 5055 29),
2849 4980 2931 5035 Ne
2962 4980 3135 5046 intres,
3168 4977 3359 5048 inquit,
3388 4976 3441 5030 in
3447 4976 3701 5047 judicium

2133 5095 2248 5132 cum
2285 5093 2426 5131 servo
2475 5086 2581 5130 tuo.
2619 5074 2736 5129 Non
2781 5073 3073 5142 litigemus;
3122 5068 3244 5123 nolo
3290 5076 3464 5122 tecum
3505 5065 3701 5119 habere

2132 5184 2370 5234 causam,
2399 5176 2459 5221 ut
2486 5181 2585 5236 ego
2622 5177 2911 5234 preponam
2950 5159 3209 5229 justitiam
3242 5172 3437 5221 meam,
3476 5163 3532 5208 tu
3575 5168 3703 5209 con-

2133 5262 2313 5315 vincas
2341 5260 2670 5329 iniquitatem
2706 5269 2880 5309 meam
2906 5270 2918 5305 :
2955 5250 3037 5305 Ne
3063 5251 3218 5303 intres
3244 5249 3295 5301 in
3311 5247 3565 5319 judicium
3589 5260 3699 5297 cum

2131 5368 2271 5407 servo
2294 5361 2396 5405 tuo.
2424 5350 2599 5417 Quare
2639 5345 2777 5400 hoc?
2802 5358 2965 5413 quare
3002 5339 3188 5395 timet?
3218 5338 3469 5404 Quoniam
3499 5352 3598 5389 non
3614 5336 3703 5405 ju-

2132 5444 2430 5512 stiﬁcabitur
2463 5455 2633 5495 coram
2663 5447 2710 5491 te
2739 5436 2900 5490 omnis
2949 5435 3137 5487 vivens.
3169 5431 3348 5485 Omnis
3390 5430 3576 5493 vivens,
3615 5426 3701 5482 hic

2133 5539 2316 5607 utique
2361 5536 2568 5599 vivens,
2609 5533 2662 5586 i'n
2707 5544 2868 5585 carne
2909 5527 3114 5592 vivens,
3164 5522 3455 5606 moriturus
3493 5521 3699 5586 vivens,

2196 5670 2212 5700 ι
2240 5668 2313 5718 sic
2331 5674 2437 5718 uss.
2464 5672 2517 5714 At
2540 5664 2671 5723 add,
2697 5676 2785 5725 ego
2805 5659 2923 5712 dedi
2944 5664 2995 5709 ut
3014 5659 3230 5719 faceres;
3251 5665 3401 5716 quare
3437 5652 3697 5717 acciperes.

2136 5744 2222 5797 ego
2238 5728 2351 5780 dedi
2374 5742 2389 5777 :
2410 5729 2500 5778 nisi
2519 5727 2647 5791 quod
2668 5735 2763 5774 Am.
2790 5725 2954 5785 habet,
2975 5732 3123 5784 quare
3145 5728 3407 5780 acceperis.

3717 5762 3732 5825 i
