4038 6466
260 366 391 427 1849

259 489 407 539 natus
448 475 629 541 homo,
657 486 722 528 ex
765 468 1071 525 hominibus
1096 465 1279 521 vivens
1297 506 1312 532 ,
1343 465 1410 520 de
1437 464 1627 530 Adam,
1655 463 1824 518 Adam

259 575 465 634 vivens;
491 565 667 621 omnis
685 562 759 620 ita
789 562 972 617 vivens
989 558 1265 630 iustiﬁcari
1289 556 1426 611 forte
1450 563 1627 627 potest
1644 567 1825 609 coram

257 676 336 727 se,
357 672 462 715 non
490 670 669 711 coram
696 662 767 710 te.
791 650 1089 721 Quomodo,
1116 664 1297 705 coram
1326 649 1418 706 se?
1445 646 1555 702 Sibi
1586 646 1822 716 placens,

258 750 353 807 tibi
378 747 701 818 displicens:
731 760 901 799 coram
924 751 972 798 te
995 750 1171 797 autem
1199 756 1300 795 non
1325 736 1688 811 justiﬁcabitur
1711 751 1823 791 om-

259 843 338 899 nis
368 842 555 896 virens.
586 838 705 894 Noli
730 852 859 909 ergo
890 850 1099 893 mecum
1126 834 1323 889 intrare
1347 833 1400 887 in
1412 831 1691 902 judicium,
1719 830 1825 885 Do-

259 939 428 1001 mine,
459 933 601 988 Deus
628 945 800 987 meus.
829 928 1225 998 Quantumlibet
1252 934 1429 982 rectus
1458 923 1589 979 mihi
1614 922 1821 990 videar,

258 1022 503 1094 producis
534 1030 590 1076 tu
627 1020 696 1076 de
721 1019 971 1075 thesauro
1001 1026 1093 1074 tuo
1118 1018 1378 1089 regulam,
1406 1023 1623 1085 coaptas
1647 1028 1734 1069 me
1757 1012 1826 1068 ad

257 1129 395 1179 eam,
421 1121 476 1169 et
513 1127 709 1184 pravus
745 1111 1004 1168 invenior.
1036 1108 1122 1165 Ne
1146 1112 1302 1165 intres
1327 1109 1382 1164 in
1419 1108 1674 1181 judicium
1707 1123 1823 1161 cum

256 1220 396 1260 servo
419 1213 526 1258 tuo.
558 1203 723 1269 Bene,
750 1219 864 1257 cum
883 1218 1022 1257 servo
1045 1210 1151 1259 tuo.
1174 1200 1451 1271 indignum
1478 1197 1676 1254 esttibi
1702 1211 1824 1252 cum

256 1309 409 1351 servo
431 1303 522 1349 tuo
542 1295 739 1349 intrare
762 1294 814 1348 in
839 1288 1120 1363 judicium,
1148 1306 1247 1347 nec
1273 1290 1487 1361 quidem
1507 1304 1630 1345 cum
1655 1287 1827 1342 amico

257 1394 387 1442 tuo:
409 1385 561 1456 quia,
602 1383 752 1439 Vobis
797 1384 910 1438 dico
936 1383 1113 1437 amicis
1147 1382 1271 1435 meis
1301 1379 1451 1452 (Luc.
1490 1378 1689 1450 κυνί),
1720 1392 1826 1432 non

255 1479 494 1544 diceres,
528 1478 631 1533 nisi
659 1492 724 1533 ex
765 1476 934 1531 servis
975 1475 1175 1530 amicos
1214 1482 1273 1528 tu
1316 1473 1432 1543 ipse
1474 1470 1715 1526 fecisses.
1747 1467 1827 1522 Tu

256 1572 381 1627 licet
414 1570 566 1624 dicas
604 1569 867 1633 amicum,
897 1581 999 1637 ego
1041 1563 1299 1621 conﬁteor
1339 1577 1590 1617 servum:
1623 1559 1831 1615 miseri-

256 1661 435 1717 cordia
464 1659 709 1731 indigeo,
755 1658 1003 1729 fugitivus
1039 1657 1224 1721 redeo.
1264 1670 1449 1726 pacem
1478 1668 1692 1725 quaero;
1721 1667 1829 1707 non

254 1768 372 1809 sum
400 1752 596 1823 dignus
633 1751 814 1805 vocari
842 1749 979 1804 ﬁlius
1008 1758 1130 1804 tuus
1160 1748 1269 1821 (Id.
1296 1763 1385 1814 xv,
1421 1746 1536 1817 21),
1566 1745 1650 1821 Ne
1674 1746 1830 1799 intres

254 1846 308 1899 in
324 1844 582 1915 judicium
609 1858 726 1897 cum
752 1858 893 1897 servo
932 1850 1054 1904 tuo;
1078 1840 1321 1910 quoniam
1344 1855 1446 1893 non
1466 1836 1831 1910 justiﬁcabitur

254 1937 308 1991 in
331 1945 605 2007 conspectu
633 1946 719 1991 tuo
756 1936 917 1991 omnis
949 1935 1134 1990 vivens.
1160 1933 1291 1988 Ante
1313 1940 1524 1989 mortem
1556 1946 1620 1985 ne
1654 1928 1831 1984 laudes

252 2028 509 2084 hominem
546 2044 840 2099 quemquam
875 2026 1059 2099 (Eccli.
1090 2042 1167 2093 x1,
1197 2026 1291 2097 '50)
1331 2042 1346 2079 :
1396 2024 1616 2080 omnino
1665 2022 1830 2077 omnis

249 2118 439 2174 vivens.
469 2118 607 2193 Quid
650 2118 751 2189 ipsi
780 2118 992 2183 arietes,
1022 2115 1147 2187 quid
1174 2116 1276 2186 ipsi
1310 2114 1576 2186 Apostoli,
1601 2112 1668 2169 de
1694 2127 1829 2183 quo-

248 2225 370 2265 rum
420 2211 576 2281 prole
624 2210 818 2266 dicitur
868 2228 881 2264 :
934 2209 1127 2277 A/ferte
1169 2208 1386 2263 Domino
1433 2208 1568 2277 ﬁlios
1619 2205 1832 2259 arietum

250 2297 428 2373 (Psal.
458 2316 647 2368 xxvm,
677 2300 767 2371 l)?
793 2300 867 2354 Ex
898 2299 983 2355 his
1012 2299 1206 2354 Paulus
1235 2305 1337 2363 est,
1367 2298 1457 2367 qui
1486 2296 1615 2351 dicit
1641 2310 1746 2349 non
1773 2308 1833 2349 se

247 2403 371 2444 esse
405 2389 700 2459 perfectum
727 2407 741 2443 :
776 2388 895 2443 Non
922 2390 1041 2459 quia
1057 2390 1172 2459 jam
1196 2388 1490 2457 acceperim,
1524 2384 1713 2455 inquit,
1744 2394 1833 2438 aut

236 2479 354 2549 jam
383 2480 639 2550 perfectus
666 2480 760 2533 sim
788 2478 1044 2549 (Philipp.
1070 2494 1147 2545 ιιι,
1178 2478 1289 2548 12).
1326 2478 1578 2548 Denique,
1620 2477 1828 2541 fratres,

244 2579 306 2625 ut
336 2563 449 2626 cito
479 2569 805 2640 agnoscatis,
839 2569 939 2639 ipsi
986 2567 1287 2623 didicerunt
1333 2581 1489 2622 orare
1526 2567 1666 2638 quod
1711 2582 1835 2621 ora-

244 2677 391 2728 mus,
436 2662 567 2731 ipsis
597 2662 720 2716 data
766 2670 847 2717 est
881 2660 1061 2731 regula
1089 2660 1413 2731 postulandi,
1458 2676 1489 2715 a
1514 2660 1832 2732 lurisperito

242 2751 460 2807 caelesti
496 2769 509 2805 :
542 2752 631 2807 Sic
659 2762 818 2817 orate,
849 2752 1038 2822 inquit.
1081 2752 1147 2806 Et
1185 2767 1306 2807 cum
1332 2752 1573 2822 quaedam
1616 2754 1831 2822 praemi-

240 2842 431 2908 sisset,
466 2841 645 2911 posuit
665 2850 719 2896 et
744 2841 845 2896 hoc
869 2850 929 2895 ut
956 2840 1200 2897 dicerent
1227 2841 1423 2897 arietes
1449 2841 1641 2909 nostri,
1667 2842 1831 2899 duces

239 2931 427 2986 ovium
453 2972 469 2997 ,
499 2938 555 2985 et
582 2933 847 3002 praecipua
878 2932 1113 2988 membra
1141 2932 1375 2987 Pastoris
1401 2941 1455 2987 et
1481 2943 1830 3004 congregato-

239 3020 317 3075 ris
346 3021 364 3051 ¹
409 3021 576 3075 unius
622 3022 832 3091 gregis;
880 3021 981 3092 ipsi
1025 3022 1326 3078 didicerunt
1362 3023 1578 3079 dicere:
1621 3023 1831 3080 Dimitte

238 3112 383 3166 nobis
412 3113 584 3166 debita
621 3124 811 3180 nostra,
841 3118 1042 3169 sicutet
1068 3131 1159 3169 nos
1203 3116 1496 3171 dimittimus
1526 3118 1831 3172 debitoribus

236 3204 427 3258 nostris
457 3201 673 3275 (Matth.
704 3221 779 3270 v1,
810 3205 863 3269 9,
895 3205 1005 3277 12).
1033 3205 1151 3262 Non
1181 3207 1446 3273 dixerunt,
1475 3208 1684 3263 Gratias
1711 3210 1825 3276 tibi,

235 3297 328 3366 qui
354 3296 614 3351 dimisisti
640 3298 793 3353 nobis
820 3298 994 3354 debita
1044 3307 1246 3363 nostra,
1274 3298 1414 3354 sicut
1438 3308 1494 3354 et
1516 3314 1614 3354 nos
1644 3300 1825 3354 dimit-

236 3386 400 3443 timus
430 3387 768 3444 debitoribus
794 3391 1021 3456 nostris;
1054 3391 1170 3456 sed,
1198 3390 1429 3458 Dimitte,
1452 3391 1582 3445 sicut
1613 3390 1827 3445 dimitti-

235 3494 370 3533 mus.
403 3478 651 3535 Orabant
693 3490 871 3535 autem
897 3482 1077 3552 utique
1109 3483 1219 3552 jam
1249 3481 1431 3537 ﬁdeles
1453 3523 1468 3548 ,
1499 3482 1681 3553 utique
1717 3482 1825 3552 jam

233 3570 527 3639 Apostoli:
561 3586 682 3626 nam
729 3574 827 3627 ista
868 3575 1039 3629 oratio
1073 3574 1337 3629 dominica
1375 3576 1544 3647 magis
1583 3576 1827 3633 ﬁdelibus

233 3661 417 3719 datur.
449 3663 508 3719 Si
541 3664 717 3720 debita
742 3666 830 3719 illa
863 3668 1230 3723 tantummodo
1254 3667 1566 3724 dicerentur
1592 3686 1711 3740 quae
1733 3685 1828 3740 per

231 3754 578 3826 Baptismum
598 3758 954 3824 dimittuntur,
971 3761 1366 3814 catechumenis
1386 3770 1828 3830 congrueretma—

229 3845 311 3914 gis
363 3860 554 3914 orare,
588 3846 801 3902 Dimitte
840 3850 981 3903 nobis
1023 3848 1187 3903 debita
1226 3859 1414 3904 nostra.
1462 3850 1651 3905 Dicant
1697 3866 1826 3923 ergo

228 3936 507 4007 Apostoli,
555 3936 757 4004 dicant,
789 3937 995 3995 Dimitte
1024 3940 1169 3993 nobis
1208 3938 1374 3994 debita
1403 3948 1595 4005 nostra,
1624 3940 1752 3994 sicut
1778 3950 1825 3995 et

229 4042 321 4081 nos
350 4027 663 4084 dimittimus
704 4027 1006 4083 debitoribus
1048 4030 1251 4083 nostris.
1292 4030 1355 4084 Et
1379 4044 1496 4085 cum
1526 4030 1603 4085 eis
1622 4029 1823 4084 dictum

228 4114 413 4185 fuerit,
446 4118 634 4186 Quare
680 4118 784 4174 hoc
825 4119 1033 4174 dicitis?
1071 4136 1189 4189 qua:
1228 4120 1402 4176 debita
1446 4123 1662 4177 vestra?
1718 4122 1825 4177 Re-

228 4209 564 4278 spondeant,
593 4209 845 4277 Quoniam
867 4227 968 4265 non
980 4210 1343 4282 justiﬁcabilur
1363 4211 1415 4265 in
1443 4220 1708 4283 conspectu
1737 4222 1824 4267 tuo

225 4301 394 4356 omnis
418 4302 618 4355 vivens.

296 4390 351 4444 7.
376 4390 541 4465 [vers.
564 4389 644 4463 5.]
669 4390 919 4457 Quoniam
940 4401 1227 4463 persecutus
1255 4401 1327 4447 est
1346 4393 1576 4449 inimicus
1600 4394 1821 4448 animam

223 4495 412 4547 meam,
444 4482 736 4536 humiliavit
762 4483 815 4536 in
843 4492 976 4537 terra
1000 4484 1152 4537 vitam
1179 4500 1361 4539 meam.
1395 4484 1529 4543 Vide
1555 4501 1674 4555 nos,
1702 4486 1823 4543 vide

222 4581 387 4643 caput
436 4580 689 4628 nostrum
744 4587 839 4643 pro
888 4574 1085 4629 nobis:
1121 4576 1374 4642 Quoniam
1421 4587 1709 4648 persecutus
1750 4587 1823 4633 est

222 4662 465 4717 inimicus
495 4663 725 4716 animam
749 4678 931 4716 meam.
973 4664 1291 4721 Persecutus
1335 4674 1416 4722 est
1442 4666 1597 4737 plane
1624 4675 1679 4723 et
1706 4666 1822 4723 dia-

220 4753 381 4811 bolus
412 4758 659 4810 animam
680 4754 898 4823 Christi,
922 4764 977 4810 et
1016 4755 1179 4811 Iudas
1204 4758 1434 4811 animam
1462 4759 1699 4829 magistri
1728 4777 1740 4813 :
1769 4766 1824 4814 et

223 4860 368 4903 nunc
398 4847 470 4901 ad
503 4848 931 4917 persecutionem
958 4847 1199 4917 corporis
1227 4847 1423 4904 Christi
1455 4850 1595 4904 idem
1633 4849 1821 4905 diabo-

219 4936 303 4991 lus
334 4946 566 5003 manet;
617 4936 780 4992 ludas
822 4946 999 4993 autem
1043 4937 1193 4993 Judm
1233 4937 1487 4994 succedit.
1531 4939 1646 4993 Non
1691 4954 1821 5010 ergo

220 5026 377 5083 deest
406 5028 480 5084 de
514 5042 625 5099 quo
647 5028 786 5084 dicat
815 5037 869 5084 et
895 5043 1089 5099 corpus
1111 5070 1127 5096 ,
1162 5029 1410 5094 Quoniam
1438 5039 1722 5102 persecutus
1752 5039 1823 5085 est

217 5118 465 5175 inimicus
526 5120 753 5173 animant
804 5136 1006 5187 meam,
1057 5119 1337 5174 humiliavit
1387 5121 1440 5174 in
1487 5128 1620 5174 terra
1670 5121 1822 5174 vitam

217 5225 411 5267 meam.
445 5211 792 5281 Humiliavit,
833 5212 1025 5282 inquit,
1065 5213 1118 5267 in
1148 5222 1281 5267 terra
1317 5214 1469 5267 vitam
1494 5229 1675 5269 meam.
1702 5212 1823 5269 Alio

218 5301 344 5358 loco
368 5302 612 5359 dicitur:
633 5301 974 5359 Curvaverunt
994 5304 1215 5357 anim‘am
1237 5320 1397 5357 meam
1418 5301 1588 5377 (Psal.
1613 5319 1719 5370 va,
1743 5302 1820 5376 7).

220 5392 363 5462 Quid
390 5394 549 5450 enim
577 5392 857 5449 nobiscum
898 5394 1025 5464 agit,
1056 5394 1295 5465 quisquis
1320 5394 1655 5466 persequitur
1673 5434 1688 5459 ,
1719 5393 1823 5449 nisi

216 5494 277 5538 ut
296 5485 503 5541 relicta
531 5497 628 5553 spe
667 5483 874 5540 caelesti
916 5492 1113 5539 terram
1154 5485 1453 5555 sapiamus,
1497 5484 1823 5555 persecutori

215 5575 489 5632 cedentes
519 5583 735 5631 terrena
762 5575 1082 5646 diligamus?
1109 5576 1177 5632 Et
1204 5576 1277 5631 illi
1303 5577 1537 5648 quidem,
1565 5586 1820 5649 quantum

217 5667 271 5723 in
302 5666 446 5731 ipsis
472 5674 587 5734 est,
614 5666 717 5723 hoc
742 5676 906 5739 agunt
932 5684 945 5721 :
971 5667 1124 5723 nobis
1149 5676 1325 5725 autem
1349 5667 1452 5728 hoc
1476 5684 1581 5729 non
1610 5670 1821 5729 coutin-

260 5783 276 5815 ⁸
330 5792 439 5835 Am.
469 5790 528 5837 et
561 5784 786 5851 plerique
811 5793 914 5836 Mss.
940 5789 1318 5851 congregatores.

1736 5946 1741 5949 ,
1772 5912 1879 5951 ,ξδ’-υ.

1344 342 1734 405 ENARRATIO
1774 340 1838 397 IN
1879 340 2197 401 PSALMUM
2236 346 2435 405 CXLII.

3367 361 3504 422 1850

1932 473 2052 532 gat,
2082 466 2274 536 quibus
2303 468 2524 536 dicitur,
2559 467 2622 525 Si
2649 473 2987 528 resurrexis'tis
3011 490 3123 529 cum
3147 473 3367 545 Christo,
3393 494 3508 549 qua

1929 572 2130 612 sursum
2174 569 2291 614 sunt
2335 562 2516 632 sapite,
2566 563 2652 618 ubi
2698 562 2927 622 Christus
2968 577 3041 623 est
3081 570 3134 623 in
3177 570 3381 626 dextera
3410 568 3508 627 Dei

1928 646 2141 714 sedens;
2168 665 2283 719 quas
2308 667 2509 707 sursum
2541 663 2657 708 sunt
2678 658 2889 723 quwrite
2908 699 2925 725 ,
2968 676 3068 715 non
3091 674 3204 731 quae
3225 679 3377 733 super
3400 671 3505 719 ter-

1928 740 2285 795 ram:mortui
2320 742 2452 797 enim
2492 745 2609 801 estis
2646 744 2865 819 (Coloss.
2906 764 2987 816 ιιι,
3038 750 3177 822 1-5).
3223 749 3357 808 Nam
3400 768 3509 809 non

1924 825 2300 896 justiﬁcabitur
2325 847 2507 889 coram
2553 834 2667 891 Deo
2714 838 2887 894 omnis
2913 840 3116 896 vivens.
3159 841 3237 896 illi
3268 858 3396 913 ergo
3424 844 3509 900 vel

1931 928 2114 986 aperte
2139 921 2430 991 saeviendo,
2457 924 2541 981 vel
2562 927 2766 984 occulte
2793 929 3090 986 insidiando
3108 943 3368 987 conantur
3388 949 3513 1003 per-

1931 1006 2124 1065 ducere
2154 1011 2313 1067 vitam
2342 1024 2579 1071 nostram
2608 1016 2676 1073 ad
2713 1026 2909 1075 terram
2934 1038 2947 1074 :
2971 1032 3154 1077 contra
3194 1023 3291 1079 hos
3316 1024 3509 1095 vigile-

1929 1114 2074 1167 mus,
2099 1109 2159 1154 ut
2186 1102 2361 1159 dicere
2388 1106 2673 1175 possimus,
2705 1108 2897 1164 Nostra
2934 1112 3066 1165 enim
3111 1112 3417 1169 conversatio
3455 1116 3511 1171 in

1929 1190 2066 1245 ctelis
2088 1200 2161 1244 est
2183 1191 2437 1265 (Philipp.
2466 1184 2685 1269 111,20).
2721 1199 3038 1270 Humiliavit,
3072 1202 3263 1275 inquit,"
3289 1205 3341 1259 in
3377 1214 3513 1260 terra

1929 1283 2079 1336 vitam
2104 1300 2265 1338 meam
2286 1285 2548 1343 inimicus.

2001 1371 2055 1428 8.
2105 1373 2488 1431 Collocaverunt
2538 1395 2618 1434 me
2656 1381 2710 1435 in
2752 1382 3052 1451 tenebrosis,
3108 1383 3239 1439 sicut
3288 1394 3513 1441 mortuos

1930 1465 2126 1519 screnti.
2154 1466 2266 1522 lloc
2292 1483 2323 1522 a
2349 1468 2523 1539 capite
2561 1472 2858 1541 expeditius
2883 1476 3110 1545 auditis,
3141 1488 3195 1533 et
3216 1477 3515 1549 expeditius

1932 1552 2036 1610 hoc
2062 1555 2113 1609 in
2142 1556 2316 1626 capite
2341 1559 2647 1628 agnoscitis.
2678 1561 2772 1618 llle
2798 1565 2939 1620 enim
2967 1581 3065 1636 pro
3088 1567 3241 1624 nobis
3268 1578 3514 1626 mortuus

1932 1644 2103 1702 factus
2126 1656 2225 1713 est,
2258 1649 2352 1705 sed
2382 1666 2488 1706 non
2519 1662 2761 1709 mortuus
2788 1657 2990 1711 saeculi.
3019 1658 3121 1728 Qui
3148 1660 3289 1717 enim
3316 1664 3512 1717 mortui

1931 1747 2056 1793 sunt
2083 1741 2297 1796 sazeuli?
2322 1751 2375 1797 et
2400 1744 2669 1813 quomodo
2698 1746 2785 1802 ille
2808 1763 2913 1803 non
2940 1759 3054 1804 erat
3077 1761 3316 1809 mortuus
3341 1766 3512 1809 saecu-

1933 1828 2011 1883 li?
2054 1830 2248 1886 Mortui
2296 1835 2500 1900 saeculi,
2543 1836 2737 1891 merito
2782 1839 3001 1907 mortui,
3045 1842 3346 1897 mercedem
3372 1844 3513 1900 reci-

1932 1920 2138 1991 pientes
2177 1923 2500 1993 iniquitatis,
2543 1935 2598 1982 et
2640 1938 2866 1995 mortem
2902 1929 3156 1987 ducentes
3198 1948 3264 1988 ex
3311 1935 3513 2002 peccati

1934 2014 2249 2084 propagine;
2279 2030 2344 2070 ex
2362 2016 2451 2071 illa
2467 2032 2597 2074 voce
2612 2035 2713 2090 qua
2730 2006 2923 2077 dicitur
2939 2041 2952 2076 :
2970 2022 3078 2094 Ego
3094 2024 3226 2078 enim
3247 2026 3298 2079 in
3324 2026 3513 2096 iniqui-

1934 2103 2117 2158 tatibus
2146 2116 2415 2175 conceptus
2435 2125 2567 2175 sum,
2597 2111 2716 2164 etin
2737 2113 2951 2179 peccatis
2980 2124 3141 2168 mater
3164 2130 3274 2168 mea
3293 2116 3346 2169 in
3372 2128 3515 2170 utero

1933 2210 2013 2248 me
2049 2194 2176 2249 aluit
2214 2194 2382 2265 (Psal.
2415 2214 2467 2261 ι,
2507 2198 2586 2269 7).
2621 2199 2776 2255 Venit
2812 2210 2987 2257 autem
3018 2202 3106 2275 ille
3134 2219 3231 2273 per
3259 2205 3513 2275 virginem

1934 2300 2213 2343 assumens
2239 2302 2454 2345 carnem
2475 2332 2490 2356 ,
2520 2306 2623 2346 non
2656 2292 2983 2364 iniquitatem
3013 2296 3210 2364 carnis,
3236 2312 3515 2354 assumens

1934 2392 2149 2434 carnem
2180 2380 2428 2436 mundam
2456 2384 2862 2441 mundatricem.
2896 2386 2973 2441 illi
3000 2398 3176 2443 autem
3202 2404 3357 2458 quem
3388 2404 3513 2459 pec-

1934 2476 2169 2524 catorcm
2197 2470 2471 2541 putabant,
2508 2480 2756 2543 tanquam
2785 2484 3049 2530 mortuum
3080 2478 3261 2531 sxculi
3289 2477 3514 2548 deputa-

1934 2559 2079 2615 bant.
2107 2561 2177 2616 At
2206 2562 2297 2617 ille
2322 2563 2411 2633 qui
2438 2564 2489 2618 in
2515 2565 2619 2619 alio
2648 2565 2854 2636 psalmo
2882 2567 3036 2635 dixit,
3068 2568 3194 2633 Quae
3217 2586 3316 2623 non
3342 2571 3512 2639 rapui,

1936 2660 2055 2706 tunc
2098 2654 2407 2709 exsolvebam
2456 2655 2624 2726 (Psal.
2676 2674 2859 2724 vam,
2915 2658 3003 2730 5);
3053 2669 3107 2715 ct
3150 2660 3240 2731 qui
3283 2660 3416 2715 dixit
3460 2661 3515 2715 in

1935 2742 2241 2817 Evangelia,
2264 2747 2397 2803 Ecce
2422 2750 2552 2803 venit
2574 2750 2804 2819 princeps
2821 2751 3014 2815 mundi,
3039 2752 3351 2822 praepositus
3374 2767 3517 2807 mor-

1937 2838 2003 2894 tis
2026 2881 2043 2907 ,
2074 2842 2253 2911 operis
2282 2841 2405 2895 mali
2438 2856 2755 2911 persuasor,
2786 2843 3031 2913 supplicii
3059 2854 3307 2912 exactor;
3348 2845 3514 2920 Venit,

1933 2928 2122 3001 inquit,
2152 2932 2273 2986 etin
2300 2948 2378 2985 me
2405 2934 2532 2987 nihil
2571 2934 2802 2989 inveniet.
2847 2936 2982 3002 Quid
3018 2944 3129 3001 est,
3171 2937 3224 2990 in
3270 2953 3349 2991 me
3389 2938 3518 2992 nihil

1932 3022 2184 3078 inveniet?
2208 3024 2416 3079 Nullam
2444 3026 2652 3097 culpam
2680 3068 2696 3095 ,
2739 3027 2869 3082 nihil
2908 3044 3074 3099 quare
3102 3030 3237 3085 mori
3267 3028 3515 3087 debeam.

1934 3115 2043 3171 Sed
2069 3126 2127 3170 ut
2166 3118 2326 3171 sciant
2367 3135 2538 3173 omnes
2567 3119 2686 3189 quia
2721 3121 3059 3187 voluntatem,
3104 3120 3311 3190 inquit,
3343 3121 3517 3177 Patris

1931 3206 2031 3259 mei
2057 3207 2214 3276 facio,
2246 3208 2455 3277 surgite,
2477 3225 2648 3263 eamus
2678 3210 2794 3263 hinc
2825 3209 3003 3279 (Joan.
3031 3227 3118 3265 x1v
3141 3251 3159 3278 ,
3182 3211 3271 3278 50,
3301 3210 3414 3282 3i).
3448 3210 3519 3267 Ut

1932 3298 2152 3363 moriar,
2184 3298 2375 3367 inquit,
2410 3300 2734 3355 voluntatem
2776 3301 2948 3356 Patris
2974 3303 3075 3356 mei
3104 3301 3259 3364 facio,
3286 3316 3390 3357 non
3416 3316 3517 3357 au-

1933 3395 2039 3442 tem
2083 3397 2256 3445 morte
2284 3403 2401 3444 sum
2434 3389 2642 3461 dignus.
2689 3390 2831 3445 Nihil
2858 3391 2959 3446 feci
2990 3391 3131 3448 unde
3158 3393 3387 3460 moriar,
3419 3393 3514 3449 sed

1932 3480 2068 3535 facio
2103 3489 2160 3535 ut
2196 3481 2423 3549 moriar;
2472 3492 2528 3538 ut
2564 3483 2637 3537 illi
2674 3498 2768 3553 per
2792 3483 3091 3539 innocentis
3122 3493 3349 3540 mortem
3379 3484 3514 3539 libe-

1932 3583 2135 3639 rentur,
2158 3574 2248 3644 qui
2273 3573 2538 3630 habebant
2567 3591 2729 3645 quare
2757 3586 3108 3647 morerentur.
3133 3576 3514 3632 Collocaverunt

1931 3681 2011 3719 me
2039 3665 2091 3719 in
2115 3666 2403 3732 tenebrosis,
2444 3675 2690 3737 tanquam
2721 3667 2773 3720 in
2803 3666 3043 3732 infernis,
3077 3677 3323 3737 tanquam
3351 3668 3403 3721 in
3431 3683 3516 3722 se-

1931 3754 2118 3828 pulcro
2141 3795 2157 3821 ,
2206 3763 2455 3825 tanquam
2486 3754 2538 3809 in
2566 3757 2676 3825 ipsa
2708 3756 2986 3825 passione;
3018 3756 3148 3810 velut
3172 3766 3391 3811 mortuos
3413 3773 3514 3812 sa:-

1930 3846 2052 3914 culi,
2108 3862 2230 3902 eum
2271 3846 2361 3917 qui
2386 3847 2535 3912 dicit,
2571 3846 2756 3900 Factus
2779 3864 2892 3901 sum
2914 3849 3041 3901 sicut
3061 3848 3210 3903 homo
3228 3849 3336 3902 sine
3356 3849 3512 3918 adju-

1930 3938 2057 3991 torio
2075 3977 2092 4005 ,
2134 3938 2265 3991 inter
2289 3946 2509 3991 mortuos
2535 3936 2658 3990 liber
2684 3936 2703 4007 (
2728 3936 2870 3991 Psal.
2897 3953 3128 4001 Lxxxvu,
3157 3938 3223 4003 5,
3266 3938 3344 4010 6).
3376 3937 3511 4005 Quid

1929 4035 2012 4083 est
2034 4068 2051 4095 ,
2094 4027 2259 4082 liber?
2297 4043 2461 4098 quare
2492 4028 2659 4081 liber?
2693 4026 2824 4093 Quia
2854 4028 3026 4081 omnis
3052 4028 3141 4097 qui
3172 4027 3294 4082 facit
3324 4044 3513 4098 pecca-

1930 4128 2063 4186 tum,
2093 4133 2285 4174 servus
2309 4127 2392 4173 est
2416 4118 2616 4187 peccati
2647 4116 2825 4190 (Joan.
2857 4134 2965 4184 vin,
2994 4118 3104 4187 54).
3136 4118 3373 4188 Denique
3403 4134 3508 4174 nou

1929 4211 2163 4265 solveret
2203 4223 2234 4263 a
2279 4208 2538 4274 vinculis,
2584 4208 2689 4263 nisi
2732 4208 2920 4263 libera
2954 4208 3197 4263 vinculis.
3243 4208 3337 4265 Ille
3377 4209 3512 4264 liber

1928 4307 2157 4355 mortem
2185 4299 2401 4365 occidit,
2428 4298 2701 4353 vinculum
2732 4298 2923 4364 vinxit,
2953 4299 3313 4368 captivitatem
3344 4300 3510 4369 capti-

1926 4390 2089 4458 vavit,
2133 4400 2189 4447 et
2229 4392 2625 4447 collocaverunt
2666 4406 2788 4446 eum
2827 4391 2881 4445 in
2924 4390 3220 4446 tenebrosis
3258 4399 3509 4463 tanquam

1928 4493 2168 4540 mortuos
2195 4483 2396 4539 saeculi.
2676 4484 2677 4487 ‘

1999 4574 2052 4630 9.
2086 4574 2236 4647 [vers.
2272 4572 2350 4646 4.]
2395 4572 2462 4627 Et
2502 4573 2709 4628 twdium
2731 4614 2749 4639 ,
2788 4572 2997 4643 inquit,
3048 4590 3223 4644 passus
3251 4582 3324 4628 est
3350 4573 3405 4627 in
3434 4590 3512 4629 me

1927 4665 2135 4737 spiritus
2181 4682 2342 4732 meus,
2388 4663 2801 4731 Recordamini,
2848 4662 3032 4718 Tristis
3077 4674 3150 4718 est
3189 4665 3359 4717 anima
3401 4680 3512 4718 mea

1927 4777 2085 4829 usque
2096 4759 2163 4813 ad
2174 4768 2376 4813 mortem
2393 4756 2602 4826 (Matth.
2617 4773 2765 4821 xxv1,
2784 4755 3091 4829 38).Videte
3106 4772 3286 4812 vocem
3304 4758 3508 4811 unam'.

1927 4849 2191 4920 Numquid
2220 4864 2325 4903 non
2344 4858 2563 4917 apparet
2589 4847 2701 4917 ipse
2723 4847 2974 4902 transitus
2997 4861 3028 4901 a
3054 4847 3227 4916 capite
3245 4845 3311 4901 ad
3338 4862 3510 4901 mem-

1928 4943 2023 4999 bra
2045 4982 2061 5009 ,
2104 4956 2137 4996 a
2174 4940 2431 4995 membris
2458 4938 2524 4994 ad
2549 4939 2741 5010 caput?
2779 4938 3009 4993 deium
3032 4979 3047 5004 ,
3079 4938 3284 5007 inquit,
3329 4954 3507 5007 passus

1929 5042 2001 5089 est
2030 5033 2084 5087 in
2110 5048 2189 5085 me
2208 5031 2415 5099 spiritus
2450 5046 2610 5085 meus.
2633 5030 3011 5101 Agnoscimus,
3042 5028 3220 5084 Tristis
3244 5039 3315 5084 est
3342 5030 3513 5085 anima

1928 5138 2040 5178 mea
2066 5138 2221 5193 usque
2242 5120 2310 5175 ad
2335 5129 2563 5189 mortem.
2580 5118 2685 5177 Sed
2698 5128 2751 5175 et
2778 5120 2888 5175 illic
2916 5133 3014 5174 nos
3041 5134 3275 5175 eramus.
3303 5120 3506 5176 Trans-

1929 5214 2173 5287 ﬁguravit
2197 5214 2338 5271 enim
2368 5215 2421 5270 in
2450 5230 2510 5271 se
2535 5228 2732 5284 corpus
2786 5213 3095 5267 humilitatis
3125 5221 3342 5280 nostrae,
3371 5228 3504 5269 con-

1927 5300 2165 5365 formans
2189 5292 2399 5379 Corpori
2420 5307 2603 5378 gloria:
2623 5320 2734 5359 sua:
2751 5302 3012 5375 (Philipp.
3037 5319 3114 5371 111,
3130 5303 3254 5377 21);
3283 5313 3338 5360 et
3358 5314 3511 5362 vetus

1929 5403 2093 5459 homo
2117 5410 2299 5457 noster
2321 5400 2560 5457 conﬁxus
2587 5408 2670 5455 est
2698 5398 2843 5455 cruci
2869 5413 2990 5454 cum
3021 5398 3111 5454 illo
3132 5398 3307 5471 (Rom.
3324 5415 3400 5468 v1,
3428 5399 3509 5471 6).

1932 5493 2000 5549 In
2028 5511 2107 5548 me
2132 5493 2387 5547 turbatum
2413 5499 2490 5545 est
2516 5506 2603 5545 cor
2626 5506 2810 5543 meum.
2844 5488 2910 5544 In
2935 5506 3014 5544 me
3034 5530 3051 5556 ,
3092 5489 3295 5559 inquit,
3324 5504 3429 5545 non
3456 5489 3510 5546 in

1928 5586 2068 5643 aliis.
2095 5585 2177 5642 llli
2202 5584 2346 5641 enim
2376 5597 2463 5639 me
2490 5581 2865 5650 deseruerunt,
2889 5590 2945 5639 et
2972 5582 3049 5639 illi
3074 5583 3164 5654 qui
3186 5582 3511 5640 inhaeserant

1993 5718 2009 5750 ¹
2037 5724 2216 5780 uase:
2237 5722 2345 5765 uss.
2381 5720 2435 5764 At
2469 5712 2604 5780 Edd._,
2640 5725 2801 5762 vocem
2826 5726 2997 5765 meum.
3038 5720 3245 5780 Moxque
3266 5719 3369 5765 tim.
3400 5727 3511 5767 cum

1931 5778 2176 5838 nonnullis
2193 5785 2318 5841 Mss,
2345 5774 2585 5839 Numquid
2606 5781 2827 5839 apparet.
