4080 6464
594 323 724 380 1851

595 441 962 500 recesserunt,
1001 441 1055 488 et
1088 447 1174 487 me
1199 431 1369 499 ipsmn
1398 427 1518 498 quia
1544 421 1679 482 inori
1706 425 1984 492 videbant,
2016 424 2156 478 aliud

598 527 792 597 aliquid
821 533 1164 596 putaverunt;
1204 531 1257 577 et
1294 537 1323 574 a
1354 521 1558 576 latrone
1593 520 1714 574 victi
1741 529 1885 586 sunt,
1917 518 2006 588 qui
2037 527 2160 572 tunc

599 617 823 673 credidit
848 616 995 686 (Luc.
1025 631 1179 679 xxtn,
1207 612 1414 682 40.22),
1439 611 1646 680 quando
1667 610 1741 664 illi
1761 609 2090 664 defecerunt.

668 707 755 763 10.
803 705 952 780 [vers.
997 706 1051 760 5.
1058 709 1076 774 j
1115 705 1241 760 inde
1284 703 1350 758 ad
1398 702 1656 758 membra.
1699 701 2008 756 Mentoratus
2053 717 2161 756 sum

598 801 789 855 dierum
817 801 1148 869 antiquorum.
1179 797 1440 868 Numquid
1469 805 1793 852 memoratus
1819 805 1903 850 est
1926 796 2017 850 ille
2042 795 2161 850 die-

593 906 709 946 rum
745 875 1110 959 antiquorum,
1143 905 1239 962 per
1273 903 1428 958 quem
1471 886 1640 942 factus
1679 895 1760 942 est
1796 885 1968 940 omnis
2003 885 2164 941 dies?

595 982 702 1040 Sed
727 983 958 1054 loquitur
978 997 1192 1052 corpus,
1221 981 1451 1050 loquitur
1469 980 1826 1050 unusquisque
1841 979 1982 1034 illius
1995 978 2160 1049 gratia

589 1073 943 1144 justiticatus,
977 1072 1241 1127 inbazrens
1285 1072 1360 1125 illi
1401 1072 1454 1126 in
1483 1070 1740 1126 charitate
1767 1078 1821 1126 et
1845 1069 2034 1124 devota
2059 1069 2161 1129 hue

594 1162 876 1228 militate';
911 1162 1168 1232 loquitur,
1196 1170 1250 1216 et
1287 1161 1440 1226 dicit,
1481 1159 1792 1214 Memoratus
1823 1171 1932 1215 sum
1971 1160 2162 1214 dierum

596 1252 932 1324 antiquorum,
975 1253 1238 1306 meditatus
1284 1269 1398 1308 sum
1437 1252 1488 1304 in
1532 1253 1756 1306 omnibus
1784 1252 2012 1322 aperibus
2043 1251 2160 1304 tuis.

599 1343 730 1412 Quia
759 1343 940 1414 utique
968 1343 1142 1398 omnia
1171 1342 1308 1396 bona
1339 1351 1394 1398 tu
1423 1343 1624 1406 fecisti,
1653 1350 1706 1397 et
1735 1343 1860 1396 nihil
1891 1343 2160 1398 constitis-

597 1443 680 1490 set
707 1434 847 1504 quod
889 1450 918 1490 a
966 1442 1019 1488 te
1056 1434 1398 1488 constitutum
1435 1449 1540 1488 non
1585 1443 1744 1490 esset.
1777 1433 2028 1488 Creatnra
2075 1421 2180 1487 tua

596 1525 955 1594 spectaculum
998 1525 1128 1580 mihi
1165 1525 1300 1580 facta
1331 1533 1444 1580 est:
1469 1525 1684 1596 (ιιιωεὶνί
1715 1526 1768 1579 in
1797 1539 1958 1594 opere
1993 1525 2162 1578 artifi-

595 1630 734 1679 cem,
765 1624 818 1670 et
849 1615 900 1668 in
927 1615 1152 1670 conditis
1175 1615 1423 1670 omnibus
1451 1613 1797 1668 conditorem.
1825 1617 2000 1680 Quare
2024 1614 2162 1670 hoc?

596 1706 780 1777 utquid
817 1706 952 1772 hoc,
999 1706 1098 1760 nisi
1131 1716 1187 1760 ut
1227 1705 1329 1762 hoc
1367 1706 1714 1776 intelligeret,
1745 1706 1994 1776 quidquid
2022 1709 2073 1762 in
2105 1722 2164 1762 se

593 1795 719 1850 boni
748 1807 909 1864 esset,
936 1797 1001 1851 ab
1029 1797 1118 1850 illo
1145 1796 1336 1852 factum
1364 1811 1513 1860 esse;
1545 1813 1610 1852 ne
1632 1797 1880 1866 ignorans
1903 1799 2158 1867 justitiam

593 1885 688 1940 Dei
714 1928 729 1954 ,
762 1895 814 1941 et
840 1902 988 1942 suam
1018 1888 1201 1942 volens
1229 1887 1552 1942 constituere
1575 1928 1589 1952 ,
1620 1887 1840 1956 justitize
1867 1889 1958 1944 Dei
1985 1889 2162 1958 subje-

596 1983 714 2029 ctus
743 1991 846 2030 non
878 1987 1019 2031 esset
1051 1975 1222 2046 (Rom.
1251 1993 1304 2044 κ,
1332 1977 1417 2048 5);
1449 1985 1506 2032 ut
1534 1975 1582 2030 ei
1609 1978 1918 2034 conveniret
1940 1994 2044 2032 vox
2073 1977 2164 2034 illa

597 2069 856 2138 superior,
885 2068 952 2122 In
981 2070 1184 2123 veritate
1210 2079 1296 2122 tua
1315 2077 1361 2122 et
1389 2069 1442 2122 in
1461 2069 1664 2138 justitia
1685 2077 1770 2123 tua
1787 2069 1813 2122 ?
1839 2070 1894 2124 In
1921 2070 2163 2126 omnibus

595 2174 724 2229 ergo
769 2159 858 2214 Dei
898 2159 1144 2229 operibus
1186 2167 1239 2214 et
1286 2159 1626 2214 meditatione
1669 2159 1905 2214 omnium
1943 2175 2161 2230 cperunt

597 2248 692 2304 Dei
736 2249 957 2320 gratiam
997 2250 1262 2319 insinuat,
1303 2251 1526 2322 gratiam
1555 2251 1910 2316 commendat,
1941 2252 2162 2322 gratiam

593 2353 653 2392 se
682 2339 950 2394 invenisse
973 2339 1262 2409 gloriatur,
1294 2340 1516 2410 gratiam
1555 2357 1656 2412 qua
1682 2341 1844 2412 gratis
1873 2341 2004 2396 salvi
2040 2341 2164 2396 facti

597 2443 781 2483 sumus
805 2447 818 2482 :
838 2430 956 2498 quia
984 2439 1036 2484 et
1061 2431 1224 2500 gratis
1245 2431 1375 2484 salvi
1403 2429 1526 2484 facti
1546 2446 1744 2486 sumus.
1769 2431 1903 2498 Quid
1923 2431 2165 2502 gloriaris

593 2520 646 2573 in
681 2529 766 2574 tua
809 2521 1052 2590 justitia?
1086 2521 1211 2592 quid
1239 2529 1292 2576 te
1322 2523 1568 2589 extollis,
1602 2523 1853 2592 ignorans
1887 2524 1976 2578 Dei
2003 2523 2164 2594 justi-

593 2611 756 2664 tiam?
805 2612 1001 2666 Dedisti
1051 2611 1186 2668 forte
1229 2613 1445 2685 aliquid,
1493 2623 1548 2668 ut
1592 2615 1767 2669 salvus
1811 2629 1959 2670 esses
1992 2633 2004 2666 :
2037 2615 2162 2684 quid

595 2699 822 2769 dedisti,
867 2713 925 2758 ut
969 2703 1131 2759 homo
1171 2708 1355 2760 esses?
1395 2706 1620 2775 Respice
1666 2723 1792 2778 ergo
1836 2708 2163 2763 conditorem

593 2793 717 2846 vitae
749 2802 870 2858 lure,
906 2794 1212 2848 substantim
1251 2803 1307 2850 et
1339 2796 1557 2864 iustitia:
1585 2807 1638 2852 et
1663 2798 1848 2852 salutis
1872 2808 2161 2852 auctorem.

596 2883 845 2939 Meditare
885 2886 937 2938 in
964 2886 1171 2955 [acturis
1209 2903 1449 2939 manuum
1493 2888 1636 2957 ejus,
1684 2889 1803 2958 quia
1831 2897 1882 2942 et
1905 2889 2164 2958 justitiam

594 2992 713 3044 quze
759 2976 810 3032 in
851 2985 901 3030 te
945 2987 1044 3044 est,
1077 2977 1140 3031 ad
1172 2993 1384 3032 mantnn
1412 2979 1527 3048 ejus
1549 2982 1569 3010 ¹
1611 2981 1851 3036 invenies
1877 2982 2162 3049 pertinere.

593 3066 728 3118 Audi
760 3067 1067 3137 Apostolnm
1101 3067 1201 3122 hoc
1231 3077 1282 3122 te
1323 3067 1602 3124 docentem
1628 3087 1640 3122 :
1665 3070 1784 3124 Non
1810 3087 1872 3124 ex
1899 3071 2158 3142 aperibus,

593 3157 780 3226 inquit,
819 3174 880 3210 ne
916 3157 1042 3226 forte
1082 3159 1191 3226 quis
1233 3159 1521 3213 extollatur.
1566 3159 1737 3229 Opera
1767 3161 1902 3214 bona
1933 3177 2037 3214 non
2067 3161 2162 3216 ha-

593 3247 818 3302 bcnms?
863 3249 1127 3304 Habemus
1171 3251 1358 3322 plane;
1411 3252 1503 3306 sed
1548 3252 1668 3306 vide
1717 3253 1842 3322 quid
1887 3254 2162 3324 sequitur:

593 3337 767 3410 Ipsius
817 3341 947 3393 enim
992 3358 1162 3395 sumus
1209 3342 1530 3412 figmentum,
1580 3341 1729 3396 dixit.
1775 3342 1946 3414 Ipsius
1992 3361 2166 3398 sumus

595 3429 916 3502 ﬁgmentum:
934 3432 1068 3488 forte
1095 3443 1358 3500 naturam,
1385 3451 1487 3504 qua
1517 3434 1762 3490 homines
1788 3451 1989 3502 sumus,
2022 3451 2168 3490 com-

594 3537 890 3578 memorare
914 3525 1100 3590 voluit,
1133 3524 1234 3579 hoc
1255 3525 1516 3594 appellato
1541 3525 1821 3594 figmento?
1840 3526 1954 3580 Non
1976 3526 2161 3594 plane;

595 3612 660 3666 de
687 3615 935 3682 operibus
963 3615 1275 3685 loquebatur
1299 3634 1310 3668 :
1337 3617 1476 3676 Non,
1509 3619 1696 3686 inquit,
1741 3635 1802 3672 ex
1827 3617 2075 3687 operibus,
2106 3635 2168 3672 ne

594 3703 704 3772 quis
733 3706 861 3775 forte
886 3707 1174 3759 extollatur.
1217 3705 1319 3761 Sed
1348 3723 1452 3761 non
1479 3707 1852 3776 conjiciumus;
1885 3718 2162 3777 sequatur:

595 3791 768 3864 Ipsius
791 3797 922 3849 enim
948 3814 1117 3851 sumus
1141 3799 1450 3870 ﬁgmentum,
1483 3801 1635 3853 creati
1665 3797 1937 3854 iaC/triste
1961 3798 2085 3853 Iesu
2113 3801 2167 3854 in

590 3885 826 3955 operibus
857 3887 995 3941 bonis
1022 3887 1233 3959 (Ep/tes.
1267 3905 1334 3958 tt,
1358 3889 1421 3950 9,
1449 3888 1558 3958 10).
1584 3887 1702 3944 Noli
1745 3904 1873 3958 ergo
1903 3897 2084 3958 putare
2115 3897 2166 3944 te

593 3973 788 4046 aliquid
830 3981 1065 4047 operari,
1109 3967 1304 4034 nisi-in
1336 3991 1589 4050 quantum
1634 3981 1804 4034 malus
1851 3997 1929 4036 es.
1971 3981 2166 4036 Averte

591 4067 663 4118 ab
689 4081 849 4134 opere
881 4075 970 4122 tuo
995 4077 1073 4132 te,
1116 4065 1182 4122 ad
1224 4085 1357 4140 opus
1389 4071 1527 4123 illius
1556 4071 1641 4140 qui
1672 4069 1794 4124 fecit
1821 4071 2034 4140 tezipse
2059 4070 2167 4126 for-

595 4157 760 4222 mat’;
805 4167 856 4212 et
888 4158 999 4226 ipse
1029 4159 1166 4228 quod
1211 4159 1526 4214 formaverat
1571 4169 1624 4214 et
1665 4169 1719 4214 tu
1763 4161 2162 4227 exterminasti,

595 4245 866 4300 reformet.
911 4247 978 4302 Ut
1013 4249 1152 4302 enim
1182 4249 1255 4304 sis
1275 4290 1289 4314 ,
1333 4250 1444 4317 ipse
1473 4261 1722 4320 operatus
1751 4261 1866 4316 est;
1913 4260 1970 4305 ut
1997 4251 2166 4306 bonus

595 4338 669 4391 sis
691 4380 704 4402 ,
735 4339 776 4392 si
805 4339 973 4392 bonus
999 4353 1088 4406 es,
1117 4339 1230 4410 ipse
1254 4351 1522 4410 operatur.
1552 4339 1676 4395 Cum
1704 4351 1942 4408 tremore,
1977 4342 2165 4412 inquit,

593 4439 643 4484 et
672 4431 846 4484 timore
877 4439 1094 4484 'vestram
1133 4433 1358 4503 ipsortmt
1393 4434 1605 4488 salutem
1634 4437 1930 4504 operamini.
1975 4433 2029 4490 Si
2066 4451 2165 4491 tto-

597 4529 761 4574 stram
789 4524 1020 4592 ipsorum
1043 4524 1268 4578 salutem
1294 4539 1598 4594 operamur,
1624 4541 1789 4594 quare
1809 4541 1928 4579 cum
1955 4527 2164 4593 timore,

587 4629 766 4684 tquare
791 4630 907 4669 cum
935 4624 1182 4682 tremore,
1211 4632 1328 4671 cum
1359 4617 1426 4670 sit
1453 4617 1507 4670 in
1531 4625 1791 4686 potestate
1813 4625 1991 4670 nostra
2021 4617 2164 4686 quod

595 4705 952 4776 operamur"?
973 4707 1107 4761 Audi
1136 4723 1298 4778 quare
1324 4692 1442 4763 cum
1475 4709 1664 4763 timore
1684 4717 1736 4763 et
1762 4717 2019 4764 tremore:
2040 4707 2171 4763 Deus

597 4805 672 4848 est
706 4797 838 4850 enim
878 4797 960 4866 qui
1003 4807 1241 4865 operatur
1264 4798 1315 4850 in
1352 4797 1488 4850 vobis
1516 4807 1563 4852 et
1599 4797 1721 4851 velle
1745 4807 1789 4851 et
1819 4797 2045 4866 aperari,
2077 4814 2170 4868 pro

597 4887 730 4942 bona
752 4887 1002 4942 voluntate
1027 4887 1278 4958 (Philipp.
1309 4905 1366 4954 ll,
1397 4887 1482 4952 12,
1516 4887 1629 4958 15).
1670 4887 1810 4956 Ergo
1831 4903 1950 4941 cum
1981 4889 2171 4943 timore

599 4987 654 5033 et
684 4987 935 5039 tremore,
965 4986 1022 5032 ut
1044 4978 1270 5034 delectet
1315 4979 1364 5031 in
1406 4979 1644 5032 convalle
1673 4979 1880 5048 Operari
1913 4977 2167 5032 artiﬁcem

599 5077 858 5122 nostrum.
897 5067 984 5121 Sic
1009 5069 1149 5122 enim
1177 5076 1426 5137 operatur
1458 5075 1702 5136 tanquam
1735 5067 1786 5120 in
1817 5067 2053 5136 dejectis,
2083 5069 2170 5138 qui

595 5157 797 5228 judicat
827 5159 877 5212 in
907 5157 1188 5228 gentibus,
1222 5167 1276 5213 et
1299 5159 1470 5228 replet
1497 5149 1697 5211 rdinas.
1733 5157 1796 5210 In
1824 5161 2033 5228 [acturis
2057 5175 2169 5212 nta-

599 5265 758 5302 nuum
787 5259 985 5303 tuarum
1028 5249 1292 5304 meditatus
1331 5265 1460 5303 sum.
1508 5247 1626 5302 Vidi
1671 5264 1830 5317 ergo,
1874 5257 1927 5303 ct
1967 5251 2170 5320 inspexi

600 5355 761 5409 opera
793 5349 876 5394 tua
904 5355 917 5405 ;
950 5339 1069 5409 quia
1098 5340 1228 5394 nihil
1259 5339 1381 5394 boni
1413 5353 1530 5393 esse
1561 5339 1612 5392 in
1645 5337 1798 5392 nobis
1829 5348 2033 5409 potest,
2069 5341 2167 5397 nisi

599 5431 694 5484 abs
724 5439 776 5486 te
807 5429 917 5497 ﬁat,
941 5431 1028 5500 qui
1056 5445 1150 5484 nos
1171 5429 1359 5486 fecisti.

665 5547 678 5575 ¹
708 5547 779 5593 sic
813 5555 910 5596 Am.
936 5551 986 5594 et
1008 5552 1111 5595 Mss.
1135 5551 1188 5594 At
1213 5551 1284 5594 Er.
1313 5552 1363 5594 ct
1380 5550 1472 5594 Lov
1496 5581 1509 5604 ,
1540 5550 1585 5594 et
1609 5545 1801 5596 devotus
1823 5545 1872 5596 in
1890 5545 2169 5598 humilitate.

665 5607 685 5635 '
713 5607 898 5668 Aliquot
919 5613 1046 5665 Mss,
1071 5607 1134 5655 ad
1158 5619 1302 5668 opera
1325 5617 1548 5655 manuum
1573 5605 1693 5665 eius.

666 5669 684 5731 ἕ
711 5675 782 5715 ῑῖιν.
809 5669 951 5731 Lugd.
981 5677 1113 5722 \‘cn.,
1139 5669 1322 5719 formet.
1379 5675 1434 5714 lit.

665 5727 685 5755 ’⁸
706 5731 776 5778 sic
811 5727 906 5776 Ani.
933 5735 1003 5776 Er.
1027 5739 1074 5777 et
1095 5737 1196 5777 uss.
1221 5737 1270 5778 M
1295 5736 1538 5790 r.ov.,.qua
1560 5741 1831 5791 operantur.

1820 312 1878 367 s.
1917 285 2276 365 A'ucusrtst
2318 308 2613 366 EPlSGOPt
2695 341 2700 344 -

3683 327 3838 388 .1852

2343 425 2425 478 11.
2453 424 2598 496 [vers.
2633 425 2710 498 6.]
2739 427 2804 482 Et
2827 428 2950 498 quid
2991 429 3112 496 feci,
3139 446 3260 486 cum
3287 435 3519 490 viderem
3549 447 3658 494 ate
3683 455 3839 499 omne

2267 515 2450 571 datunt
2477 519 2751 587 optimum.
2771 530 2824 574 et
2849 536 3006 576 omne
3021 522 3216 578 donum
3237 526 3524 595 perfectum
3541 531 3612 586 de
3627 546 3834 592 sursum

2269 619 2408 668 esse,
2425 606 2754 662 descendens
2769 625 2798 662 a
2817 609 2972 666 Patre
2991 612 3268 679 luminum,
3287 618 3422 684 apud
3449 635 3606 688 quem
3631 637 3734 678 non
3753 636 3838 680 est

2269 699 2632 764 commutatio,
2653 714 2748 752 nec
2771 704 3030 756 momenti
3057 705 3388 761 obumbratio
3413 708 3614 779 (Jacobi
3639 728 3676 776 ι,
3699 715 3840 784 l7)?

2269 785 2398 840 Cum
2425 786 2525 842 hoc
2547 788 2800 854 viderem,
2827 806 3044 860 aversus
3067 795 3134 850 ab
3163 810 3324 866 opere
3355 800 3496 854 malo
3523 802 3666 870 quod
3697 803 3839 862 fece-

2267 893 2321 932 ra
2331 894 2380 932 ιιι
2409 880 2458 934 in
2489 896 2594 948 me,
2619 884 2818 938 extendi
2841 902 3018 940 manus
3038 904 3172 942 meas
3197 890 3266 942 ad
3287 899 3353 944 te.
3373 891 3617 960 Extendi,
3647 896 3832 966 inquit,

2267 987 2444 1024 manus
2485 989 2621 1026 meas
2647 973 2714 1050 ad
2753 985 2800 1028 te
2829 991 2848 1030 :
2875 978 3048 1030 anima
3088 995 3200 1034 mea
3239 981 3366 1034 velut
3395 992 3529 1038 terra
3561 986 3669 1040 sine
3705 1004 3838 1057 aqua

2267 1061 2372 1114 tibi.
2396 1062 2680 1132 Complne,
2709 1065 2904 1136 inquit,
2934 1083 3022 1124 me
3058 1069 3126 1124 ad
3163 1069 3458 1128 faciendum
3483 1075 3710 1132 fructum
3737 1079 3838 1133 bo-

2267 1167 2413 1206 num.
2445 1153 2697 1210 Dominus
2721 1159 2860 1212 enim
2883 1158 3378 1230 dabitsuavitatem,
3405 1173 3464 1220 ut
3485 1175 3624 1222 terra
3650 1180 3836 1226 nostra

2265 1241 2356 1296 det
2383 1242 2605 1298 fructum
2633 1262 2786 1300 suum
2815 1247 2981 1320 (Psal.
3011 1267 3234 1317 Lxxxw,
3267 1255 3380 1322 15).
3407 1254 3633 1312 Extendi
3657 1275 3839 1313 manus

2267 1350 2402 1388 meas
2427 1336 2494 1388 ad
2519 1345 2566 1390 te
2587 1353 2606 1390 :
2627 1340 2796 1392 anima
2823 1356 2932 1393 mea
2961 1342 3090 1396 velut
3119 1352 3253 1397 terra
3280 1345 3386 1399 sine
3410 1362 3563 1416 aqua,
3595 1363 3698 1402 non
3733 1351 3837 1404 mi—

2268 1425 2340 1492 hi,
2371 1429 2463 1482 sed
2493 1429 2599 1482 tibi.
2630 1430 2788 1484 Sitire
2817 1432 2908 1486 tibi
2937 1448 3148 1502 possum
3169 1477 3186 1501 ,
3227 1451 3314 1490 me
3338 1437 3556 1508 irrigare
3581 1455 3687 1494 non
3718 1455 3840 1508 pos-

2266 1533 2405 1572 sum.
2435 1520 2616 1596 Agnima
2644 1538 2754 1575 mea
2777 1523 2908 1578 velut
2931 1533 3064 1578 terra
3092 1526 3198 1578 sine
3217 1543 3348 1598 aqua
3375 1528 3464 1582 tibi
3487 1545 3504 1582 :
3525 1530 3646 1598 quia
3673 1530 3840 1598 sitivit

2266 1611 2442 1664 anima
2487 1627 2604 1666 mea
2631 1613 2684 1666 in
2717 1613 2880 1667 Deum
2925 1615 3100 1670 vivum
3147 1616 3316 1686 (Psal.
3356 1634 3478 1684 xu,
3511 1620 3586 1690 5).
3614 1619 3840 1686 Quando

2265 1701 2508 1768 veniam,
2553 1702 2652 1756 nisi
2697 1703 2908 1772 quando
2954 1705 3194 1760 venerit?
3221 1706 3395 1762 Sitivit
3421 1708 3594 1764 anima
3635 1725 3757 1764 mea
3787 1711 3838 1764 in

2267 1789 2430 1864 Deum
2457 1793 2629 1844 vivum
2649 1807 2664 1858 ;
2691 1793 2811 1862 quia
2831 1794 3000 1848 anima
3013 1811 3123 1848 utea
3143 1795 3274 1850 velut
3293 1805 3426 1852 terra
3445 1799 3554 1852 sine
3573 1815 3706 1870 aqua
3727 1800 3835 1852 tibi.

2265 1881 2511 1936 Abundat
2541 1898 2704 1947 mare,
2739 1882 2984 1952 inundat,
3012 1885 3284 1954 copiosum
3313 1894 3414 1954 est,
3447 1887 3702 1952 ﬂuctuat,
3745 1889 3838 1944 sed

2265 1984 2501 2023 an'tarnm
2529 1980 2630 2025 est.
2673 1971 2907 2026 Discreta
2947 1983 3030 2028 est
3059 1990 3215 2044 aqua,
3241 1981 3484 2046 apparuit
3507 1978 3656 2032 arida
3681 1978 3838 2050 (Gen.

2265 2075 2299 2126 ι,
2332 2060 2389 2130 9)
2423 2063 2598 2115 anima
2633 2077 2782 2128 mea;
2827 2064 2986 2134 irriga
3028 2081 3178 2134 eam,
3219 2067 3340 2138 quia
3379 2067 3511 2120 velut
3549 2077 3682 2122 terra
3735 2069 3842 2122 sine

2265 2167 2394 2222 aqua
2423 2154 2527 2205 tibi.

2338 2244 2422 2296 12.
2453 2242 2599 2315 [vet-5.
2629 2243 2704 2316 7.]
2746 2245 2852 2298 Cito
2891 2245 3072 2298 exaudi
3116 2263 3210 2308 me,
3257 2246 3490 2300 Domine.
3530 2248 3660 2314 Qua:
3693 2248 3840 2302 enim

2267 2352 2414 2389 mora
2439 2337 2648 2405 quando
2675 2338 2750 2392 sic
2771 2339 2912 2401 sitio,
2937 2339 3002 2392 ad
3025 2337 3452 2394 inﬂammandam
3475 2341 3615 2394 sitim
3637 2341 3839 2394 meam?

2268 2426 2502 2480 Plnviam
2528 2425 2806 2481 diﬂ‘ercltas
2825 2467 2840 2492 ,
2873 2438 2930 2482 ut
2958 2429 3206 2484 hauriens
3231 2417 3542 2486 imbibcrem
3563 2471 3578 2492 ,
3613 2446 3720 2484 non
3753 2446 3838 2485 re-

2267 2532 2510 2586 Spucrem
2538 2517 2676 2586 quod
2703 2517 2969 2572 inﬂueres.
2999 2518 3053 2573 Si
3080 2535 3206 2589 ergo
3233 2519 3351 2572 ideo
3380 2520 3663 2574 differebas
3687 2561 3700 2582 ,
3727 2520 3842 2587 jam

2267 2607 2363 2672 da;
2401 2608 2646 2678 quoniam
2664 2610 2832 2662 anima
2867 2627 2974 2663 mea
2996 2613 3126 2664 velut
3161 2621 3293 2664 terra
3311 2613 3417 2666 sine
3445 2629 3576 2682 aqua
3595 2614 3702 2665 tibi.
3729 2613 3840 2666 Cito

2267 2699 2449 2751 exaudi
2477 2716 2572 2765 me,
2607 2698 2852 2762 Domine;
2883 2700 3061 2770 defecit
3089 2703 3292 2770 spiritus
3323 2719 3478 2756 meus.
3509 2703 3732 2771 impleat
3757 2719 3840 2758 me

2267 2789 2482 2856 Spiritus
2508 2797 2646 2854 tuus,
2670 2790 2791 2860 quia
2816 2791 2993 2863 defecit
3013 2793 3215 2860 spiritus
3237 2809 3374 2848 meus
3395 2809 3414 2847 :
3435 2795 3548 2864 ipsa
3570 2804 3654 2849 est
3681 2809 3844 2850 causa

2270 2890 2325 2932 nt
2353 2881 2457 2934 cito
2495 2881 2742 2936 exaudias
2767 2925 2781 2951 ,
2827 2884 2949 2954 quia
2992 2885 3172 2955 defecit
3213 2886 3419 2955 spiritus
3455 2903 3612 2940 meus.
3647 2887 3844 2942 Factus

2269 2985 2382 3023 sum
2400 2971 2508 3040 jam
2535 2988 2733 3042 pauper
2757 2975 2976 3042 spiritu;
3005 2975 3214 3030 beatum
3241 2992 3328 3030 me
3350 2977 3432 3032 fac
3457 2977 3508 3031 in
3537 2993 3704 3048 regno
3732 2993 3842 3034 ca:-

2270 3062 2439 3116 lorum
2476 3061 2682 3132 (Matth.
2711 3081 2764 3130 v,
2794 3064 2870 3134 '5).
2899 3064 2956 3118 ln
2979 3061 3086 3135 quo
3116 3068 3257 3120 enim
3284 3067 3410 3122 vivit
3437 3068 3658 3137 spiritus
3680 3070 3806 3136 ejus
3825 3111 3838 3134 ,

2269 3153 2528 3222 superbus
2571 3163 2685 3220 est,
2731 3155 2915 3224 Spiritu
2963 3172 3060 3211 suo
3103 3158 3378 3212 extollitur
3423 3167 3606 3214 contra
3651 3161 3838 3214 Deum.

2268 3243 2385 3298 Fiat
2417 3247 2466 3298 in
2501 3245 2589 3298 illo
2627 3245 2765 3300 bene
2807 3245 2947 3315 quod
2988 3247 3114 3302 alibi
3161 3235 3412 3318 scriptum
3463 3258 3580 3316 est,
3629 3250 3844 3320 Auferes

2267 3335 2499 3406 spiritum
2527 3351 2720 3400 eorum,
2748 3345 2792 3389 et
2821 3337 3050 3406 deﬁcient
3072 3380 3088 3404 ,
3129 3349 3174 3392 et
3197 3339 3247 3392 in
3280 3340 3528 3408 pulverem
3546 3357 3694 3394 suum
3723 3357 3844 3394 con-

2267 3436 2516 3480 vertentur
2543 3425 2710 3498 (Psal.
2739 3443 2846 3493 cut,
2876 3426 2999 3500 29);
3029 3437 3084 3484 ut
3109 3429 3424 3483 confitentes
3468 3430 3678 3492 dicant,
3723 3429 3842 3484 Με-

2267 3527 2430 3572 mento
2471 3518 2588 3587 quia
2630 3517 2790 3587 pulvis
2831 3535 3002 3572 sumus
3045 3519 3215 3590 (Psal.
3244 3536 3333 3586 cu,
3367 3519 3476 3593 M).
3501 3521 3634 3576 Cum
3661 3530 3840 3575 autem

2267 3607 2527 3673 dixerint,
2560 3606 2692 3674 Quia
2730 3610 2890 3678 pulvis
2931 3627 3102 3664 sumus
3139 3622 3415 3675 memento;
3459 3621 3586 3666 tunc
3625 3612 3840 3676 dicant,

2267 3699 2452 3752 Anima
2477 3716 2586 3753 mea
2618 3699 2749 3752 velut
2787 3709 2919 3753 terra
2948 3701 3054 3754 sine
3089 3717 3218 3772 aqua
3249 3701 3352 3754 tibi.
3385 3701 3518 3768 Quid
3561 3701 3702 3756 enim
3735 3711 3840 3754 tam

2271 3799 2408 3845 terra
2437 3791 2552 3844 sine
2581 3792 2748 3860 aqua‘
2775 3807 2788 3856 ;
2823 3807 2979 3860 quam
3009 3791 3214 3860 pulvis?
3237 3789 3342 3846 Sed
3371 3792 3468 3844 cito
3496 3793 3682 3846 exaudi
3727 3808 3840 3857 me,

2265 3881 2485 3935 Domine
2522 3883 2800 3951 :complue
2827 3897 2912 3937 me
2933 3923 2951 3950 ,
2995 3881 3247 3938 confirma
3278 3879 3402 3950 me',
3445 3899 3512 3938 ne
3538 3885 3636 3936 sint
3671 3883 3844 3952 pulvis

2269 3987 2424 4042 quem
2440 3972 2838 4042 projicitventus
2854 3987 2881 4026 a
2901 3971 3032 4027 facie
3047 3971 3370 4046 terrze(Psal.
3389 3989 3425 4040 ι,
3441 3973 3514 4045 4).
3531 3971 3642 4028 Cito
3657 3975 3844 4026 exaudi

2269 4082 2366 4128 me,
2389 4064 2638 4128 Domine;
2653 4064 2831 4135 defecit
2847 4065 3049 4135 spiritus
3067 4081 3232 4120 meus:
3248 4081 3354 4119 non
3375 4065 3650 4120 differatur
3665 4065 3844 4136 inopia

2269 4171 2409 4210 mea.
2436 4157 2714 4211 Abstulisti
2741 4157 2982 4227 spiritum
3014 4172 3210 4224 memn,
3257 4166 3314 4211 ut
3355 4155 3638 4212 deﬁcerem
3663 4197 3680 4222 ,
3713 4167 3768 4212 et
3793 4157 3842 4210 in

2269 4246 2545 4316 pulverem
2575 4261 2751 4300 meum
2777 4256 3135 4312 converterer,
3176 4257 3226 4301 et
3255 4248 3488 4302 dicerem
3517 4249 3632 4314 tibi,
3662 4249 3844 4300 Anima

2269 4353 2382 4390 mea
2407 4337 2538 4390 velut
2564 4347 2694 4390 terra
2719 4337 2827 4390 sine
2853 4353 2982 4406 aqua
3021 4339 3108 4390 tibi
3134 4336 3254 4392 :fac
3294 4341 3450 4393 etiam
3477 4340 3616 4409 quod
3663 4340 3713 4392 in
3755 4340 3846 4393 illo

2271 4429 2475 4498 psalmo
2498 4430 2751 4500 sequitur,
2773 4429 2980 4482 Emittes
3002 4430 3232 4500 spiritum
3250 4441 3412 4497 tuum,
3435 4441 3482 4484 et
3501 4433 3844 4495 creabantur;

2272 4530 2317 4572 et
2345 4519 2600 4573 renovabis
2629 4521 2809 4588 faciem
2838 4527 2984 4573 terra:
3003 4519 3172 4590 (Psal.
3201 4536 3312 4588 cut,
3341 4519 3454 4592 '50).
3473 4521 3526 4576 Si
3553 4537 3656 4592 qua
3683 4522 3846 4590 igitur

2273 4607 2324 4663 in
2341 4607 2552 4662 Christo
2577 4623 2712 4662 nova
2728 4615 2991 4674 creatura,
3015 4619 3190 4663 vetera
3214 4611 3555 4664 transierunt.
3579 4609 3634 4664 In
3657 4611 3844 4678 spiritu

2274 4714 2372 4753 suo
2396 4710 2574 4752 vetera
2605 4699 2947 4764 transierunt,
2979 4699 3032 4754 in
3059 4701 3246 4769 spiritu
3269 4709 3356 4756 tuo
3387 4715 3522 4756 nova
3554 4699 3694 4754 facta
3723 4711 3848 4754 sunt

2276 4790 2340 4862 (ll
2363 4789 2476 4844 Cor.
2503 4807 2551 4855 v,
2583 4791 2690 4860 17).

2346 4883 2434 4940 15.
2459 4883 2539 4938 Ne
2557 4891 2748 4936 avertas
2767 4883 2944 4954 faciem
2967 4893 3102 4938 tuam
3120 4900 3150 4936 a
3163 4898 3259 4937 me.
3279 4881 3526 4938 AVertisti
3547 4899 3578 4936 a
3597 4883 3850 4952 superbo.

2274 4975 2478 5030 Etenim
2511 4974 2790 5044 aliquando
2807 4973 3134 5028 altundabam
3156 5015 3171 5040 ,
3211 4983 3265 5028 et
3301 4973 3352 5027 in
3380 4973 3700 5027 abundantia
3731 4987 3849 5026 mea

2275 5065 2442 5120 elatus
2467 5075 2609 5118 erant
2633 5083 2646 5117 :
2675 5063 2785 5132 Ego
2813 5065 2954 5117 enim
2983 5063 3090 5116 dixi
3119 5061 3401 5131 aliquando
3444 5063 3496 5115 in
3536 5061 3852 5114 abundantia

2279 5173 2408 5220 mea,
2438 5153 2558 5208 Non
2587 5155 2814 5207 movebor
2839 5155 2888 5206 in
2918 5163 3174 5207 (sternunt.
3207 5151 3345 5216 Dixi,
3377 5150 3500 5205 Non
3523 5149 3775 5222 movebar,
3799 5151 3852 5202 in

2275 5247 2583 5302 abundantia
2607 5263 2716 5300 mea
2736 5287 2749 5310 ,
2781 5246 3029 5315 ignorans
3057 5243 3312 5314 justitiam
3359 5253 3500 5298 tuam
3525 5284 3540 5309 ,
3572 5251 3624 5297 et
3653 5242 3854 5296 consti-

2276 5349 2430 5394 tuens
2459 5353 2628 5392 meam
2652 5353 2666 5402 ;
2698 5335 2789 5390 sed
2811 5345 2884 5400 tu,
2909 5335 3124 5388 Domine
3151 5375 3164 5396 ,
3192 5333 3244 5386 in
3268 5333 3519 5387 voluntate
3545 5343 3630 5384 tua
3657 5331 3854 5402 praesti-

2275 5433 2378 5485 tisti
2397 5431 2564 5484 decori
2591 5445 2698 5482 meo
2723 5430 2968 5481 virtutem.
2989 5425 3112 5480 Dixi
3133 5427 3185 5478 in
3210 5423 3520 5478 abundantia
3549 5435 3661 5476 mea
3681 5464 3697 5488 ,
3731 5419 3854 5474 Non

2275 5523 2534 5589 movebar;
2563 5537 2745 5576 verum
2772 5529 2948 5574 autem
2977 5536 3007 5574 a
3036 5529 3085 5573 te
3110 5518 3240 5572 mihi
3261 5526 3374 5572 erat
3402 5515 3656 5587 quidquid
3683 5514 3854 5567 abun-

2345 5729 2358 5759 ί
2387 5727 2458 5774 sic
2481 5722 2645 5788 plures
2662 5729 2767 5771 Mss.
2795 5729 2848 5769 At
2879 5719 2990 5768 laid.
3014 5732 3026 5768 :
3055 5727 3168 5777 Qua
3188 5717 3314 5768 enim
3337 5723 3434 5766 tant
3459 5721 3590 5764 terra
3611 5709 3754 5763 sicca.
