4080 6496
287 385 434 445 1835

285 503 514 556 dabam.
541 501 612 557 Et
641 510 696 554 ut
723 500 824 554 hoc
853 497 1106 569 probares
1131 511 1160 550 a
1193 503 1244 550 te
1271 493 1396 549 mihi
1421 494 1586 551 fuisse
1617 537 1632 558 ,
1675 494 1898 548 avertisli

289 596 478 662 faciem
500 605 642 646 tuam
659 607 690 646 a
718 607 813 657 me,
833 599 878 643 et
895 593 1062 660 factus
1083 605 1192 641 sum
1210 588 1530 640 conturbatus
1557 585 1717 656 (Psal.
1739 597 1889 650 κως,

287 685 342 750 7,
377 685 462 754 8).
497 683 629 738 Post
657 684 794 737 hanc
839 681 1298 736 conturbationem
1329 681 1378 733 in
1407 695 1506 748 qua
1537 679 1706 732 factus
1733 693 1847 732 sum
1875 721 1891 747 ,

285 776 414 844 quia
447 776 698 830 avertisti
725 774 914 829 faciem
943 782 1086 826 tuam
1111 781 1262 841 :post
1285 770 1496 825 taedium
1523 770 1739 840 spiritus
1765 769 1890 837 mei,

285 879 412 941 post
443 868 822 923 conturbatum
851 881 944 920 cor
973 879 1147 919 meum
1177 865 1228 918 in
1255 879 1360 928 me,
1387 877 1450 918 ex
1483 877 1548 918 eo
1575 863 1714 934 quod
1743 878 1897 918 aver-

285 962 398 1014 tistt
445 959 642 1012 faciem
690 967 866 1022 tuam;
912 957 1022 1026 jam
1063 955 1232 1010 factus
1274 969 1388 1009 sum
1426 955 1562 1009 sicut
1607 963 1744 1008 terra
1780 953 1896 1009 sine

287 1067 427 1120 aqua
455 1050 556 1104 tibi
581 1068 594 1102 :
631 1048 712 1102 Ne
724 1058 924 1101 avertas
941 1047 1120 1118 faciem
1139 1057 1294 1098 luant.
1315 1045 1566 1101 Avertisti
1596 1059 1624 1098 a
1643 1044 1890 1112 superbo,

287 1140 458 1194 redde
491 1139 709 1196 humili.
757 1137 839 1192 Ne
879 1145 1076 1190 avertas
1115 1137 1294 1206 faciem
1325 1145 1462 1188 tuam
1494 1153 1525 1188 a
1565 1135 1824 1204 me;quia
1849 1137 1892 1190 si

285 1231 583 1292 averteris;
607 1230 782 1285 similis
800 1245 882 1282 ero
910 1219 1318 1282 descendentibus
1339 1227 1393 1280 in
1423 1228 1605 1281 lacum.
1627 1227 1761 1294 Quid
1787 1237 1890 1294 est,

283 1321 710 1376 descendentibus
737 1322 790 1373 in
819 1321 982 1372 lacum
1006 1321 1030 1373 ς)
1053 1318 1326 1382 Peccator,
1357 1333 1469 1370 cum
1503 1318 1686 1372 venerit
1705 1318 1756 1370 in
1775 1333 1891 1388 pro-

287 1411 516 1481 fundum
553 1410 825 1477 malorum,
858 1417 1136 1462 contemnet
1175 1407 1358 1476 (Prov.
1387 1424 1534 1472 xvtu,
1557 1407 1634 1479 3).
1667 1407 1744 1460 Illi
1799 1407 1892 1462 de-

287 1504 569 1558 scendunt
599 1506 650 1558 in
683 1505 878 1566 lacum,
907 1501 995 1572 qui
1027 1501 1184 1556 etiam
1209 1500 1596 1556 confessionem
1625 1501 1886 1570 perdunt:

282 1603 474 1650 contra
512 1595 660 1664 quod
697 1594 910 1660 dicitur,
932 1593 1015 1648 Ne
1038 1601 1252 1646 coarCtet
1289 1609 1442 1662 super
1489 1609 1570 1646 me
1611 1601 1786 1662 puteus
1832 1609 1888 1646 os

279 1707 434 1743 suum
487 1689 665 1762 (Psal.
693 1705 852 1743 vam
873 1731 886 1754 ,
933 1689 1060 1760 16).
1095 1687 1242 1742 lianc
1275 1685 1684 1756 profunditatem
1713 1687 1886 1742 lacum

283 1781 530 1852 appellat
551 1783 867 1852 plerumque
893 1781 1186 1851 Scriptura,
1211 1783 1262 1835 in
1287 1795 1443 1850 quam
1472 1779 1884 1850 profunditatem

283 1889 407 1928 cum
427 1877 644 1930 venerit
665 1883 934 1944 peccator,
958 1873 1269 1928 contemnit.
1298 1871 1434 1940 Quid
1453 1881 1553 1938 est,
1580 1871 1884 1926 contemnit?

282 1963 404 2020 Jam
437 1981 544 2020 nec
567 1967 726 2020 ullam
757 1965 1144 2036 providentiam
1167 1965 1380 2032 deputat
1405 1981 1419 2030 ;
1449 1974 1540 2019 aut
1569 1965 1612 2020 si
1642 1965 1879 2034 deputat,

283 2057 353 2110 ad
378 2073 504 2112 eam
534 2073 594 2113 se
617 2059 883 2128 pertinere
908 2073 1011 2111 non
1039 2065 1204 2126 putat.
1231 2055 1598 2126 Proponitsibi
1625 2055 1879 2125 peccandi

281 2147 562 2202 licentiam
582 2191 596 2216 ,
641 2148 760 2202 sine
799 2163 894 2218 spe
921 2149 1089 2202 venia:
1119 2146 1339 2201 habenis
1361 2146 1652 2215 iniquitatis
1678 2145 1878 2200 effusis.

279 2239 400 2293 Non
431 2240 568 2294 dicit
596 2281 612 2307 ,
647 2239 908 2294 Revertar
931 2239 994 2292 ad
1021 2239 1182 2292 Deum
1210 2279 1223 2303 ,
1257 2247 1315 2292 ut
1341 2245 1638 2292 revertatur
1663 2237 1727 2291 ad
1757 2253 1876 2302 me;

281 2345 384 2384 nec
415 2331 589 2395 audit,
621 2331 978 2385 Convertimini
997 2329 1065 2382 ad
1085 2345 1183 2394 me,
1207 2337 1252 2382 et
1273 2337 1492 2382 revertar
1511 2328 1578 2380 ad
1598 2343 1682 2380 vos
1713 2328 1730 2398 (
1761 2325 1878 2380 Ma-

281 2421 422 2474 laclz.
455 2437 516 2475 ιη
541 2463 555 2488 ,
587 2422 618 2474 7
647 2420 666 2491 )
694 2439 706 2474 :
751 2421 998 2492 quoniam
1031 2420 1251 2473 veniens
1279 2419 1330 2472 in
1363 2416 1680 2486 profundum
1709 2417 1878 2470 malo-

279 2527 404 2564 rum
433 2513 750 2566 contemnit.
781 2511 826 2563 A
871 2519 1066 2564 mortuo
1107 2511 1246 2564 enim
1274 2550 1288 2576 ,
1327 2511 1528 2580 inquit,
1563 2519 1800 2578 tanquam
1835 2509 1878 2563 si

279 2619 386 2656 non
430 2604 530 2670 sit,
581 2605 708 2673 perit
757 2603 1006 2672 confessio
1061 2601 1379 2672 (Eccli.xvu
1406 2642 1420 2666 ,
1452 2601 1566 2670 26).
1619 2600 1704 2654 Ne
1748 2615 1877 2670 ergo

277 2705 488 2748 avertas
508 2696 686 2764 faciem
716 2703 854 2748 tuam
874 2711 904 2747 a
926 2711 1002 2748 me
1031 2735 1046 2760 ,
1081 2703 1124 2748 et
1149 2693 1326 2747 similis
1360 2709 1446 2747 ero
1468 2693 1878 2746 descendentibus

277 2789 332 2840 in
361 2789 558 2841 lacum.

352 2881 446 2933 M.
483 2878 611 2950 [vers
638 2876 718 2950 8.]
759 2879 996 2931 Auditum
1029 2881 1113 2948 fac
1151 2877 1276 2952 mihi
1303 2893 1450 2930 mane
1481 2875 1878 2930 misericordiam

277 2981 460 3034 tuam;
508 2970 744 3040 quoniam
771 2969 826 3022 in
852 2977 899 3022 te
925 2970 1140 3038 speravi.
1165 2968 1304 3022 Ecce
1329 2969 1382 3022 in
1413 2975 1570 3021 nocte
1595 2981 1710 3020 sum
1737 2983 1752 3030 ;
1781 2965 1876 3020 sed

277 3064 330 3118 in
363 3071 414 3116 te
437 3061 673 3140 speravi,
702 3061 872 3116 donec
900 3069 1156 3114 nocturna
1185 3067 1419 3114 transeat
1439 3057 1874 3130 iniquitas(Psal.

279 3169 388 3220 LVI,
419 3153 502 3224 2).
569 3171 588 3204 ε
623 3153 893 3208 llabemus
917 3150 1083 3216 enim,
1113 3159 1170 3205 ut
1193 3150 1324 3204 dicit
1348 3150 1560 3216 Petrus,
1587 3150 1874 3204 certiorem

277 3245 655 3316 prOpbeticum
695 3257 1030 3310 sermonem,
1071 3243 1156 3296 cui
1197 3242 1336 3297 bene
1385 3241 1554 3296 facitis
1595 3240 1877 3296 intenden-

277 3349 361 3394 tes
393 3381 408 3404 ,
483 3347 731 3408 tanquam
793 3337 1026 3391 lucerna:
1079 3335 1280 3390 lucenti
1323 3335 1378 3390 in
1437 3335 1666 3389 obscuro
1713 3333 1872 3400 loco,

273 3432 450 3486 donec
503 3429 618 3486 dies
653 3431 958 3491 illucescat.
1009 3437 1060 3484 et
1083 3427 1270 3483 lucifer
1307 3428 1512 3482 oriatur
1545 3427 1596 3480 in
1627 3425 1876 3480 cordibus

273 3523 474 3578 vestris
511 3543 529 3576 ι
589 3521 670 3594 (ll
694 3521 834 3576 Petr.
863 3538 880 3576 ι
907 3563 922 3587 ,
955 3521 1079 3592 19).
1125 3520 1282 3574 Mane
1307 3533 1436 3590 ergo
1466 3519 1728 3589 appellat,
1755 3523 1876 3585 post

275 3615 442 3670 tinem
487 3613 666 3670 smculi
702 3656 716 3680 ,
761 3629 882 3668 eum
921 3612 1214 3667 viderimus
1243 3611 1385 3681 quod
1429 3611 1481 3664 in
1528 3608 1724 3664 szeculo
1759 3621 1876 3660 crc-

273 3707 477 3761 dimus.
508 3726 526 3758 (
547 3706 699 3760 Mane
725 3725 744 3758 ι
775 3705 918 3760 enim
951 3723 970 3756 ‹
993 3705 1250 3760 exandics
1270 3719 1456 3758 vocem
1487 3717 1690 3768 meam;
1719 3715 1875 3754 mane

273 3799 468 3854 astabo
495 3799 588 3853 tibi
617 3807 670 3852 et
697 3797 1096 3866 contemplabor
1123 3816 1143 3848 ›
1177 3795 1345 3868 (Psal.
1371 3810 1425 3859 v,
1463 3795 1516 3856 4,
1551 3793 1629 3864 5).
1667 3811 1686 3844 ‹
1711 3791 1876 3845 Audi-

275 3901 384 3945 tam
441 3889 526 3945 fac
571 3887 702 3944 mihi
755 3903 910 3942 mane
941 3886 1358 3942 misericordiam
1405 3894 1583 3951 tuam,
1621 3883 1870 3952 quoniam

277 3982 334 4036 in
361 3989 414 4035 te
440 3981 673 4050 speravi.
701 3997 722 4030 ι
753 3978 809 4034 Si
836 3978 978 4034 enim
1003 3976 1144 4047 quod
1173 3991 1279 4030 non
1301 3975 1545 4031 videmus
1569 3987 1868 4044 speramus,

272 4085 374 4142 per
417 4071 726 4140 patientiam
767 4079 1136 4138 exspectamus
1179 4067 1370 4138 (Rom.
1401 4081 1524 4131 Vlll,
1567 4067 1637 4121 25
1663 4067 1705 4136 ).
1765 4065 1870 4120 Pa-

275 4161 522 4215 tientiam
567 4159 758 4230 qumrit
797 4175 931 4225 nox,
979 4159 1214 4212 ltetitiam
1259 4156 1478 4212 donabit
1519 4156 1654 4210 dies.
1707 4173 1728 4207 ‹
1765 4157 1873 4210 Αυ-

273 4251 444 4306 ditam
489 4251 570 4308 fac
605 4252 733 4306 mihi
771 4267 928 4307 mane
963 4250 1380 4307 misericordiam
1409 4257 1592 4318 tuam;
1621 4250 1868 4320 quoniam

275 4344 330 4398 in
361 4353 414 4397 te
445 4343 674 4413 speravi.
713 4361 732 4395 ι

351 4437 442 4490 15.
470 4435 574 4490 Sed
625 4433 714 4490 hic
759 4434 916 4504 quid,
949 4433 1122 4488 donec
1149 4433 1328 4488 veniat
1355 4435 1554 4488 mane?
1578 4433 1694 4488 Non
1727 4433 1868 4488 enim

279 4523 478 4578 sufficit
509 4539 663 4578 mane
688 4526 702 4556 ¹
727 4539 946 4594 sperare
967 4541 980 4588 ;
1003 4523 1200 4592 aliquid
1226 4539 1360 4593 Opus
1383 4533 1462 4578 est
1493 4539 1670 4594 agere.
1693 4525 1870 4592 Quare

279 4615 480 4686 aliquid
510 4617 714 4686 agere?
761 4616 1022 4683 Quoniam
1063 4615 1194 4669 dicit
1223 4615 1275 4668 in
1299 4615 1404 4668 alio
1433 4615 1636 4684 psalmo
1660 4657 1675 4682 ,
1701 4614 1868 4669 Deum

281 4707 522 4778 exquisivi
559 4707 610 4760 in
637 4707 718 4760 die
753 4705 1089 4759 tribulationis
1117 4721 1242 4759 mete
1281 4721 1300 4758 :
1339 4714 1589 4775 tanquam
1636 4706 1688 4760 in
1735 4715 1870 4760 tem.-

281 4815 408 4870 pore
435 4800 609 4854 noctis
626 4813 758 4852 mete
777 4798 938 4852 Deum
957 4797 1235 4866 exquisivi.
1251 4797 1530 4862 Quomodo
1549 4797 1823 4867 exquisisti
1845 4797 1868 4851 ?

283 4889 522 4944 Manibus
571 4889 694 4942 meis
736 4897 880 4942 nocte
917 4903 1092 4941 coram
1117 4901 1206 4952 eo;
1253 4897 1428 4940 etnon
1473 4903 1586 4942 sum
1627 4889 1868 4960 deceptus

283 4983 450 5052 (l’sal.
497 4997 690 5050 Lxxvt,
735 4981 816 5053 '5).
867 4981 1110 5036 Manibus
1156 4979 1478 5048 qumrendus
1513 4989 1596 5034 est
1633 4981 1688 5034 in
1715 4989 1868 5036 nocte

283 5073 422 5129 Deus
442 5114 457 5128 .
489 5071 628 5139 Quid
656 5081 758 5139 est,
790 5071 1020 5125 manibus
1038 5073 1064 5126 ?
1093 5072 1254 5126 Bonis
1273 5071 1544 5140 Operibus.
1577 5069 1760 5127 Coram
1775 5087 1868 5126 eo:

283 5165 404 5220 Cum
427 5167 562 5221 enim
584 5165 710 5233 facis
733 5165 1116 5234 elemosynam,
1147 5164 1252 5217 noli
1272 5164 1388 5216 tuba
1409 5179 1622 5230 canere;
1645 5173 1688 5217 et
1713 5163 1868 5217 Pater

282 5269 394 5313 tuus
414 5259 502 5328 qui
529 5257 660 5312 videt
683 5258 734 5310 in
760 5255 955 5310 occulto
977 5297 990 5320 ,
1027 5255 1204 5310 reddet
1231 5257 1318 5310 tibi
1375 5256 1586 5326 (Matth.
1609 5257 1754 5322 vr,2,
1787 5257 1863 5328 4).

283 5353 410 5419 Quia
438 5367 566 5422 ergo
593 5352 664 5406 ita
685 5349 1009 5420 sperandum
1039 5359 1122 5404 est
1143 5365 1320 5415 mane,
1350 5357 1404 5403 et
1433 5349 1502 5402 ita
1533 5365 1636 5403 nox
1661 5351 1760 5403 ista
1787 5359 1868 5403 to-

285 5442 498 5496 leranda
527 5451 610 5496 est
637 5483 651 5507 ,
693 5450 746 5497 et
769 5442 820 5495 in
865 5441 976 5510 ipsa
1006 5441 1258 5510 patientia
1283 5441 1456 5494 donec
1483 5439 1598 5495 dies
1629 5441 1864 5495 lucescat

286 5533 734 5603 perseverandum
775 5541 858 5588 est
883 5575 896 5598 ,
949 5533 1076 5603 quid
1119 5533 1320 5588 interea
1347 5533 1432 5588 hic
1455 5532 1718 5603 agendum
1739 5535 1766 5584 ‘t
1789 5531 1868 5588 Ne

287 5623 416 5679 forte
439 5639 534 5694 per
565 5625 790 5694 teipsum
822 5633 1035 5680 aeturus
1061 5637 1118 5678 es
1145 5623 1362 5692 aliquid,
1395 5631 1454 5678 ut
1471 5623 1726 5679 merearis
1743 5639 1862 5694 per-

287 5715 398 5770 duci
428 5717 496 5772 ad
539 5717 736 5772 mane?
767 5715 958 5770 Notam
987 5717 1070 5785 fac
1099 5717 1243 5780 mihi,
1273 5715 1506 5784 Domine,
1539 5719 1668 5772 riam
1693 5719 1742 5772 in
1769 5735 1866 5786 qua

347 5831 362 5860 ⁸
392 5839 514 5890 Vox,
530 5843 686 5892 mane,
710 5843 738 5881 a
760 5837 866 5881 Mss.
891 5828 1138 5892 [lorisque
1163 5829 1316 5879 abest.

1381 377 1772 434 ENARRATIO
1811 377 1874 431 IN
1915 375 2238 432 PSALMUM
2276 377 2476 435 CXLII.

3457 399 3594 456 1851

2014 495 2287 565 ingrediar.
2320 497 2442 554 Ideo
2473 499 2742 556 lucernam
2773 503 3134 574 propheticam
3171 509 3440 576 accendit;
3471 513 3592 570 ideo

2009 585 2179 656 ipsum
2219 589 2494 644 Dominum
2533 601 2782 662 tanquam
2823 595 2875 649 in
2909 605 3044 652 testa
3073 599 3250 654 carnis
3279 602 3462 667 misit,
3493 608 3586 674 qui

2004 679 2162 733 etiam
2181 680 2400 749 diceret,
2419 681 2631 737 Exaruit
2647 683 2776 740 velut
2787 695 2912 740 testa
2925 689 3082 742 virtus
3091 707 3199 744 mea
3217 689 3330 761 (Ps.
3351 709 3380 746 κ
3391 697 3494 760 Xl,‘
3507 695 3583 767 6).

2003 770 2229 826 Ambula
2255 773 2320 828 ad
2345 775 2678 844 praphetiam
2699 818 2715 844 ,
2748 779 2958 832 ambula
2985 780 3050 834 ad
3081 781 3350 836 lucernam
3385 786 3584 853 pra-di.-

2001 869 2206 916 ctorum
2237 864 2556 934 futurorum,
2577 868 2788 922 ambula
2819 870 2886 924 ad
2913 871 3072 926 verba
3101 872 3213 927 Dei.
3241 873 3484 929 Nondum
3510 877 3587 932 vi-

1999 951 2096 1006 des
2113 953 2340 1010 Verbum
2357 957 2409 1010 in
2433 959 2714 1028 principio,
2737 961 2902 1016 Deum
2937 961 3076 1032 apud
3107 963 3268 1018 Deum
3295 964 3314 1034 (
3338 963 3494 1020 Joan.
3527 983 3580 1032 ι,

1997 1043 2058 1112 1)
2083 1061 2098 1110 ;
2125 1046 2334 1100 ambula
2367 1047 2432 1102 ad
2473 1047 2696 1104 formam
2727 1051 2890 1125 servi,
2919 1052 3226 1123 perduceris
3259 1055 3324 1109 ad
3357 1055 3580 1112 formam

1999 1133 2228 1189 Domini.
2255 1155 2274 1186 ι
2309 1137 2496 1192 Notam
2519 1139 2601 1194 fac
2627 1141 2756 1194 mihi
2781 1182 2798 1206 ,
2821 1141 3045 1198 Domine
3069 1185 3083 1209 ,
3115 1143 3254 1198 viam
3286 1145 3338 1202 in
3365 1162 3466 1216 qua
3496 1147 3579 1200 in-

1997 1225 2248 1294 grediar;
2280 1229 2528 1296 quoniam
2569 1230 2636 1286 ad
2688 1240 2739 1288 te
2787 1231 2960 1288 levavi
2995 1234 3228 1288 animam
3257 1251 3452 1290 meam.
3481 1236 3580 1290 Le-

1995 1316 2106 1368 vavi
2129 1317 2196 1369 ad
2221 1327 2268 1370 te
2289 1357 2302 1382 ,
2349 1332 2451 1372 non
2491 1327 2674 1374 contra
2701 1330 2774 1376 te.
2823 1323 2976 1392 Apud
3005 1333 3056 1378 te
3089 1323 3206 1378 fons
3235 1325 3358 1380 vita:
3389 1327 3409 1396 (
3431 1325 3576 1380 Psal.

1997 1425 2152 1462 xxxv
2179 1450 2194 1474 ,
2221 1409 2330 1481 10).
2385 1411 2466 1464 Ad
2508 1419 2554 1464 te
2603 1411 2763 1467 levavi
2807 1416 3030 1470 animam
3073 1433 3270 1482 meam,
3325 1427 3573 1486 tanquam

1993 1515 2086 1555 vas
2123 1500 2188 1555 ad
2229 1499 2426 1556 fontem
2481 1503 2664 1557 attuli:
2717 1503 2876 1573 imple
2921 1521 3048 1576 ergo
3075 1521 3196 1572 me,
3243 1508 3478 1578 quoniam
3509 1507 3576 1560 ad

1992 1601 2038 1646 te
2056 1594 2212 1648 levavi
2237 1595 2458 1648 animant
2483 1612 2664 1648 meam.

2063 1685 2148 1738 16.
2181 1683 2326 1756 [vers.
2355 1683 2434 1756 9.]
2481 1683 2664 1738 Exime
2685 1703 2766 1740 me
2799 1687 2862 1740 de
2883 1687 3098 1742 inimicis
3127 1689 3248 1742 meis
3268 1729 3284 1756 ,
3315 1687 3575 1752 Domine;

1987 1774 2108 1844 quia
2135 1775 2202 1826 ad
2231 1785 2280 1828 te
2305 1775 2529 1846 confugi.
2563 1775 2664 1844 Qui
2683 1776 2968 1846 aliquando
2995 1793 3024 1832 a
3051 1788 3104 1834 te
3131 1779 3257 1848 fugi,
3291 1779 3359 1832 ad
3385 1789 3430 1832 te
3455 1797 3578 1832 cou-

1989 1867 2114 1936 fngi.
2149 1865 2304 1934 Fugit
2347 1865 2486 1919 enim
2533 1865 2701 1920 Adam
2743 1883 2772 1920 a
2815 1866 2948 1922 facie
2977 1868 3069 1922 Dei
3097 1908 3113 1934 ,
3141 1878 3197 1923 et
3220 1869 3494 1924 abscondit
3517 1885 3575 1924 se

1989 1957 2128 2012 inter
2155 1957 2290 2026 ligna
2323 1958 2548 2026 paradisi
2577 1957 2726 2027 (Gen.
2759 1975 2836 2024 ιιι,
2867 1957 2961 2032 8),
3015 1968 3072 2014 ut
3099 1960 3166 2016 de
3193 1960 3283 2016 illo
3309 1962 3577 2016 diceretur

1987 2049 2040 2104 in
2069 2049 2204 2103 libro
2223 2049 2360 2104 Job:
2395 2049 2656 2120 Tanquam
2685 2069 2856 2106 servus
2881 2054 3078 2124 fugiens
3105 2053 3378 2108 Dominum
3405 2071 3572 2118 suum,

1987 2151 2034 2196 et
2057 2151 2354 2196 consecutus
2377 2143 2608 2196 umbram
2653 2143 2772 2214 (Job
2795 2161 2898 2210 vn,
2923 2145 2976 2208 2,
3011 2162 3113 2199 sec.
3145 2145 3334 2217 LXX).
3367 2146 3522 2216 Fugit
3545 2161 3572 2198 a

1987 2232 2120 2288 facie
2147 2233 2356 2288 Domini
2377 2235 2480 2300 sui,
2509 2245 2566 2290 et
2591 2245 2914 2290 consecutus
2933 2245 3016 2290 est
3039 2237 3314 2292 umbram:
3359 2237 3424 2291 ad
3457 2253 3572 2290 um-

1983 2325 2132 2380 bram
2163 2325 2306 2381 enim
2339 2325 2472 2396 fugit
2505 2327 2643 2382 inter
2671 2327 2812 2398 ligna
2841 2329 3094 2398 paradisi.
3125 2328 3220 2386 Va:
3249 2330 3294 2384 si
3325 2344 3572 2398 perman-

1986 2417 2118 2470 serit
2146 2416 2197 2469 in
2229 2417 2448 2482 umbra;
2469 2434 2536 2472 ne
2559 2427 2742 2488 postea
2771 2419 2980 2474 dicatur
2998 2461 3013 2486 ,
3045 2417 3378 2472 Transierunt
3397 2419 3568 2474 omnia

1986 2513 2224 2576 tanquam
2240 2507 2416 2562 umbra
2459 2508 2612 2580 (Sap.
2639 2526 2691 2578 γ,
2720 2509 2796 2582 9).
2818 2510 3000 2564 Exime
3021 2528 3098 2564 me
3111 2511 3398 2564 deinimicis
3419 2511 3562 2564 meis.

1981 2595 2098 2650 Non
2129 2611 2228 2667 ego
2255 2598 2340 2652 hic
2367 2599 2612 2656 inimicos
2637 2600 2881 2656 homines
2923 2601 3135 2672 cogito:
3173 2601 3295 2656 Non
3321 2611 3394 2656 est
3431 2600 3572 2656 nobis

1983 2689 2270 2743 colluctatio
2291 2691 2530 2744 adversus
2559 2707 2762 2744 carnem
2785 2701 2831 2745 et
2853 2693 3170 2771 sanguinem.
3189 2692 3294 2748 Sed
3313 2692 3572 2748 adversus

1981 2781 2155 2850 quos?
2183 2781 2434 2836 Adversus
2461 2783 2714 2854 principes
2741 2793 2788 2838 et
2809 2793 3106 2852 potestates,
3137 2793 3352 2838 rectores
3375 2785 3570 2838 mundi.

1981 2871 2146 2940 Cujus
2175 2873 2397 2928 mundi?
2423 2873 2539 2928 Non
2559 2876 2701 2930 enim
2725 2877 2846 2930 caeli
2869 2885 2924 2932 et
2961 2887 3152 2944 terrm;
3193 2893 3298 2932 non
3327 2878 3470 2932 enim
3487 2892 3574 2930 re-

1979 2973 2113 3034 gunt
2125 2966 2266 3034 quod
2277 2981 2382 3021 non
2401 2965 2661 3022 fecerunt.
2681 2967 2916 3024 Rectores
2929 2971 3126 3034 arandi;
3141 2970 3234 3026 sed
3251 2970 3400 3040 cujus
3421 2985 3574 3024 mun-

1980 3059 2034 3113 di
2061 3059 2084 3112 ?
2125 3059 2466 3114 Tenebrarum
2507 3061 2708 3115 harum.
2741 3063 2974 3130 Quarum
2996 3063 3358 3118 tenebrarum?
3379 3062 3572 3132 Utique

1982 3151 2306 3220 iniquorum.
2335 3151 2530 3207 Fuistis
2549 3155 2682 3208 enim
2697 3153 2974 3224 aliquando
2995 3154 3230 3218 tenebrte;
3247 3171 3378 3208 nunc
3403 3163 3572 3208 autem

1981 3243 2070 3296 lua:
2085 3243 2137 3295 in
2161 3241 2383 3298 Domino
2423 3241 2642 3314 (Ephes.
2667 3261 2721 3311 v,
2745 3245 2822 3315 8).
2857 3246 3096 3300 [lectores
3121 3248 3316 3312 mundi,
3343 3246 3572 3300 tenebra-

1979 3351 2092 3387 rum
2117 3337 2298 3388 liarum
2326 3375 2340 3401 ,
2381 3347 2621 3392 rectores
2659 3338 2998 3408 iniquorum;
3027 3347 3210 3394 contra
3239 3339 3338 3394 hos
3363 3339 3578 3396 habetis.

1981 3426 2267 3482 luctamen.
2315 3427 2560 3497 Magnum
2605 3429 2844 3498 praelium
2873 3429 3026 3484 vobis
3067 3439 3148 3485 est
3177 3471 3190 3495 ,
3221 3430 3428 3484 hostem
3461 3444 3566 3484 non

1979 3519 2162 3575 videre
2185 3529 2236 3574 et
2263 3520 2502 3576 vincere.
2531 3521 2782 3576 Adversus
2801 3531 3014 3576 rectores
3031 3522 3226 3586 mundi,
3251 3521 3568 3574 tenebrarum

1979 3611 2160 3664 harum
2181 3627 2198 3674 ,'
2221 3610 2492 3664 diabolum
2523 3613 2730 3666 scilicet
2755 3621 2808 3666 et
2829 3611 3046 3681 angelos
3071 3613 3186 3680 ejus
3203 3615 3218 3682 (
3237 3609 3324 3664 Id.
3349 3627 3420 3676 γι,
3447 3611 3562 3680 l2):

1979 3716 2084 3756 non
2111 3702 2252 3755 illius
2273 3701 2450 3756 mundi
2473 3713 2712 3757 rectores
2733 3743 2750 3768 ,
2777 3702 2845 3756 de
2867 3717 2974 3772 quo
2997 3703 3193 3756 dicitur
3212 3745 3224 3766 ,
3257 3703 3322 3756 Et
3351 3703 3566 3756 mundus

1978 3811 2068 3864 per
2095 3811 2210 3848 eum
2241 3797 2406 3865 factus
2433 3805 2506 3848 est
2527 3809 2548 3859 ;
2587 3795 2682 3849 sed
2709 3795 2850 3848 illius
2877 3794 3094 3858 mundi,
3127 3793 3320 3863 dequo
3345 3795 3561 3858 dicitur,

1979 3887 2046 3941 Et
2070 3888 2290 3942 mundus
2318 3905 2430 3942 eum
2457 3903 2556 3942 non
2581 3887 2810 3958 cognovit
2841 3886 3019 3958 (Joan.
3046 3903 3090 3952 ι,
3119 3887 3230 3956 10).
3277 3885 3458 3940 Exime
3485 3903 3564 3940 me

1977 3979 2041 4032 de
2065 3977 2282 4034 inimicis
2307 3979 2452 4044 meis,
2482 3977 2695 4032 Domine
2725 3995 2744 4043 ;
2783 3979 2903 4048 quia
2939 3977 3008 4030 ad
3035 3986 3080 4030 te
3108 3977 3332 4046 confugi.
3359 3976 3438 4030 De
3458 3977 3558 4028 ini-

1977 4072 2120 4124 micis
2147 4069 2310 4135 meis;
2333 4087 2440 4126 non
2463 4071 2598 4126 Juda
2625 4110 2640 4138 ,
2671 4071 2766 4126 sed
2793 4071 2886 4141 qui
2911 4071 3146 4138 implevit
3165 4069 3379 4126 Judam.
3407 4071 3559 4124 Illum

1975 4163 2150 4232 patior
2167 4162 2360 4228 visum,
2403 4163 2552 4218 illum
2575 4177 2821 4234 expugno
2837 4177 2944 4216 non
2965 4163 3156 4218 visum.
3177 4161 3396 4230 Accepit
3417 4161 3564 4218 enim

1975 4254 2274 4310 buccellam
2301 4253 2486 4322 ludas,
2509 4265 2566 4310 et
2593 4255 2810 4310 intravit
2835 4255 2888 4310 in
2911 4269 3032 4310 eum
3057 4265 3268 4310 satanas
3293 4254 3314 4326 (
3339 4252 3420 4306 ιιι.
3445 4269 3562 4316 χιιι,

1973 4347 2078 4417 27)
2109 4367 2122 4402 :
2173 4356 2230 4402 ut
2267 4349 2368 4402 iste
2393 4348 2558 4403 David
2599 4350 3026 4419 persecutionem
3075 4357 3342 4418 pateretur
3381 4364 3410 4402 a
3453 4348 3566 4404 tilio

1974 4453 2092 4494 suo.
2115 4438 2284 4507 Quam
2311 4441 2506 4494 multos
2527 4440 2690 4496 ludas
2719 4442 2908 4510 implet
2947 4449 3192 4504 satanas,
3235 4441 3448 4511 indigne
3471 4456 3562 4496 τιο-

1973 4529 2232 4598 cipicntes
2273 4528 2564 4584 buccellam
2604 4531 2670 4586 ad
2721 4531 2977 4601 judicium
3025 4533 3228 4586 suum!
3277 4531 3374 4600 Qui
3417 4533 3566 4587 enim

1975 4620 2260 4676 manducat
2283 4629 2336 4675 et
2361 4622 2495 4676 bibit
2525 4622 2738 4693 indigne
2759 4665 2774 4688 ,
2794 4623 3051 4693 judicium
3075 4625 3174 4679 sibi
3205 4623 3488 4681 manducet
3507 4634 3561 4680 et

1975 4711 2108 4766 bibit
2161 4713 2179 4784 (
2209 4712 2230 4766 l
2255 4710 2372 4768 Cor.
2395 4729 2470 4780 ιι,
2500 4713 2638 4784 29).
2687 4713 2804 4769 Non
2829 4716 3025 4770 malum
3047 4725 3130 4770 est
3171 4716 3310 4786 quod
3355 4716 3512 4772 datur
3544 4757 3558 4780 ,

1973 4807 2068 4862 sed
2089 4808 2286 4861 bonum
2313 4807 2454 4862 malo
2481 4808 2532 4861 in
2553 4807 2812 4878 judicium
2833 4809 3008 4863 datur.
3035 4809 3176 4864 Bene
3195 4823 3316 4864 esse
3339 4823 3446 4862 non
3471 4822 3559 4876 po-

1973 4905 2080 4952 test
2121 4897 2262 4952 male
2289 4899 2570 4968 accipienti
2599 4899 2740 4968 quod
2771 4900 2968 4955 bonum
2995 4909 3098 4954 est.
3132 4901 3270 4970 Ergo
3321 4917 3340 4950 ‹
3377 4900 3560 4956 exime

1972 5004 2060 5044 me
2093 4989 2162 5042 ab
2187 4990 2414 5044 inimicis
2461 4991 2637 5057 meis;
2691 4992 2816 5061 quia
2859 4992 2926 5047 ad
2967 5001 3018 5046 te
3071 4993 3282 5062 confugi
3313 4993 3354 5046 ί.
3389 5011 3408 5046 ι
3439 4991 3562 5058 Quo

1971 5083 2114 5136 enim
2135 5079 2370 5152 fugerem
2388 5083 2414 5137 ?
2447 5100 2468 5134 ί
2495 5083 2610 5150 Quo
2637 5084 2726 5138 ibo
2753 5101 2782 5139 a
2806 5085 2992 5155 spiritu
3017 5085 3147 5138 tuo?
3183 5085 3240 5140 Si
3259 5085 3555 5141 ascendere

1973 5173 2025 5227 in
2053 5174 2244 5228 cmlum
2275 5215 2289 5239 ,
2343 5183 2400 5228 tu
2453 5175 2524 5229 ibi
2567 5191 2664 5230 es:
2718 5177 2762 5229 si
2805 5175 3134 5230 descendero
3161 5177 3212 5230 in
3235 5176 3500 5231 infernum
3532 5221 3552 5246 ,

1972 5263 2119 5319 ades.
2157 5283 2176 5316 ι
2211 5264 2348 5332 Quid
2387 5280 2516 5336 ergo
2561 5266 2776 5322 restat?
2825 5283 2844 5318 ι
2873 5265 2929 5321 Si
2973 5281 3312 5338 assumpsero
3355 5283 3558 5336 pennas

1972 5371 2120 5412 meas
2149 5367 2206 5411 ut
2231 5357 2476 5412 columba
2501 5401 2516 5422 ,
2557 5369 2610 5414 et
2637 5359 2825 5414 volabo
2855 5359 2906 5414 in
2933 5369 3169 5416 extrema
3207 5361 3399 5425 maris;
3437 5377 3456 5412 ι
3501 5361 3554 5416 id

1971 5459 2088 5513 est,
2127 5457 2187 5504 ut
2212 5464 2308 5520 spe
2337 5449 2568 5505 habitem
2601 5451 2654 5504 in
2683 5449 2842 5506 linem
2879 5452 3058 5508 surculi
3087 5469 3104 5506 :
3143 5470 3162 5504 ε
3193 5454 3392 5508 etenim
3429 5452 3556 5508 illuc

1971 5558 2160 5600 ninnus
2209 5553 2298 5600 tua
2335 5544 2564 5600 deducet
2599 5559 2688 5600 me
2715 5585 2730 5610 ,
2787 5553 2843 5602 et
2887 5545 3142 5614 perducet
3183 5561 3272 5602 me
3321 5546 3552 5604 dextera

2040 5705 2054 5736 ί
2083 5705 2164 5753 Hic
2199 5707 2246 5751 in
2269 5703 2382 5766 tidd.
2409 5703 2628 5766 additur:
2660 5713 2784 5766 Ergo
2806 5703 2918 5764 quia
2940 5703 3006 5753 ad
3029 5709 3072 5754 te
3092 5703 3300 5766 confugi,
3327 5703 3398 5754 rel
3421 5718 3554 5766 quoa

1971 5766 2096 5828 facie
2119 5773 2200 5815 tua
2223 5765 2446 5826 ριυὶίηηῖ)
2469 5766 2516 5814 si
2537 5759 2798 5815 escendero
2819 5759 2870 5817 in
2891 5767 3082 5828 coetum,
3107 5774 3160 5817 tu
3182 5759 3296 5818 'illic'
3311 5781 3360 5818 es
3385 5759 3558 5827 :quod

1975 5828 2228 5886 redundat,
2253 5841 2342 5877 nec
2379 5830 2426 5876 in
2463 5829 2686 5876 muuibus
2715 5835 2820 5878 uss.
2849 5837 3026 5878 exstat.
