4038 6458
547 470 667 514 tua:
700 454 880 529 (Psal.
911 462 1144 507 cxxxvtu
1163 487 1178 513 ,
1201 445 1337 500 7-l0
1365 444 1407 514 ).
1437 439 1651 496 «Exime
1678 453 1767 494 me
1794 437 1862 493 de
1887 435 2112 492 inimicis

540 551 676 607 meis
697 565 710 614 ;
731 545 977 618 quoniam
1007 541 1071 596 ad
1096 550 1146 595 te
1166 537 1396 608 confugi,
1425 534 1665 590 Domine.
1702 551 1722 585 ι

611 644 699 699 17.
717 642 867 714 [verm
901 637 1107 710 10-12.]
1125 637 1262 693 Doce
1272 652 1348 689 me
1366 642 1418 687 ut
1436 632 1620 704 faciam
1639 629 1941 685 voluntatem
1956 639 2118 697 tuam;

536 735 774 806 quoniam
797 743 851 786 tu
869 750 924 787 es
949 732 1086 786 Deus
1112 747 1269 784 meus.
1301 729 1347 785 Ο
1371 728 1657 791 confessio,
1684 742 1717 782 0
1743 728 2070 798 praescriptio
2097 727 2111 782 !

539 825 793 892 Quoniam
815 834 868 878 tu
895 839 948 879 es
971 864 987 888 ,
1013 821 1178 893 inquit
1208 861 1226 888 ,
1255 821 1395 875 Deus
1416 837 1573 874 meus.
1603 819 1684 874 Ad
1714 819 1874 872 alium
1901 834 2113 873 curram

534 917 680 974 refici
712 957 728 982 ,
770 916 815 970 si
842 915 910 970 ab
937 914 1043 969 alio
1092 912 1261 968 factus
1304 927 1442 966 sum.
1480 911 1557 965 Tu
1601 925 1660 966 es
1690 919 1856 965 totum
1886 925 2102 974 meum;

528 1011 650 1077 quia
669 1016 721 1060 tu
744 1023 794 1060 es
820 1005 958 1060 Deus
979 1021 1136 1058 meus.
1183 1004 1393 1058 Patrem
1421 1017 1654 1072 quaeram
1697 1010 1915 1072 propter
1941 1001 2111 1056 haere-

528 1102 793 1156 ditatem?
821 1100 898 1154 Tu
923 1097 974 1154 es
999 1101 1133 1154 Deus
1162 1115 1300 1152 meus
1323 1139 1338 1163 ,
1371 1114 1475 1153 non
1506 1097 1677 1151 solum
1699 1096 1852 1151 dator
1881 1095 2108 1150 hieredi-

527 1195 672 1260 tatis,
720 1193 813 1249 sed
837 1194 947 1263 ipsa
976 1193 1258 1248 hmredilas
1296 1211 1309 1246 :
1352 1191 1598 1245 Dominus
1645 1207 1764 1260 pars
1803 1189 2108 1243 litereditatis

525 1301 650 1339 mete
675 1284 696 1356 (
729 1283 873 1339 Psal.
907 1300 1003 1350 xv,
1031 1285 1064 1339 5
1093 1284 1134 1354 ).
1188 1282 1468 1336 Dominum
1491 1294 1725 1350 quaeram
1753 1289 1969 1348 propter
2015 1294 2101 1332 re-

522 1377 885 1446 demptionem
914 1376 938 1429 ?
993 1374 1066 1428 Tu
1097 1390 1148 1428 es
1190 1373 1326 1428 Deus
1368 1389 1525 1426 meus.
1557 1371 1841 1425 Patronum
1869 1384 2103 1440 quaeram

521 1477 743 1538 propter
785 1465 1195 1522 liberationem?
1242 1463 1318 1517 Tu
1354 1480 1406 1517 es
1442 1461 1582 1517 Deus
1623 1479 1782 1517 meus.
1827 1461 2103 1516 Postremo

519 1568 731 1612 creatus
759 1558 989 1612 recreari
1010 1555 1209 1626 cupio?
1234 1552 1308 1607 Tu
1329 1571 1379 1608 es
1408 1552 1547 1606 Deus
1573 1569 1732 1616 meus,
1759 1553 1849 1622 qui
1879 1551 2103 1607 Creator

519 1663 689 1712 meus,
723 1649 812 1718 qui
837 1647 1030 1701 creasti
1058 1661 1144 1701 me
1174 1661 1269 1714 per
1297 1644 1529 1699 Verbum
1563 1653 1739 1708 tuum,
1769 1653 1820 1697 et
1847 1642 2098 1697 recreasti

517 1755 607 1796 me
637 1755 730 1810 per
751 1739 1002 1794 Verbum.
1028 1737 1134 1794 Sed
1159 1737 1350 1795 creasti
1397 1752 1484 1792 me
1531 1751 1626 1806 per
1671 1735 1899 1790 Verbum
1929 1735 2098 1789 Deum

518 1839 822 1886 manentem
869 1829 1009 1899 apud
1059 1837 1148 1895 te;
1181 1827 1431 1883 recreasti
1479 1842 1574 1896 per
1611 1826 1839 1881 Verbum
1882 1839 2096 1880 carnem

517 1923 712 1976 factum
738 1929 953 1989 propter
981 1935 1095 1974 nos.
1123 1919 1260 1972 Doce
1272 1934 1403 1988 ergo
1422 1935 1500 1972 me
1516 1927 1568 1970 ut
1587 1918 1770 1989 faciam
1795 1917 2097 1971 voluntatem

516 2025 656 2066 tuam
679 2030 697 2077 ;
726 2013 961 2083 quoniam
988 2021 1040 2064 tu
1059 2027 1109 2065 es
1137 2010 1276 2064 Deus
1297 2027 1454 2064 meus.
1484 2009 1539 2065 Si
1564 2024 1667 2064 non
1696 2025 1781 2064 me
1803 2009 2049 2065 docueris
2077 2050 2092 2074 ,

515 2104 704 2158 faciam
736 2105 1054 2159 voluntatem
1090 2116 1262 2158 meam
1286 2142 1300 2167 ,
1329 2110 1382 2156 et
1410 2101 1622 2156 deseret
1647 2117 1732 2156 me
1758 2103 1895 2156 Deus
1920 2117 2090 2156 meus.

515 2194 651 2250 Doce
671 2213 750 2249 me
769 2205 821 2249 ut
842 2196 1026 2266 faciam
1049 2197 1351 2250 voluntatem
1371 2203 1531 2261 tuam;
1551 2196 1786 2266 quoniam
1807 2206 1858 2248 tu
1879 2213 1930 2250 es
1955 2197 2094 2251 Deus

512 2304 670 2342 meus.
701 2287 838 2342 Doce
866 2305 942 2343 me
972 2305 989 2342 :
1043 2304 1146 2343 non
1185 2289 1327 2343 enim
1359 2297 1412 2342 tu
1442 2303 1501 2344 es
1530 2289 1666 2342 Deus
1695 2304 1845 2343 meus
1869 2331 1884 2353 ,
1912 2298 1966 2344 et
1993 2305 2092 2359 ego

421 2365 426 2370 ’
509 2395 605 2434 ero
623 2380 874 2450 magister
894 2395 1060 2433 meus.
1083 2379 1270 2435 Videte
1291 2380 1734 2450 quemadmodum
1761 2381 1928 2450 gratia
1955 2395 2094 2434 com-

512 2472 811 2527 mendetur.
860 2473 969 2526 lloc
997 2481 1174 2527 tenete
1204 2490 1217 2538 ;
1263 2473 1364 2526 hoc
1394 2473 1632 2527 imbibite
1656 2513 1671 2536 ,
1719 2473 1819 2526 hoc
1847 2473 1995 2527 vobis
2023 2472 2091 2528 de

509 2567 674 2620 corde
723 2565 897 2620 nullus
949 2566 1182 2620 excutiat
1214 2581 1226 2630 ;
1259 2581 1326 2619 ne
1352 2564 1590 2619 habeatis
1620 2565 1788 2620 zelum
1821 2565 1914 2620 Dei
1945 2607 1960 2631 ,
1995 2565 2089 2620 sed

509 2674 614 2712 non
633 2657 924 2713 secundum
951 2657 1256 2721 scientiam;
1285 2673 1351 2711 ne
1377 2658 1678 2727 ignorantes
1703 2655 1792 2710 Dei
1807 2655 2085 2726 justitiam,

507 2757 562 2802 et
610 2757 841 2802 vestram
885 2749 1126 2802 volentes
1176 2749 1497 2801 constituere
1525 2747 1806 2815 ',justiti:e
1857 2748 1949 2801 Dei
1980 2762 2086 2802 non

507 2839 624 2892 sitis
675 2839 897 2907 subjecti
946 2839 1123 2908 (Rom.
1157 2855 1211 2902 ι,
1242 2837 1297 2902 2,
1329 2839 1404 2907 3).
1433 2837 1605 2892 Verba
1653 2845 1798 2892 certe
1847 2839 2086 2907 Apostoli

505 2929 812 2998 agnoscitis.
833 2929 1000 2982 Dicite
1013 2943 1139 2998 ergo
1164 2929 1284 2990 ista,
1317 2927 1454 2981 Doce
1479 2943 1558 2982 me
1578 2937 1630 2982 ut
1649 2928 1836 2998 faciam
1859 2929 2088 2982 volunta-

505 3029 604 3072 tem
633 3029 806 3083 tuam;
828 3019 1062 3088 quoniam
1084 3029 1137 3072 tu
1157 3035 1210 3072 es
1235 3017 1374 3072 Deus
1398 3035 1556 3073 meus.

578 3110 666 3164 18.
699 3109 923 3180 Spiritus
950 3118 1063 3164 tuus
1085 3110 1242 3164 bonus
1269 3150 1285 3176 ,
1313 3123 1418 3165 non
1448 3124 1602 3164 meus
1629 3110 1831 3163 malus:
1861 3110 2085 3180 Spiritus

505 3209 622 3254 tuus
651 3200 806 3254 bonus
834 3201 1044 3255 deducet
1073 3217 1151 3255 me
1169 3201 1220 3254 in
1248 3212 1433 3255 terram
1471 3212 1681 3255 rectam.
1705 3202 1839 3270 Quia
1867 3204 2086 3272 spiritus

503 3307 656 3348 meus
699 3293 869 3348 malus
894 3292 1113 3347 deduxit
1142 3295 1270 3348 ’me
1325 3293 1380 3347 in
1427 3301 1619 3348 terrain
1662 3308 1984 3362 perversam.
2018 3295 2086 3349 Et

501 3383 627 3453 quid
658 3399 759 3454 ego
787 3385 955 3438 merui
979 3385 1002 3438 ?
1031 3400 1149 3453 quae
1180 3399 1296 3438 mea
1327 3399 1488 3454 Opera
1510 3384 1647 3439 bona
1671 3384 1786 3438 sine
1818 3393 1908 3438 tuo
1934 3385 2084 3455 adju-

502 3475 640 3528 torio
660 3483 1034 3541 computantur
1055 3515 1069 3539 ,
1130 3475 1269 3529 unde
1297 3475 1636 3545 impetrarem
1663 3475 1960 3545 dignusque
1991 3492 2081 3532 es-

501 3580 613 3620 sem
643 3565 836 3619 deduci
883 3581 913 3618 a
963 3565 1162 3634 Spiritu
1207 3575 1297 3620 tuo
1337 3567 1389 3620 in
1438 3575 1632 3621 terram
1664 3569 1900 3622 rectam?
1953 3569 2082 3636 Quae

499 3671 660 3724 opera
689 3671 828 3718 mea,
854 3657 934 3710 vel
961 3671 1078 3725 qua:
1103 3657 1288 3711 merita
1312 3657 1470 3710 mea?
1494 3655 1714 3728 Propter
1730 3675 1906 3712 nomen
1919 3670 2078 3728 tuum,

499 3745 1012 3815 Domine,viviﬁcabis
1033 3763 1130 3800 me.
1152 3747 1422 3802 Attendite
1443 3764 1591 3819 ergo,
1624 3759 1879 3819 quantum
1930 3740 2083 3822 pote-

500 3837 601 3891 sus
628 3879 644 3903 ,
676 3838 860 3907 gratiae
886 3837 1427 3904 commendationem,
1476 3855 1578 3909 qua
1605 3841 1769 3910 gratis
1797 3843 1927 3897 salvi
1957 3843 2080 3898 lacti

496 3930 645 3985 estis.
698 3929 915 4001 Pr0pter
969 3948 1147 3985 nomen
1173 3940 1316 3985 tuum
1343 3973 1356 3996 ,
1385 3931 1601 3986 Domine
1627 3975 1642 4001 ,
1689 3934 1962 4002 vieiﬁcabis
1982 3953 2079 3990 me.

497 4022 614 4076 Non
645 4024 798 4078 nobis
822 4065 836 4088 ,
869 4024 1092 4079 Domine
1120 4064 1136 4090 ,
1169 4040 1275 4078 non
1303 4025 1456 4080 nobis
1483 4067 1499 4091 ,
1547 4026 1640 4080 sed
1672 4028 1870 4081 nomini
1903 4037 1993 4083 tuo
2014 4030 2079 4084 da

495 4115 718 4185 gloriam
749 4115 918 4189 (l’sal.
940 4132 1066 4183 cxu,
1098 4118 1174 4188 1).
1205 4117 1424 4187 Propter
1445 4135 1625 4173 nomen
1653 4129 1811 4184 (imm,
1841 4119 2076 4188 Domine,

497 4208 768 4278 vioiﬁcabis
794 4226 872 4263 me
894 4225 913 4264 :
941 4210 994 4264 in
1016 4219 1102 4264 tua
1123 4211 1329 4280 justitia
1361 4253 1378 4278 ,
1409 4227 1518 4267 non
1550 4213 1604 4266 in
1631 4227 1749 4268 mea
1774 4254 1788 4278 ,
1821 4229 1926 4268 non
1955 4214 2079 4284 quia

495 4317 598 4372 ego
620 4304 794 4358 merui
820 4343 836 4369 ,
883 4303 978 4358 sed
1006 4306 1126 4374 quia
1148 4311 1202 4359 tu
1229 4305 1525 4360 misereris.
1556 4305 1686 4360 Nam
1715 4306 1758 4360 si
1786 4323 1961 4362 meum
1983 4322 2075 4362 os-

496 4393 771 4450 tenderem
796 4395 1064 4462 meritum,
1092 4396 1222 4451 nihil
1245 4398 1339 4453 abs
1369 4406 1422 4453 te
1451 4413 1712 4466 mererer,
1744 4400 1845 4454 nisi
1871 4402 2077 4472 suppli-

494 4485 658 4540 cium.
708 4486 960 4541 Avulsisti
1010 4488 1200 4542 merita
1257 4504 1374 4544 mea
1405 4530 1422 4554 ,
1469 4490 1739 4546 inseruisti
1796 4491 1934 4548 dona
1969 4504 2076 4548 tua.

501 4593 524 4626 s
557 4576 778 4645 Propter
803 4591 996 4632 nomen
1026 4587 1172 4632 tuum
1202 4619 1219 4644 ,
1248 4579 1471 4634 Domine
1502 4621 1517 4645 ,
1543 4581 1832 4636 viviﬁcabis
1856 4597 1979 4639 me:
2025 4585 2077 4638 in

497 4676 587 4722 tua
612 4667 812 4736 justitia
856 4667 1053 4724 educes
1099 4668 1166 4723 de
1217 4670 1557 4727 tribulatione
1605 4673 1835 4726 animam
1867 4689 2074 4742 meam;

494 4770 549 4817 et
574 4762 628 4816 in
659 4769 742 4815 tua
776 4761 1136 4816 misericordia
1163 4762 1231 4816 ad
1260 4763 1529 4818 interitum
1553 4765 1786 4821 dedoces
1835 4767 2078 4825 inimicos

494 4868 663 4908 meos.
719 4854 787 4908 Et
834 4855 1021 4924 perdes
1045 4870 1232 4910 omnes
1259 4857 1572 4914 tribulantes
1591 4860 1822 4916 animam
1851 4877 2024 4918 meam
2058 4878 2073 4928 ;

491 4947 742 5017 quoniam
764 4961 950 5002 servus
979 4957 1099 5002 tuus
1125 4963 1241 5003 sum
1272 4965 1391 5019 ego.
1441 4969 1459 5002 ι

889 5135 969 5196 ΙΝ
1006 5135 1385 5198 PSALMUM
1418 5137 1670 5200 CXLIII

1055 5237 1470 5293 ENARRATIO.

1010 5345 1181 5386 SERIO
1209 5347 1275 5384 AD
1301 5346 1522 5385 PLEBEII.

566 5423 619 5478 1.
649 5422 803 5496 [κη.
835 5421 911 5494 1.]
943 5421 1138 5477 Psalmi
1169 5422 1324 5493 hujus
1352 5423 1532 5476 titulus
1558 5421 1736 5478 brevis
1751 5432 1833 5479 est
1852 5439 2074 5482 numero

487 5513 811 5578 verborum,
860 5514 954 5568 sed
997 5513 1174 5585 gravis
1227 5514 1464 5586 pondere
1503 5515 1878 5585 mysteriorum
1916 5515 2075 5588 :Ipsi

493 5602 660 5659 David
697 5607 764 5658 ad
805 5603 1020 5660 Goliam.
1065 5605 1311 5661 Praelium
1343 5605 1444 5662 hoc
1478 5605 1671 5662 factum
1709 5616 1948 5680 tempore
1977 5624 2071 5682 pa-

555 5719 573 5788 ξ
596 5717 731 5779 Fdd.,
755 5718 1036 5788 constituere
1056 5720 1232 5788 legem._
1247 5728 1366 5782 vox,
1391 5719 1558 5787 legem,
1578 5721 1717 5776 abest
1732 5735 1760 5775 a
1778 5731 1882 5778 MSS.

552 5781 574 5813 ⁸
591 5788 692 5831 Am.
718 5788 770 5831 et
788 5780 966 5846 aliquot
986 5780 1118 5840 uss.
1136 5783 1356 5836 deducet.

1731 321 1788 380 S.
1829 318 2190 378 AUGUSTINI
2233 321 2530 383 EPISCOI'I

3667 353 3804 410 1856

2229 448 2368 496 trum
2389 455 2712 515 nostrorum,
2742 449 2810 504 de
2837 451 3124 524 Scripturis
3147 460 3347 516 sanctis
3373 465 3562 520 recolit
3591 484 3802 526 ntecum

2225 531 2465 628 Charitas
2509 547 2705 595 vestra.
2753 540 2884 598 Cum
2927 548 3069 602 enim
3112 549 3366 609 adversus
3407 559 3664 628 populum
3707 562 3800 618 Dei

2223 624 2531 717 alienigenae
2552 629 2879 702 dimicarent,
2913 641 3218 706 provocavit
3243 660 3380 702 unus
3404 624 3591 717 unum,
3617 651 3802 709 Golias

2221 713 2382 816 David
2415 723 2516 816 :ln
2555 737 2659 816 quo
2696 729 2982 816 certamine
3023 731 3260 789 voluntas
3297 737 3386 792 Dei
3415 755 3512 809 pro
3538 713 3801 816 cujusque

2219 807 2386 875 partis
2415 809 2629 865 victoria
2667 815 2994 883 probaretur.
3029 820 3134 877 Sed
3162 824 3286 894 quid
3308 827 3374 882 de
3405 807 3622 888 victoria
3651 807 3797 889 saia-

2215 896 2411 991 gimus,
2446 903 2658 970 quando
2699 919 3072 974 provocantem
3119 927 3566 991 provomtumque
3609 940 3798 980 cerna-

2215 990 2368 1044 mus?
2409 991 2723 1052 Provocavit
2764 999 3006 1070 impietas
3049 1004 3319 1073 pietatem,
3353 990 3664 1079 provocavit
3701 1031 3793 1070 su-

2215 1079 2395 1148 perbia
2449 1081 2840 1157 humilitatem,
2883 1102 3153 1160 postremo
3201 1103 3501 1166 provocavit
3549 1103 3792 1162 diabolus

2213 1172 2501 1230 Christum.
2543 1178 2679 1245 Quid
2709 1182 2974 1238 miramini
3001 1185 3269 1244 diabolum
3303 1175 3534 1247 victum?
3561 1193 3654 1250 Ille
3678 1210 3795 1252 erat

2209 1267 2424 1334 grandis
2453 1278 2650 1325 statura
2681 1276 2950 1344 corporis;
2989 1277 3089 1334 iste
3115 1291 3291 1335 autem
3319 1293 3519 1340 statura
3562 1303 3790 1356 parvus,

2209 1356 2314 1413 ﬁde
2353 1373 2594 1429 magnus.
2639 1364 2858 1434 Accepit
2892 1382 3037 1422 arma
3065 1370 3249 1427 bellica
3277 1385 3488 1431 sanctus
3516 1378 3704 1445 David,
3735 1392 3791 1436 ut

2205 1446 2459 1504 adversus
2488 1450 2693 1507 Goliam
2722 1455 3051 1524 procederet.
3098 1460 3221 1516 llaec
3248 1478 3394 1518 arma
3422 1480 3516 1534 per
3541 1477 3786 1537 :etatem,

2204 1547 2260 1594 et
2300 1555 2549 1610 parvam,
2587 1553 2645 1598 ut
2679 1546 2944 1616 diximus,
2987 1561 3240 1608 staturam
3284 1558 3542 1625 corporis,
3574 1573 3790 1631 portare

2204 1645 2309 1683 non
2341 1633 2519 1687 valuit.
2553 1635 2762 1705 Abjecit
2783 1642 3077 1708 onerantia,
3111 1659 3216 1698 non
3247 1645 3553 1716 adjuvantia
3586 1666 3786 1708 :acce-

2203 1721 2279 1789 pit
2303 1723 2533 1792 quinque
2565 1726 2766 1796 lapides
2792 1729 2859 1785 de
2891 1731 3129 1800 ﬂumine,
3161 1745 3214 1789 et
3245 1739 3422 1806 posuit
3453 1741 3505 1794 in
3534 1756 3660 1796 vase
3689 1760 3783 1813 pa-

2202 1815 2408 1868 storali.
2451 1817 2545 1872 llis
2572 1829 2806 1876 armatus
2843 1827 3210 1895 corporaliter,
3241 1831 3457 1886 nomine
3485 1843 3667 1889 autem
3690 1836 3784 1891 Dei

2200 1904 2564 1976 spiritualiter,
2609 1913 2886 1979 processit,
2925 1925 2979 1970 et
3017 1917 3139 1972 vicit
3185 1918 3247 1988 (l
3287 1920 3413 1992 Reg.
3454 1939 3560 1978 xvu
3585 1925 3624 1995 ).
3673 1927 3783 1983 Hoc

2199 1996 2414 2066 quidem
2447 1999 2537 2055 ille
2569 2002 2732 2057 David
2762 2022 2776 2058 :
2802 2005 2895 2060 sed
2925 2009 3174 2077 mysteria
3203 2022 3619 2080 perscrutcmur.
3645 2016 3781 2072 Pro-

2199 2102 2547 2156 posueramus
2574 2095 2719 2148 enim
2748 2096 2957 2152 titulum
2984 2099 3139 2154 istum
3170 2101 3385 2158 brevem
3413 2121 3638 2162 numero
3666 2124 3782 2163 ver-

2198 2177 2407 2246 borum,
2435 2182 2527 2236 sed
2557 2200 2771 2253 gravem
2800 2189 3032 2256 pondere
3060 2194 3454 2262 mysteriorum.
3505 2197 3694 2254 Veniat
3729 2201 3778 2256 in

2196 2280 2433 2326 mentem
2453 2277 2744 2344 apostolica
2767 2279 2853 2332 illa
2879 2283 3164 2350 sententia,
3193 2285 3376 2340 Omnia
3403 2289 3512 2342 Iure
3541 2290 3592 2344 in
3614 2292 3781 2362 figura

2195 2364 2546 2435 contingebant
2576 2368 2629 2420 in
2668 2370 2770 2425 illis
2795 2371 2840 2440 (l
2863 2373 2978 2427 Cor.
3009 2390 3063 2438 ι,
3089 2377 3212 2446 11);
3243 2394 3307 2432 ne
3337 2380 3673 2449 impudenter
3701 2386 3780 2437 vi-

2195 2454 2418 2511 deamur
2443 2473 2682 2527 quaerere
2703 2463 2900 2531 aliquid
2930 2466 3295 2523 absconditum
3319 2513 3333 2536 ,
3366 2473 3452 2526 tibi
3483 2476 3652 2542 possit
3677 2475 3778 2532 dici

2195 2557 2361 2601 totum
2403 2549 2520 2604 sine
2549 2555 2788 2622 mysterii
2825 2557 3180 2625 profunditate
3207 2562 3524 2631 simpliciter
3551 2567 3776 2622 dictum.

2193 2637 2462 2695 llabemus
2501 2656 2630 2711 ergo
2671 2646 3044 2702 auctoritatem
3089 2650 3370 2708 facientem
3410 2672 3509 2710 nos
3549 2657 3778 2712 intentos

2191 2729 2258 2784 ad
2284 2734 2652 2802 quaerendum,
2680 2737 2866 2807 vigiles
2894 2739 2959 2793 ad
2984 2740 3424 2812 investigandum,
3457 2746 3685 2804 devotos
3713 2750 3776 2806 ad

2190 2821 2544 2891 audiendum,
2577 2826 2757 2882 ﬁdeles
2799 2829 2865 2882 ad
2900 2830 3218 2886 credendum
3241 2876 3256 2897 ,
3303 2837 3556 2907 impigros
3593 2841 3659 2892 ad
3696 2841 3774 2894 fa-

2190 2913 2458 2968 ciendum.
2501 2916 2556 2970 In
2586 2917 2746 2973 David
2777 2917 3021 2976 Christus
3047 2941 3062 2976 :
3090 2925 3182 2978 sed
3206 2927 3340 2979 sicut
3368 2929 3554 2983 soletis
3577 2930 3776 2986 intelli-

2190 3020 2314 3074 gere
2344 3007 2534 3062 eruditi
2563 3009 2614 3062 in
2645 3009 2823 3065 schola
2851 3013 2988 3082 ejus,
3020 3016 3262 3072 Christus
3290 3032 3447 3089 caput
3476 3032 3530 3077 et
3558 3039 3773 3093 corpus.

2188 3097 2305 3152 Non
2324 3115 2451 3170 ergo
2473 3102 2551 3156 sic
2578 3103 2805 3160 audiatis
2824 3107 3020 3177 aliquid
3044 3124 3107 3164 ex
3137 3126 3360 3180 persona
3383 3113 3602 3182 Christi,
3626 3119 3776 3186 quasi

2188 3189 2254 3243 ad
2286 3206 2379 3244 vos
2409 3208 2513 3246 non
2545 3195 2826 3263 pertineat,
2861 3198 2948 3266 qui
2975 3200 3102 3254 estis
3129 3202 3364 3256 membra
3395 3204 3615 3261 Christi.
3666 3208 3776 3264 [Ioc

2191 3291 2437 3352 tanquam
2465 3283 2808 3342 fundamento
2836 3290 3215 3358 posito,videte
3244 3310 3361 3362 qua:
3391 3309 3703 3366 sequantur.

2258 3375 2312 3428 2.
2360 3376 2538 3432 Nostis
2575 3380 2756 3435 multis
2797 3385 3144 3438 sacramentis
3174 3386 3472 3444 visibilibus
3499 3399 3554 3444 et
3580 3407 3774 3462 corpo-

2188 3467 2388 3525 ralibus
2430 3480 2707 3525 oneratum
2747 3488 2866 3528 esse
2914 3477 3164 3544 populum
3197 3477 3458 3546 primum;
3491 3483 3772 3537 circumci-

2187 3560 2358 3625 sione,
2404 3563 2677 3630 negotioso
2723 3564 2814 3619 illo
2860 3565 3092 3634 quodam
3137 3569 3452 3637 sacerdotio,
3479 3582 3532 3626 et
3571 3575 3777 3643 templo

2187 3650 2368 3720 ﬁguris
2401 3652 2579 3721 pleno,
2606 3654 2986 3724 multiplicibus
3009 3657 3440 3715 holocaustorum
3469 3664 3767 3720 sacriﬁcio-

2185 3760 2408 3814 rumque
2437 3747 2742 3815 generibus.
2791 3747 2916 3803 llmc
2946 3749 3110 3805 David
3135 3762 3317 3807 uoster
3345 3764 3593 3824 tanquam
3623 3773 3770 3811 arma

2187 3836 2501 3905 prementia,
2525 3853 2630 3892 non
2659 3839 2981 3906 adjuvantia,
3011 3841 3204 3910 posuit.
3240 3841 3301 3897 Si
3326 3844 3457 3896 enim
3489 3846 3612 3898 data
3645 3858 3771 3900 esset

2186 3929 2268 3982 lex
2290 3946 2402 3999 qua:
2422 3940 2586 3999 posset
2610 3931 2882 4000 vivi/icore,
2911 3949 3022 3987 vere
3040 3951 3103 3989 ea:
3125 3934 3257 4006 Lege
3276 3947 3400 3990 esset
3419 3938 3643 4007 justitia.
3679 3939 3770 3994 Ut-

2184 4021 2308 4090 quid
2361 4037 2489 4092 ergo
2540 4022 2687 4078 Lex?
2747 4023 3042 4094 Sequitur:
3075 4025 3180 4080 Sed
3214 4029 3458 4081 conclusit
3502 4029 3770 4099 Scriptura

2184 4112 2352 4165 omnia
2380 4111 2469 4166 sub
2496 4123 2717 4182 peccato,
2751 4125 2806 4168 ut
2827 4116 3090 4184 promissio
3117 4133 3178 4170 ex
3196 4119 3298 4186 [ide
3319 4117 3444 4172 Jesu
3471 4117 3658 4174 Christi
3680 4121 3769 4173 da-

2183 4213 2321 4256 retur
2359 4203 2670 4259 credentibus
2713 4204 2923 4277 (Galat.
2965 4221 3043 4273 nt,
3076 4205 3167 4273 21,
3204 4206 3277 4260 22
3301 4208 3342 4277 ).
3385 4209 3625 4281 Denique
3673 4211 3768 4266 iste

2183 4296 2366 4363 David,
2395 4298 2599 4353 scilicet
2622 4297 2866 4354 Christus
2897 4309 3054 4370 caput
3076 4308 3131 4356 et
3150 4315 3376 4371 corpus,
3406 4310 3648 4372 tempore
3679 4318 3767 4358 re-

2183 4374 2462 4445 velationis
2499 4389 2631 4444 Novi
2677 4390 3034 4458 Te‘stamenti,
3079 4401 3318 4462 tempore
3356 4393 3691 4450 insinuandie
3717 4404 3769 4450 et

2183 4482 2622 4538 commendanda:
2645 4482 2830 4553 gratiae
2859 4485 2976 4550 Dei,
3003 4485 3130 4556 quid
3164 4484 3323 4540 fecit?
3371 4487 3532 4540 Arma
3566 4489 3762 4556 posuit,

2184 4575 2419 4645 quinque
2463 4575 2666 4644 lapides
2711 4575 2826 4630 tulit
2857 4594 2870 4630 :
2901 4591 3084 4645 arma,
3115 4585 3173 4632 ut
3207 4577 3460 4645 diximus,
3494 4578 3766 4633 onerantia

2184 4665 2392 4734 posuit;
2423 4679 2550 4738 ergo
2565 4675 2901 4722 sacramenta
2924 4667 3099 4739 Legis,
3124 4677 3453 4723 sacramenta
3476 4668 3568 4722 illa
3590 4668 3765 4739 Legis,

2182 4771 2300 4825 qua:
2342 4770 2450 4811 non
2489 4765 2612 4811 sunt
2659 4756 2908 4826 imposita
2952 4756 3231 4823 Gentibus,
3272 4757 3469 4827 posuit,
3506 4773 3627 4828 qua:
3665 4772 3768 4812 non

2182 4847 2550 4904 observamus.
2591 4849 2907 4905 Meministis
2932 4851 3074 4905 enim
3103 4859 3297 4920 quanta
3329 4850 3382 4904 in
3411 4849 3595 4906 Veteri
3631 4850 3770 4920 Lege

2181 4940 2418 5011 legamus
2438 4981 2452 5007 ,
2480 4951 2535 4997 et
2561 4956 2666 4997 non
2693 4942 3076 5008 observemus;
3114 4942 3208 4998 sed
3238 4951 3412 4997 tamen
3443 4942 3509 4996 ad
3538 4944 3767 5013 aliquam

2180 5033 2620 5102 signiﬁcationem
2655 5034 2932 5103 priemissa
2970 5042 3025 5087 et
3065 5033 3335 5103 proposita
3365 5033 3726 5104 intelligamus
3756 5053 3766 5088 :

2181 5138 2289 5178 non
2317 5131 2376 5178 ut
2397 5124 2706 5194 abjiciamus
2731 5125 2926 5194 Legem
2956 5123 3073 5190 Dei,
3101 5124 3196 5178 sed
3217 5133 3272 5178 ut
3292 5136 3627 5180 sacramenta
3654 5140 3772 5194 pro-

2181 5213 2466 5279 mittentia,
2493 5214 2707 5284 impleta
2731 5213 3088 5284 promissione
3109 5228 3215 5269 non
3233 5213 3590 5270 celebremus.
3621 5214 3769 5283 Quod

2181 5307 2326 5362 cnim
2355 5307 2756 5379 promittebant,
2786 5307 2952 5362 venit.
2983 5306 3164 5364 Gratia
3207 5308 3350 5364 enim
3391 5308 3530 5363 Novi
3581 5307 3769 5364 Testa-

2179 5400 2344 5456 menti
2398 5399 2452 5454 in
2501 5399 2643 5469 Lege
2690 5399 3001 5466 velabatur;
3050 5398 3107 5456 in
3154 5400 3442 5472 Evangelia
3486 5399 3767 5454 reveletur.

2185 5493 2367 5550 Vclum
2395 5492 2739 5559 removimus,
2761 5492 2902 5562 quod
2929 5492 3205 5548 velabatur
3227 5491 3542 5563 agnovimus
3569 5509 3582 5544 :
3608 5505 3769 5560 agno-

2180 5587 2352 5644 vimus
2375 5594 2556 5642 autem
2586 5586 2639 5642 in
2665 5585 2868 5657 gratia‘
2919 5585 3129 5642 Domini
3168 5584 3339 5642 nostri
3376 5583 3504 5640 Jesu
3547 5582 3764 5642 Christi,

2243 5723 2259 5754 ι
2294 5729 2365 5771 Er.
2395 5729 2446 5772 et
2473 5727 2601 5779 tom,
2630 5720 2682 5770 in
2703 5719 2878 5785 gratia,
2903 5720 3110 5786 gratiam
3129 5720 3334 5786 Domini,
3362 5729 3459 5772 etc.
3478 5720 3641 5779 Abest,
3662 5727 3766 5781 grs-

2176 5785 2404 5850 tiam,ab
2425 5797 2525 5836 Αω.
2553 5792 2604 5836 et
2627 5790 2733 5836 Mss.
