4080 6518
300 360 451 421 I857

300 454 507 546 capitis
534 481 594 530 et
619 469 908 529 Salvatoris
931 466 1122 536 nostri,
1161 465 1253 538 qui
1292 480 1389 537 pro
1426 467 1580 524 nobis
1621 467 1902 524 cruciﬁxus

302 573 426 629 est;
457 579 578 634 quo
598 563 856 619 crucifixo
877 561 1037 617 etiam
1066 557 1241 615 velum
1268 557 1448 627 templi
1473 559 1797 631 conscissutn
1821 567 1920 614 est-

304 650 537 724 (Matth.
561 669 734 718 xxvu,
756 653 871 723 5|).
899 651 1138 722 Denique
1156 664 1304 705 arma
1330 648 1417 704 ille
1435 649 1631 719 posuit,
1655 658 1903 720 tauquam

303 755 483 797 onera
512 750 972 799 sacramentorum
992 738 1201 796 Veteris
1228 737 1414 808 Legis;
1439 747 1493 792 et
1516 737 1684 807 ipsam
1707 737 1902 808 Legem

300 832 550 902 accepit.
593 832 839 903 Quinque
873 832 1016 888 enim
1058 829 1259 900 lapides
1286 828 1518 899 quinque
1544 827 1707 883 libros
1734 827 1901 901 Moysi

300 926 643 999 signiﬁcant.
669 912 812 983 Tulit
830 941 957 998 ergo
972 926 1095 982 illos
1112 926 1343 997 quinque
1358 924 1559 995 lapides
1576 923 1644 979 de
1662 921 1898 977 ﬂumine.

300 1019 494 1077 Nostis
523 1020 654 1092 quid
683 1021 753 1076 sit
775 1020 986 1075 ﬂuvius.
1026 1018 1246 1074 Labitur
1286 1018 1429 1073 enim
1468 1015 1693 1072 mortale
1728 1028 1899 1070 smon-

299 1112 445 1178 lum,
476 1122 538 1166 et
568 1110 880 1182 praeterﬂuit
902 1108 1155 1180 quidquid
1182 1108 1326 1163 venit
1350 1108 1404 1163 in
1431 1106 1706 1162 mundum.
1734 1104 1902 1160 Erant

304 1217 443 1273 ergo
475 1202 535 1257 in
568 1202 807 1268 ﬂumine,
833 1208 1088 1272 tanquam
1113 1200 1169 1254 in
1196 1198 1393 1269 pupulo
1420 1197 1511 1252 illo
1538 1196 1708 1267 primo
1726 1235 1743 1260 ,
1767 1194 1900 1264 lapi-

300 1292 440 1358 des;
489 1293 609 1351 illic
642 1301 797 1348 erant
834 1291 1069 1357 inutiles,
1100 1289 1380 1355 vacabant,
1421 1287 1555 1342 nihil
1580 1285 1894 1356 proderant,

301 1382 624 1439 transibant
660 1398 822 1454 super
865 1382 1054 1438 ﬂuvios
1077 1382 1117 1435 ¹.
1148 1379 1286 1447 Quid
1324 1378 1449 1434 fecit
1486 1377 1671 1442 David,
1702 1384 1760 1431 ut
1787 1376 1896 1431 Lex

301 1472 422 1545 ipsa
448 1474 602 1531 utilis
626 1474 798 1530 esset?
821 1473 1038 1544 Accepit
1055 1472 1298 1544 gratiam.
1338 1471 1449 1526 Lex
1472 1470 1612 1526 enim
1642 1469 1757 1524 sine
1779 1483 1898 1539 gra-

301 1566 377 1620 tia
401 1565 625 1634 impleri
650 1580 754 1620 non
777 1573 949 1634 potest
978 1580 994 1620 :
1022 1561 1294 1616 Plenitudo
1331 1560 1471 1616 enim
1506 1559 1654 1629 Legis
1679 1557 1897 1612 charitas

301 1655 325 1726 (
345 1652 512 1708 Rom.
543 1670 663 1718 χιιι,
692 1652 758 1708 10
779 1653 820 1723 ).
871 1652 935 1708 Et
964 1651 1104 1707 unde
1132 1652 1229 1706 ista
1258 1649 1524 1705 cbaritas?
1553 1647 1685 1702 Vide
1713 1648 1759 1702 si
1788 1662 1892 1702 non

299 1762 371 1802 ex
400 1745 604 1813 gratia.
648 1744 900 1811 Charitas,
929 1743 1130 1814 inquit,
1171 1741 1264 1795 Dei
1289 1739 1474 1807 di/fusa
1496 1747 1568 1793 est
1586 1739 1639 1793 in
1664 1737 1895 1792 cordibus

300 1838 499 1893 nostris
527 1852 620 1907 per
654 1835 902 1905 Spiritum
938 1842 1181 1898 sanctum,
1214 1832 1301 1901 qui
1324 1831 1472 1883 datus
1496 1837 1570 1884 est
1597 1827 1737 1882 nobis
1765 1826 1891 1897 (Id.

300 1943 359 1994 v,
390 1926 477 1998 5).
508 1926 649 1994 Quia
672 1939 799 1993 ergo
825 1924 991 1994 gratia
1016 1923 1140 1976 fecit
1165 1919 1369 1989 impleri
1392 1918 1608 1989 Legem,
1630 1915 1893 1986 signiﬁca-

298 2027 393 2072 tur
426 2024 615 2072 autem
642 2015 806 2085 gratia
838 2013 1005 2077 lacte;
1043 2010 1144 2066 hoc
1175 2010 1315 2064 enim
1338 2016 1421 2063 est
1440 2008 1491 2062 in
1514 2022 1673 2062 carne
1695 2004 1893 2077 gratui-

300 2118 441 2175 tum,
471 2109 570 2164 ubi
597 2116 766 2162 mater
790 2120 895 2160 non
916 2102 1104 2174 quaerit
1128 2101 1390 2171 accipere,
1408 2097 1502 2155 sed
1527 2097 1716 2169 satagit
1733 2096 1887 2163 dare;

298 2204 411 2257 hoc
441 2210 622 2257 mater
645 2202 807 2272 gratis
834 2200 942 2266 dat,
967 2207 1020 2254 et
1046 2196 1387 2253 contristatur
1410 2193 1455 2248 si
1482 2192 1620 2247 desit
1642 2190 1730 2261 qui
1757 2190 1892 2245 acci-

300 2292 419 2362 piat
450 2311 465 2347 :
495 2291 763 2363 quomodo
790 2305 917 2361 ergo
941 2286 1173 2345 ostendit
1210 2284 1373 2340 David
1406 2283 1603 2353 Legem
1632 2283 1744 2336 sine
1766 2294 1888 2352 gra-

296 2383 375 2437 tia
407 2381 626 2453 operari
655 2396 758 2436 non
788 2395 965 2450 posse,
989 2377 1088 2432 nisi
1112 2391 1233 2432 cum
1262 2374 1381 2429 illos
1406 2371 1609 2443 lapides
1632 2371 1883 2441 quinque,

295 2473 509 2543 quibus
529 2471 923 2544 signiﬁcabatur
946 2468 1058 2524 Lex
1098 2468 1151 2521 in
1185 2465 1332 2522 libris
1367 2464 1625 2535 quinque,
1668 2460 1889 2531 conjun-

291 2578 435 2634 gere
461 2563 648 2618 volens
672 2561 876 2634 gratim,
901 2558 1080 2631 posuit
1104 2557 1155 2611 in
1176 2570 1302 2611 vase
1324 2552 1599 2626 pastorali,
1622 2553 1644 2583 ¹
1672 2566 1776 2622 quo
1804 2551 1887 2607 lac

297 2652 558 2722 mulgere
584 2650 966 2707 consueverat?
990 2648 1082 2703 llis
1106 2654 1358 2709 armatus,
1390 2643 1557 2715 gratia
1583 2642 1763 2712 utique
1793 2656 1885 2696 ar-

297 2751 511 2817 matus,
535 2750 589 2797 et
610 2740 736 2809 ideo
765 2753 1088 2810 praasumens
1112 2752 1217 2792 non
1240 2735 1306 2792 de
1334 2750 1412 2800 se,
1444 2733 1539 2790 sed
1567 2733 1632 2788 de
1661 2732 1885 2787 Domino

296 2816 427 2902 suo,
454 2816 714 2904 processit
747 2832 1001 2887 adversus
1028 2829 1229 2886 Goliam
1258 2827 1565 2898 superbum,
1595 2840 1655 2881 se
1675 2824 1883 2895 jactan-

296 2934 432 2991 tem,
462 2924 531 2979 de
560 2938 617 2979 se
642 2930 1070 2993 praesumentem.
1100 2920 1243 2976 Tulit
1262 2933 1424 2974 unum
1452 2916 1701 2988 lapidem,
1731 2915 1880 2985 jecit,

296 3016 581 3071 inimicum
626 3015 678 3069 in
705 3014 877 3069 fronte
902 3013 1195 3084 percussit;
1222 3011 1412 3067 cecidit
1432 3025 1499 3066 ex
1526 3025 1591 3065 eo
1616 3010 1733 3064 loco
1759 3024 1881 3064 cor-

296 3107 487 3177 poris,
518 3104 607 3160 ubi
646 3105 851 3174 signum
886 3103 1082 3158 Christi
1122 3118 1229 3156 non
1270 3100 1473 3155 habuit.
1520 3099 1631 3154 Hoc
1674 3112 1883 3169 quoque

296 3200 429 3254 licet
458 3196 700 3253 attendas
729 3213 742 3249 :
771 3195 1000 3264 quinque
1043 3191 1247 3262 lapides
1290 3190 1485 3260 posuit,
1518 3204 1681 3244 unum
1715 3189 1878 3243 misit.

297 3289 451 3344 Libri
478 3288 713 3358 quinque
738 3284 860 3340 lecti
886 3289 1041 3350 sunt,
1085 3280 1179 3336 sed
1221 3281 1395 3335 unitas
1418 3279 1563 3334 vicit.
1608 3277 1882 3333 Plenitudo

297 3381 449 3435 enim
469 3378 635 3450 Legis,
660 3387 719 3431 ut
738 3376 894 3445 paulo
914 3381 1036 3428 ante
1054 3370 1606 3436 commemoravimus,
1626 3368 1844 3423 charitas
1862 3383 1882 3423 :

296 3483 353 3528 et
382 3472 674 3543 Apostolus
697 3469 793 3536 ait,
822 3465 1129 3534 Sulferentes
1153 3465 1361 3519 inuicem
1384 3464 1437 3517 in
1460 3461 1721 3516 dilectione
1739 3501 1753 3525 ,
1774 3470 1882 3514 stu-

296 3567 477 3619 dentes
496 3578 693 3618 servare
711 3560 948 3613 unitatem
971 3556 1177 3629 spiritus
1201 3555 1255 3610 in
1283 3553 1480 3610 vinculo
1500 3553 1639 3623 pacis
1659 3550 1875 3622 (Ephes.

299 3671 372 3721 tv,
397 3654 458 3721 2,
488 3652 567 3723 5).
594 3650 797 3707 Deinde
825 3649 916 3704 illo
940 3662 1192 3720 percusso
1214 3656 1374 3717 atque
1392 3645 1620 3714 dejecto,
1646 3643 1881 3713 gladium

296 3744 420 3815 ejus
449 3741 682 3807 abstulit,
710 3750 765 3795 et
792 3739 917 3795 inde
944 3746 1102 3808 caput
1142 3737 1214 3792 illi
1247 3735 1490 3791 abscidit.
1536 3734 1605 3788 Et
1630 3733 1730 3788 hoc
1756 3732 1883 3788 fecit

296 3844 492 3889 noster
519 3830 704 3898 David,
731 3830 926 3899 dejecit
952 3828 1221 3884 diabolum
1246 3825 1314 3881 de
1353 3825 1464 3881 suis
1497 3843 1510 3879 :
1541 3824 1755 3895 quando
1782 3838 1881 3878 au-

295 3936 414 3982 tem
445 3923 666 3980 credunt
693 3921 869 3992 magni
905 3919 1041 3989 ejus,
1066 3931 1200 3988 quos
1233 3916 1322 3971 ille
1346 3915 1400 3970 in
1432 3929 1590 3970 manu
1618 3913 1877 3982 habebat,

296 4028 356 4075 et
383 4018 456 4073 de
480 4016 673 4088 quibus
698 4022 917 4070 caeteras
955 4012 1158 4065 animas
1201 4006 1494 4064 trucidabat
1518 4048 1533 4074 ,
1565 4014 1881 4061 convertunt

296 4110 513 4179 linguas
545 4120 668 4162 suas
697 4112 881 4160 contra
907 4100 1208 4175 diabolum;
1241 4107 1296 4153 et
1319 4098 1396 4153 sic
1420 4097 1586 4154 Goliae
1610 4096 1677 4151 de
1707 4096 1881 4167 gladio

299 4213 404 4254 suo
449 4204 606 4268 caput
646 4193 909 4250 inciditur.
958 4190 1263 4263 Mysterium
1304 4188 1439 4243 tituli
1482 4202 1579 4259 pro
1624 4187 1880 4256 temporis

300 4290 567 4347 brevitate
615 4286 994 4350 tractavimus;
1037 4282 1315 4339 videamus
1358 4278 1485 4350 quid
1529 4278 1720 4333 habeat
1764 4278 1880 4347 ipse

300 4380 761 4527 Ρεὲἷηὶὲεῗεάἱειιω
791 4465 1037 4520 Dominus
1063 4462 1198 4519 Deus
1225 4478 1394 4529 meus,
1421 4460 1510 4532 qui
1537 4460 1679 4515 docet
1701 4475 1881 4514 manus

310 4580 444 4618 mas
459 4562 511 4616 in
524 4560 773 4632 praelium,
787 4558 967 4629 digitos
978 4572 1112 4612 meos
1131 4555 1199 4609 ad
1218 4554 1421 4610 bellum.
1442 4552 1559 4608 Vox
1578 4560 1758 4607 nostra
1775 4559 1877 4619 est,

307 4655 351 4710 si
381 4664 576 4724 corpus
603 4649 797 4705 Christi
816 4660 914 4704 nos
942 4660 1145 4703 sumus.
1174 4644 1556 4700 Benedicamus
1593 4642 1878 4697 Dominum

304 4745 475 4800 Deum
503 4749 741 4799 nostrum
781 4740 870 4810 qui
907 4739 1061 4795 docet
1088 4751 1274 4792 manus
1304 4744 1514 4791 nostras
1537 4734 1589 4789 in
1618 4734 1881 4805 praelium,

303 4835 500 4905 digitos
509 4841 720 4888 nostros
739 4829 804 4885 ad
822 4829 1036 4885 bellum.
1065 4826 1328 4897 Repetitio
1342 4823 1618 4881 sententia:
1633 4824 1840 4880 videtur
1862 4841 1876 4879 :

304 4924 448 4996 quod
472 4931 576 4989 est,
605 4935 792 4976 manus
820 4927 1028 4974 nostras
1061 4917 1113 4971 in
1140 4916 1378 4985 praelium
1401 4930 1416 4980 ;
1437 4913 1538 4968 hoc
1564 4912 1879 4982 est;digitos

307 5023 521 5070 nostros
542 5011 609 5066 ad
629 5009 848 5065 bellum.
877 5009 960 5063 An
982 5004 1177 5075 aliquid
1207 5004 1429 5059 interest
1453 5002 1591 5056 inter
1612 5015 1801 5056 manus
1825 5009 1881 5056 et

306 5104 535 5175 digitos?
578 5100 762 5172 Digitis
792 5099 974 5169 utique
1002 5104 1289 5167 operantur
1314 5102 1367 5148 et
1391 5107 1576 5148 manus
1602 5110 1615 5146 :
1649 5106 1751 5146 nou
1783 5094 1882 5146 ita-

309 5210 411 5265 que
450 5190 678 5247 absurde
716 5190 1003 5258 accipimus
1043 5186 1235 5256 digitos
1262 5198 1359 5254 pro
1382 5183 1625 5238 manibus
1654 5183 1874 5252 positos.

308 5286 688 5341 Verumtamen
718 5282 770 5336 in
796 5280 972 5351 digitis
1011 5277 1346 5349 agnoscimus
1395 5276 1705 5331 divisionem
1753 5289 1881 5345 ope-

309 5377 549 5440 rationis,
581 5384 634 5429 et
660 5383 835 5429 tamen
863 5370 1094 5426 radicem
1124 5369 1340 5424 unitatis
1356 5368 1398 5421 ³.
1431 5367 1561 5422 Vide
1589 5367 1731 5421 illam
1762 5382 1881 5436 gra-

311 5469 475 5525 tiam:
509 5466 636 5523 dicit
678 5463 983 5536 Apostolus,
1038 5480 1058 5514 ‹
1082 5460 1187 5515 Alii
1232 5460 1447 5532 quidem
1489 5475 1582 5530 per
1623 5458 1877 5530 Spiritum

371 5602 389 5633 ¹
418 5607 519 5649 Am.
554 5605 632 5660 Er.
658 5604 710 5647 et
739 5594 919 5660 aliquot
932 5591 1349 5660 Mss.,_t_ransibant
1383 5589 1706 5660 sicut/iuvius.
1740 5597 1878 5643 Forte

312 5660 332 5711 ι
399 5697 432 5719 .,
447 5658 675 5711 transibat
697 5649 841 5721 supci'
859 5649 1054 5720 ﬂuvius,
1071 5655 1117 5703 id
1144 5662 1236 5713 cst,
1260 5665 1317 5701 su
1352 5665 1407 5701 er
1431 5649 1630 5713 lapides.

333 5674 394 5755 ϐξ
418 5730 505 5755 Im:
568 5719 619 5755 in
639 5733 732 5755 mm
772 5716 1018 5755 Dnrtimnla-
1044 5715 1114 5755 in-
1138 5717 1280 5755 abest
1300 5666 1361 5755 aII)
1383 5711 1490 5755 aliis
1513 5713 1630 5755 libris

310 5780 311 5783 η
345 5711 394 5755 Ἴ
418 5711 545 5781 Low,
568 5719 621 5783 in
638 5711 1126 5783 quo.'tfar'ticula,’in_,_
1138 5711 1280 5763 abest
1300 5711 1361 5783 ab
1383 5711 1491 5783 aliis
1513 5713 1660 5764 libris.

322 5816 325 5819 ς
375 5785 397 5819 ³
413 5776 693 5846 rortédegl,
718 5786 762 5832 et
784 5780 835 5833 in
856 5792 999 5829 manu
1012 5776 1229 5829 radicem
1250 5776 1479 5827 unitatis..

1415 356 1808 415 ENARRATIO
1839 356 1905 412 IN
1942 353 2258 413 PSALMUM
2292 357 2515 416 CXLIII.

2009 464 2166 523 datur
2189 482 2368 525 sermo
2394 470 2686 541 sapientiae,
2715 472 2803 529 alii
2820 487 3004 539 sermo
3025 476 3259 535 scientia:
3280 484 3573 540 secundum

2006 559 2251 614 eumdem
2277 559 2551 631 Spiritum,
2574 564 2662 619 alii
2690 564 2821 631 ﬁdes
2842 565 2897 621 in
2921 568 3108 625 eodem
3132 568 3350 640 Spiritu,
3372 574 3458 629 alii
3478 576 3576 631 do»

2007 650 2250 706 nationes
2274 653 2605 708 curationum
2645 655 2700 711 in
2734 671 2848 733 uno
2883 658 3101 728 Spiritu,
3128 662 3215 716 alii
3241 678 3433 733 genera
3467 665 3573 720 liu-

2003 751 2258 810 guarum,
2300 742 2388 797 alii
2434 742 2742 817 prophetia,
2789 746 2880 801 alii
2926 748 3229 819 dijudicatio
3270 753 3571 822 spirituum.

2002 826 2190 886 Omnia
2216 840 2390 887 autem
2417 833 2531 889 haec
2552 844 2800 906 operatur
2816 852 2950 893 unus
2969 848 3127 910 atque
3151 840 3292 896 idem
3319 842 3569 913 Spiritus,

2002 919 2244 977 dividens
2288 925 2499 996 propria
2538 927 2822 999 unicuique
2857 941 3011 998 prout
3050 931 3162 985 vult
3195 950 3214 984 ι
3247 933 3303 1005 (ι
3331 932 3449 989 Cor.
3473 952 3567 1001 xu,

2002 1011 2093 1081 8).
2125 1012 2228 1067 Alii
2249 1014 2401 1082 illud,
2432 1017 2519 1070 alii
2546 1016 2677 1083 hoc;
2726 1018 3010 1075 divisiones
3044 1030 3169 1076 sunt
3202 1024 3524 1092 operationis
3561 1044 3575 1082 :

2005 1099 2188 1155 Omnia
2220 1102 2327 1157 hac
2359 1115 2596 1173 aperatur
2633 1123 2761 1160 unus
2797 1118 2940 1178 atque
2967 1110 3096 1163 idem
3126 1110 3381 1182 Spiritus;
3418 1114 3569 1170 radix

2000 1198 2084 1246 est
2108 1191 2342 1247 unitatis.
2372 1193 2477 1257 His
2516 1209 2643 1265 ergo
2675 1195 2852 1266 digitis
2886 1196 3081 1267 pugnat
3117 1212 3312 1269 corpus
3347 1200 3565 1269 Christi,

2000 1284 2293 1353 procedens
2321 1285 2374 1339 in
2403 1284 2617 1353 bellum,
2644 1288 2939 1357 procedens
2963 1291 3015 1345 in
3038 1292 3300 1361 praelium.

2067 1374 2122 1429 4.
2164 1374 2279 1430 Jam
2309 1378 2610 1447 praeliorum
2645 1390 2699 1436 et
2732 1382 2991 1438 bellorum
3016 1399 3209 1454 genera
3238 1400 3564 1441 commemo-

1998 1479 2120 1521 rare
2144 1467 2370 1523 fortassc
2394 1470 2607 1541 longum
2633 1482 2733 1539 est,
2760 1484 2814 1528 et
2838 1489 3025 1545 gerere
3050 1474 3255 1531 facilius
3283 1491 3440 1547 quam
3467 1492 3562 1531 ex-

1998 1553 2217 1624 plicare.
2257 1556 2522 1614 Habemus
2569 1575 2732 1614 unum
2773 1561 2969 1616 bellum
3006 1564 3146 1634 quod
3185 1575 3565 1619 commemorat

1996 1646 2281 1716 Apostolus
2304 1665 2317 1701 :
2343 1648 2465 1704 Non
2492 1658 2562 1704 est
2580 1652 2714 1705 vobis
2733 1652 3019 1708 colluctatio
3038 1655 3273 1709 adversus
3291 1672 3491 1709 carnem
3512 1664 3559 1707 et

1995 1739 2309 1808 sanguinem,
2338 1740 2389 1794 id
2415 1748 2516 1806 est,
2542 1741 2795 1797 adversus
2839 1743 3078 1799 homines
3114 1759 3145 1798 a
3190 1745 3378 1815 quibus
3415 1746 3562 1800 vide-

1994 1829 2124 1883 mini
2162 1830 2270 1900 pati
2308 1833 2610 1899 molestias;
2656 1849 2763 1889 non
2801 1833 3056 1890 adversus
3092 1836 3233 1905 ipsos
3271 1838 3511 1908 pugnatis
3542 1855 3558 1891 :

1994 1918 2082 1972 sed
2122 1918 2359 1974 adversus
2397 1922 2645 1993 principes
2683 1930 2729 1975 et
2765 1931 3031 1993 potestates
3058 1932 3103 1977 et
3127 1934 3336 1978 rectores
3365 1926 3555 1979 mundi.

2006 2007 2075 2062 Et
2102 2024 2171 2064 ne
2197 2008 2516 2081 intelligeres
2544 2012 2877 2079 mundi,ca:li
2908 2022 2961 2068 et
2987 2022 3163 2081 terrae,
3192 2013 3418 2069 ostendit
3436 2015 3558 2084 quid

1992 2098 2193 2154 diceret
2224 2118 2237 2153 :
2272 2100 2622 2168 Tenebrarum,
2646 2104 2833 2174 inquit,
2862 2104 3041 2158 harum
3070 2104 3091 2178 (
3118 2105 3303 2176 Epltes.
3331 2122 3400 2173 vr,
3428 2107 3493 2160 l2
3517 2107 3557 2176 ).

1992 2188 2170 2251 Mundi
2206 2191 2440 2258 scilicet,
2473 2208 2580 2248 non
2614 2194 2703 2264 qui
2741 2209 2834 2264 per
2870 2195 3041 2264 ipsum
3066 2193 3234 2249 factus
3259 2203 3373 2262 est;
3413 2196 3556 2267 quia,

1991 2280 2059 2334 Et
2100 2282 2315 2337 mundus
2361 2299 2448 2353 per
2489 2300 2603 2338 eum
2639 2287 2803 2356 factus
2843 2294 2962 2339 est:
2988 2284 3083 2340 sed
3112 2285 3292 2340 mundi
3318 2286 3409 2355 qui
3436 2301 3555 2341 eum

1991 2385 2097 2426 non
2145 2374 2424 2444 cognovit;
2474 2375 2630 2444 quia,
2674 2370 2743 2428 Et
2785 2376 3001 2429 mundus
3045 2392 3159 2430 eum
3195 2392 3295 2431 non
3334 2378 3557 2447 cognovit

1991 2462 2169 2536 (Joan.
2200 2480 2237 2532 ι,
2271 2465 2379 2535 l0).
2422 2465 2513 2521 Ha:
2553 2465 2783 2521 tenebrae
2822 2482 2929 2521 non
2952 2475 3076 2522 sunt
3103 2475 3309 2534 natura,
3340 2466 3433 2522 sed
3461 2483 3556 2520 vo.

1988 2558 2208 2614 luntate.
2238 2560 2427 2615 Anima
2450 2561 2587 2615 enim
2616 2576 2711 2631 per
2739 2562 3073 2630 semetipsam
3099 2575 3203 2615 non
3228 2561 3369 2616 lucet
3394 2579 3408 2615 :
3434 2562 3555 2631 quia

1988 2649 2256 2706 humiliter
2277 2660 2331 2706 et
2357 2651 2613 2707 veraciter
2634 2660 2844 2719 cantat,
2871 2651 2949 2704 Tu
2974 2651 3277 2706 itluminabis
3305 2653 3556 2706 lucernam

1986 2756 2170 2808 meam,
2212 2738 2461 2805 Domine;
2503 2741 2635 2795 Deus
2673 2759 2831 2809 meus,
2879 2741 3111 2795 illumina
3153 2743 3376 2797 tenebras
3422 2760 3556 2795 mea

1987 2827 2158 2903 (Psal.
2183 2848 2312 2898 xvn,
2342 2832 2433 2902 29)
2466 2851 2479 2887 :
2510 2840 2583 2898 et,
2614 2833 2763 2904 Apud
2792 2843 2857 2896 te,
2881 2833 3068 2903 inquit,
3093 2834 3205 2903 fons
3228 2834 3374 2898 uiue;
3401 2836 3451 2887 in
3478 2835 3557 2887 lu-

1985 2921 2117 2974 mine
2151 2932 2236 2975 tuo
2275 2922 2545 2977 videbimus
2584 2923 2750 2976 [auten
2786 2922 2973 2993 (Psal.
3002 2938 3160 2988 xxxv,
3194 2914 3261 2978 l0
3284 2925 3338 2993 );
3370 2939 3472 2977 non
3503 2925 3555 2977 in

1990 3013 2191 3069 lumine
2219 3022 2424 3081 nostro,
2452 3014 2545 3069 sed
2574 3014 2624 3068 in
2651 3013 2836 3068 lumine
2857 3023 2960 3068 tuo.
2987 3013 3118 3068 Nam
3146 3022 3199 3069 et
3226 3014 3360 3068 oculi
3389 3016 3553 3068 nostri

1985 3104 2183 3159 lumina
2213 3114 2499 3170 vocantur;
2539 3113 2593 3159 et
2634 3114 2807 3160 tamen
2848 3105 2937 3159 lux
2975 3104 3304 3159 extrinsecus
3327 3105 3370 3158 si
3397 3103 3553 3166 desit,

1982 3195 2141 3250 etiam
2174 3196 2288 3250 sani
2315 3206 2367 3250 et
2391 3204 2647 3265 patentes,
2681 3196 2732 3250 in
2762 3194 2992 3250 tenebris
3016 3194 3384 3250 remanebunt.
3416 3195 3555 3265 Ergo

1982 3286 2177 3340 bellum
2202 3286 2435 3356 gerimus
2457 3286 2710 3341 adversus
2729 3295 2963 3341 rectores
2983 3285 3317 3340 tenebrarum
3345 3284 3550 3350 harum,

1982 3383 2218 3430 rectores
2246 3375 2449 3429 scilicet
2475 3373 2785 3440 inﬁdelium,
2809 3372 3077 3428 diabolum
3104 3381 3158 3427 et
3182 3373 3396 3443 angelos
3416 3373 3551 3443 ejus,

1981 3476 2215 3523 rectores
2242 3467 2402 3538 gladii
2432 3466 2545 3537 ejus
2574 3465 2642 3522 de
2670 3481 2774 3537 quo
2804 3476 2999 3537 pugnat
3022 3465 3261 3521 diabolus
3296 3465 3551 3521 adversus

1982 3556 2186 3612 ﬁdeles.
2213 3557 2317 3613 Sed
2346 3556 2612 3627 quomodo
2637 3555 2801 3612 Goliae
2822 3564 3085 3627 prostrato
3107 3557 3305 3611 tollitur
3327 3557 3552 3627 gladius,

1982 3656 2040 3702 ut
2064 3648 2162 3718 ipsi
2190 3647 2355 3704 Golia:
2381 3657 2538 3718 caput
2555 3648 2622 3704 de
2645 3648 2820 3720 gladio
2843 3664 2939 3703 suo
2965 3657 3299 3718 amputetur;
3331 3651 3401 3704 ita
3429 3665 3550 3705 cum

1982 3740 2205 3795 credunt
2249 3740 2347 3810 ipsi
2397 3740 2666 3806 inﬁdeles,
2710 3740 2903 3795 dicitur
2925 3740 3002 3795 eis
3028 3757 3043 3794 :
3068 3738 3256 3795 Fuistis
3281 3742 3554 3811 aliquando

1982 3820 2228 3897 tenebraz;
2255 3848 2385 3884 nunc
2409 3841 2576 3883 autem
2596 3830 2686 3883 tua:
2703 3830 2757 3883 in
2782 3829 3001 3883 Domino
3026 3828 3243 3901 (Ephes.
3264 3845 3317 3896 v,
3344 3828 3422 3901 8).
3448 3829 3551 3883 Pu-

1981 3920 2182 3992 gnastis
2210 3920 2279 3976 de
2304 3937 2463 3976 manu
2490 3919 2688 3989 Goliae,
2723 3919 2832 3992 jam
2874 3920 2930 3975 in
2972 3934 3132 3976 manu
3156 3920 3351 3977 Christi
3383 3920 3550 3976 tollite

1981 4020 2134 4082 caput
2164 4010 2352 4067 Golim.

2053 4101 2106 4156 5.
2152 4100 2265 4156 Hoc
2291 4117 2451 4156 unum
2478 4100 2718 4173 praelium
2748 4119 2761 4156 :
2789 4101 3015 4157 alterum
3052 4110 3228 4158 autem
3272 4103 3552 4172 unicuique

1984 4190 2035 4244 in
2062 4193 2257 4261 seipso.
2285 4191 2440 4246 Modo
2455 4207 2620 4262 genus
2642 4191 2745 4246 hoc
2764 4192 2889 4246 belli
2912 4206 2977 4246 ex
2998 4192 3287 4262 apostolica
3314 4192 3550 4262 Epistula

1983 4281 2253 4352 legebatur
2282 4300 2297 4337 :
2329 4282 2460 4337 Caro
2484 4283 2789 4353 concupiscit
2815 4283 3050 4337 adversus
3076 4284 3333 4354 spiritum,
3359 4293 3406 4337 et
3439 4286 3550 4355 spi-

1981 4374 2108 4430 ritus
2130 4375 2364 4429 aduersus
2388 4391 2623 4441 carnem;
2662 4384 2718 4429 ut
2754 4391 2855 4429 non
2889 4391 2949 4429 ea
2991 4391 3104 4447 qua
3137 4376 3303 4439 uultis,
3332 4377 3549 4448 faciatis.

1982 4464 2051 4521 Et
2090 4464 2192 4520 hoc
2225 4479 2385 4535 grave
2420 4465 2639 4531 bellum,
2669 4474 2723 4520 et
2762 4465 2902 4536 quod
2939 4475 3023 4521 est
3062 4466 3358 4533 molestius,
3387 4466 3547 4523 inter-

1981 4572 2129 4612 num.
2161 4557 2218 4611 ln
2238 4571 2345 4627 quo
2365 4556 2508 4613 bello
2531 4557 2577 4612 si
2599 4556 2669 4613 sit
2686 4557 2910 4628 quisque
2928 4558 3114 4619 victor.
3143 4558 3262 4613 illos
3286 4572 3420 4629 quos
3445 4574 3551 4614 non

1979 4647 2126 4704 videt
2164 4646 2426 4715 inimicos,
2453 4648 2705 4703 continuo
2737 4648 3028 4717 superabit.
3075 4649 3190 4704 Non
3218 4650 3360 4705 enim
3386 4659 3552 4706 teutat

1981 4738 2222 4796 diabolus
2245 4738 2332 4793 vel
2357 4737 2528 4809 angeli
2563 4738 2700 4808 ejus,
2728 4738 2829 4793 nisi
2856 4738 2996 4809 quod
3029 4739 3080 4794 in
3109 4748 3160 4795 te
3177 4739 3425 4796 carnale‘
3454 4741 3552 4795 do-

1981 4830 2231 4884 minatur.
2273 4827 2405 4883 Nam
2432 4828 2697 4899 quomodo
2732 4828 2992 4883 vincimus
3040 4828 3157 4883 illos
3196 4830 3377 4885 hostes
3418 4846 3552 4900 quos

1981 4936 2087 4976 non
2114 4919 2354 4975 videmus
2370 4959 2386 4983 ,
2409 4920 2510 4974 nisi
2537 4920 2658 4989 quia
2678 4919 2918 4974 carnales
2948 4919 3225 4974 interiores
3246 4929 3420 4975 motus
3451 4937 3551 4976 no-

1981 5020 2120 5067 stros
2144 5009 2434 5067 sentimus?
2467 5009 2598 5064 Cum
2629 5009 2713 5063 his
2738 5009 3100 5079 conﬂigimus,
3135 5018 3189 5065 et
3213 5011 3331 5065 illos
3355 5026 3548 5081 percu-

1984 5105 2199 5159 timus'.
2247 5102 2304 5157 In
2345 5117 2527 5157 amore
2555 5102 2792 5172 pecuniae
2829 5101 3129 5155 dominatur
3157 5103 3372 5156 avaritia
3404 5121 3416 5157 :
3449 5102 3549 5159 do-

1982 5194 2201 5249 minanti
2229 5193 2321 5249 tibi
2346 5194 2578 5250 avaritize
2604 5192 2844 5246 diabolus
2871 5190 3164 5247 forinsecus
3191 5192 3394 5247 lucrum
3430 5209 3548 5249 cum

1982 5287 2165 5343 fraude
2215 5286 2480 5356 pr0ponit.
2533 5284 2847 5352 Plerumque
2898 5283 3039 5337 enim
3086 5282 3151 5336 ad
3195 5283 3396 5337 lucrum
3445 5301 3550 5340 non

1981 5380 2245 5451 pervenis,
2281 5377 2382 5434 nisi
2411 5376 2643 5432 fraudem
2669 5373 2879 5429 feceris.
2925 5373 3182 5443 Proponit
3207 5389 3332 5444 ergo
3358 5375 3443 5431 ille
3467 5375 3552 5430 fo-

1982 5472 2220 5526 rinsecus
2261 5467 2494 5522 avaritia:
2534 5474 2635 5520 tua:
2672 5478 2830 5534 quam
2870 5463 3011 5519 intus
3045 5478 3149 5519 non
3176 5464 3366 5531 vicisti,
3393 5480 3550 5536 quam

2047 5647 2064 5678 ι
2089 5646 2160 5694 sic
2180 5649 2287 5692 Mss.
2322 5640 2433 5690 add.
2457 5652 2594 5698 vero,
2619 5637 2895 5689 carnaliter.

2047 5710 2067 5739 '
2091 5708 2161 5755 Sic
2193 5707 2373 5765 aliquot
2404 5710 2508 5751 Mss.
2548 5697 2601 5750 at
2626 5707 2701 5765 Er.
2742 5709 2794 5749 et
2833 5707 2960 5751 Lov.:
2990 5697 3075 5751 His
3102 5698 3416 5764 conﬂigimus,
3451 5698 3551 5752 illis

1988 5763 2299 5827 percutinutr,
2328 5771 2373 5817 et
2395 5765 2499 5815 illos
2517 5763 2824 5828 percutimus.

3438 372 3576 433 1838
3642 370 3657 377 ’
