4038 6462
520 319 654 380 1859

515 459 622 500 non
669 435 956 513 domuisti,
997 463 1154 520 quam
1195 465 1300 504 non
1343 449 1436 505 tibi
1489 449 1792 521 subjecisti;
1845 453 2092 520 proponit

517 547 786 609 tanquam.
811 539 1026 594 athleta:
1063 555 1162 595 suo
1201 541 1371 596 malus
1417 543 1734 612 agonotbeta
1777 541 2016 596 fraudem
2045 551 2098 598 et

515 629 744 694 lucrum,
776 645 908 700 opus
935 639 986 686 et
1012 632 1290 702 prmmium
1320 650 1332 686 :
1369 633 1492 698 Fac,
1525 641 1576 688 et
1609 633 1753 688 tolle.
1801 631 1882 688 Tu
1919 641 2096 688 autem

495 713 560 773 ἐἰ
589 720 763 775 calcas
804 722 1114 782 avaritiam.
1139 721 1184 778 si
1227 723 1318 776 tibi
1365 723 1582 778 interius
1623 739 1732 778 non
1774 723 2096 790 dominatur,

511 825 672 878 quam
711 811 949 866 sentiens
987 813 1191 878 vincis;
1238 814 1398 867 nam1
1444 813 1712 867 diabolum
1761 813 2096 869 insidiantem

513 915 620 954 non
651 904 816 956 sentis
847 919 861 956 :
894 904 938 956 si
979 919 1104 973 ergo
1132 904 1414 958 edomuisti
1442 905 1736 970 avaritiam,
1763 905 1990 960 attendis
2015 905 2096 958 al-

514 995 688 1046 terum
718 1005 1110 1062 proponentem
1134 1011 1266 1064 opus
1295 1005 1348 1050 et
1367 997 1663 1066 prazmium.
1692 997 1825 1063 Quid
1859 997 1944 1051 ille
1971 1013 2096 1066 pro-

521 1083 736 1151 posuit?
767 1083 1028 1140 Fraudcm
1054 1093 1106 1140 et
1131 1087 1355 1142 lucrum.
1402 1087 1536 1154 Quid
1567 1089 1664 1142 iste
1691 1089 1980 1157 proponit?
2015 1089 2096 1143 ln-

517 1175 815 1228 uoccutiam
847 1185 898 1230 et
927 1191 1200 1231 coronam.
1247 1177 1352 1232 Fac
1391 1187 1446 1233 et
1476 1180 1623 1246 tolle,
1654 1189 1706 1232 et
1745 1178 1834 1233 ille
1863 1180 2010 1245 dicit,
2043 1189 2098 1236 et

511 1261 640 1318 iste.
685 1263 802 1318 Jam
830 1273 883 1319 tu
913 1267 1178 1336 praelatior
1207 1268 1456 1334 interior,
1490 1271 1532 1323 si
1563 1285 1668 1323 non
1698 1283 1754 1345 es
1785 1269 1953 1325 victus
1975 1285 2098 1325 ava-

509 1353 653 1420 ritia,
680 1354 772 1408 sed
809 1355 981 1410 victor
1000 1359 1266 1424 avaritiae;
1301 1359 1446 1413 illum
1471 1359 1721 1426 a‘ttendis,
1746 1361 1886 1414 hunc
1907 1362 2092 1416 vincis.

509 1442 783 1498 Discernis
809 1445 950 1500 enim
974 1457 1280 1518 utrumque,
1311 1461 1364 1503 et
1391 1449 1524 1504 dicis
1545 1467 1558 1503 :
1577 1450 1674 1504 llic
1701 1451 1853 1506 video
1881 1465 2015 1520 opus
2043 1461 2097 1506 et

511 1534 786 1600 prmmium
819 1577 833 1600 ,
889 1536 996 1591 illic
1049 1547 1227 1592 autem
1277 1553 1454 1592 escam
1499 1549 1554 1594 et
1595 1539 1862 1610 laqueum.
1915 1541 2096 1614 Neque

509 1625 652 1677 enim
682 1625 884 1701 aliquid
909 1623 1042 1680 dicis
1075 1628 1125 1682 iu
1165 1637 1238 1692 te,
1279 1629 1420 1697 quod
1462 1645 1567 1684 non
1609 1633 1870 1700 pertineat
1906 1633 1974 1687 ad
2021 1643 2088 1688 te.

509 1715 719 1770 Etenim
761 1733 830 1771 ex
871 1731 1088 1788 peccato
1132 1720 1332 1776 divisus
1372 1737 1431 1776 es
1472 1722 1752 1778 adversum
1795 1735 1865 1780 te.
1905 1725 2095 1781 Trallis

509 1791 957 1878 concupiscentia:
991 1814 1333 1883 propaginem
1362 1823 1415 1868 et
1441 1815 1711 1870 traducem
1739 1818 1924 1872 mortis
1956 1836 1968 1872 :
2001 1818 2094 1872 ba-

510 1900 606 1956 bes
629 1912 813 1957 contra
842 1905 983 1974 quod
1007 1921 1206 1976 pugnes
1236 1907 1286 1960 in
1327 1914 1400 1973 te,
1439 1907 1602 1962 habes
1640 1909 1782 1978 quod
1824 1927 2094 1980 expugnes

511 1992 564 2046 in
597 2001 663 2048 te.
695 1993 798 2066 Sed
817 1995 980 2050 habes
1005 2012 1160 2066 quem
1193 1997 1428 2062 invoces,
1457 2005 1514 2052 ut
1538 2009 1854 2069 pugnantem
1881 2001 2093 2070 adjuvet

513 2091 584 2148 te,
615 2093 669 2139 et
694 2063 990 2142 vincentem
1022 2097 1242 2142 coronet
1286 2097 1354 2156 te,
1387 2091 1476 2160 qui
1518 2107 1624 2146 non
1659 2093 1974 2148 existentem
2013 2094 2090 2150 fe-

510 2174 582 2227 cit
613 2183 684 2229 te.

583 2265 635 2319 6.
676 2267 954 2335 Quomodo
975 2311 987 2334 ,
1017 2269 1191 2342 inquis
1209 2315 1224 2338 ,
1247 2273 1451 2328 vincam
1469 2274 1492 2327 ἶ)
1509 2274 1644 2330 Ecce
1665 2276 1779 2346 ipse
1808 2276 2092 2346 Apostolus

510 2353 880 2411 difﬁcillimum
910 2360 1149 2426 praelium
1195 2363 1474 2432 proponit,
1507 2374 1560 2418 ct
1581 2381 1738 2434 quam
1769 2367 2090 2421 laboriosum

513 2445 582 2498 sit
605 2455 692 2498 aut
720 2447 856 2504 forte
885 2449 1260 2519 insuperabile,
1281 2454 1324 2507 si
1353 2470 1456 2508 non
1486 2455 1720 2525 intelligo
1739 2499 1754 2523 ,
1779 2458 1890 2526 ipse
1911 2467 2094 2513 osten-

510 2535 605 2588 dit.
661 2535 824 2602 Caro,
873 2539 1078 2610 inquit,
1108 2533 1413 2613 concupiscit
1455 2545 1696 2599 adversus
1739 2548 1994 2616 spiritum,
2048 2559 2094 2603 et

509 2629 716 2697 spiritus
737 2632 973 2706 qdversus
999 2651 1199 2688 carnem
1221 2651 1239 2700 ;
1265 2646 1318 2690 ut
1343 2654 1442 2690 non
1473 2655 1530 2691 ea
1550 2655 1662 2710 qua:
1681 2641 1848 2706 vultis,
1871 2641 2088 2709 faciatis.

511 2719 788 2784 Quomodo
833 2739 918 2777 me
948 2723 1103 2794 jubes
1135 2727 1381 2792 vincere,
1423 2745 1540 2784 cum
1573 2730 1662 2785 ille
1700 2731 1870 2797 dicat,
1905 2732 1972 2788 Ut
1993 2751 2092 2788 non

507 2827 568 2861 ea
615 2827 726 2880 qua:
753 2815 899 2866 vultis
917 2855 930 2879 ,
959 2817 1200 2882 faciatis?
1225 2817 1428 2884 Qumris
1449 2823 1754 2890 quomodo?
1775 2825 2001 2880 Attende
2024 2825 2091 2880 ad

511 2903 734 2970 gratiam
794 2907 935 2959 vasis
985 2910 1262 2976 pastoralis
1293 2952 1308 2975 ,
1355 2911 1583 2982 lapidem
1616 2915 1727 2970 'de
1773 2917 1990 2973 ﬂumine
2037 2921 2090 2976 in

509 2995 813 3061 exceptorio
847 2995 996 3050 lactis
1025 3013 1180 3068 pone.
1205 3001 1342 3056 Ecce
1370 3011 1422 3056 et
1451 3019 1548 3074 ego
1577 3006 1669 3060 tibi
1691 3007 1831 3074 dico,
1861 3011 1967 3063 imo
1999 3010 2089 3065 tibi

511 3082 624 3152 ipsa
643 3085 835 3140 veritas
864 3087 1008 3142 dicit.
1029 3089 1252 3166 Prorsus
1276 3110 1379 3148 non
1401 3095 1530 3151 facis
1551 3099 1688 3168 quod
1711 3101 1805 3168 vis,
1823 3117 2091 3174 pugnante

507 3188 671 3230 carne
722 3175 974 3232 adversus
1009 3182 1250 3250 spiritum
1296 3195 1462 3241 tuum.
1490 3187 1545 3242 Si
1566 3190 1631 3243 ad
1663 3193 1814 3246 istam
1863 3211 2090 3266 pugnam

510 3265 576 3322 de
603 3276 651 3322 te
671 3273 945 3338 praesumis
967 3314 980 3337 ,
1009 3273 1376 3334 admonendus
1402 3296 1458 3336 es
1481 3325 1495 3347 ,
1525 3299 1594 3337 ne
1621 3284 1812 3341 frustra
1834 3288 2086 3358 audieris,

512 3355 778 3415 Exsultate
807 3362 911 3417 Deo
928 3366 1150 3435 adjutori
1175 3379 1344 3426 nostro
1371 3371 1540 3443 (Psal.
1572 3392 1742 3440 Lxxx,
1762 3377 1838 3448 2).
1859 3379 1912 3435 Si
1943 3355 2083 3436 enim

509 3465 604 3518 per
630 3459 680 3506 te
711 3453 959 3523 implores
991 3466 1178 3538 totum,
1198 3476 1300 3514 non
1331 3472 1470 3518 esset
1502 3469 1831 3523 necessarius
1855 3470 2084 3542 adjutor.

509 3537 733 3606 Rursus,
767 3545 812 3598 si
843 3553 898 3599 tu
942 3547 1054 3618 ipse
1103 3535 1190 3604 tua
1224 3552 1496 3608 voluntate
1545 3555 1676 3611 nihil
1729 3535 1942 3630 ageres,
1979 3578 2084 3618 non

509 3644 793 3688 vocaretur
845 3637 1057 3706 adjutor
1097 3655 1110 3691 :
1153 3640 1363 3710 adjutor
1411 3644 1552 3699 enim
1597 3647 1794 3719 aliquid
1841 3662 2082 3722 agentem

507 3721 740 3792 adjuvat.
775 3725 1010 3798 Denique
1033 3745 1152 3784 cum
1198 3731 1453 3802 dixisset,
1485 3735 1616 3791 Caro
1663 3744 1967 3812 concupiscit
1991 3746 2086 3799 ad-

507 3831 676 3870 versus
705 3819 973 3886 spiritum,
1005 3831 1050 3874 et
1075 3823 1282 3892 spiritus
1329 3825 1567 3882 adversus
1613 3843 1934 3898 carnem;ut
1983 3853 2082 3890 non

501 3921 564 3959 ea
599 3923 709 3976 qtae
737 3910 904 3974 vultis,
934 3912 1164 3980 faciatis;
1205 3925 1259 3970 et
1307 3921 1670 3988 pr0posuisset
1725 3935 1775 3979 te
1825 3936 1950 3982 ante
1991 3937 2041 3984 te
2065 3973 2078 3996 ,

510 3999 672 4052 veluti
696 3999 1028 4056 deiicientem
1055 4016 1106 4058 te
1135 4005 1188 4059 in
1215 4015 1267 4060 te
1285 4049 1298 4068 ,
1322 4010 1576 4066 continuo
1605 4013 1748 4068 misit
1774 4015 1840 4070 ad
1867 4018 2078 4088 adjuto-

505 4103 651 4143 rem:
687 4091 835 4158 Quod
879 4093 923 4146 si
969 4097 1146 4158 spiritu
1193 4097 1453 4168 ducimini,
1487 4121 1587 4158 non
1634 4106 1801 4161 adhuc
1848 4113 1965 4165 estis
1989 4115 2080 4166 sub

505 4179 654 4250 Lege.
681 4181 777 4248 Qui
806 4184 946 4238 enim
979 4185 1078 4240 sub
1105 4187 1218 4258 lege
1257 4199 1360 4257 est,
1392 4207 1496 4246 non
1527 4194 1711 4264 implet
1753 4198 1956 4269 legem,
1984 4204 2078 4258 sed

503 4275 805 4340 premitura
837 4276 981 4346 lege;
1006 4280 1142 4334 sicut
1163 4281 1250 4336 ille
1272 4283 1434 4338 David
1459 4285 1556 4339 sub
1582 4289 1748 4344 armis
1775 4301 1908 4346 erat.
1937 4294 2077 4364 Ergo

500 4363 544 4416 si
577 4364 762 4432 spiritu
785 4365 1026 4436 duceris,
1057 4369 1177 4426 vide
1204 4373 1318 4442 quis
1348 4384 1398 4430 te
1424 4376 1692 4446 adjuvabit
1719 4422 1735 4448 ,
1771 4392 1826 4436 ut
1852 4363 2072 4454 impleas

499 4453 641 4520 quod
695 4456 841 4510 velis.
871 4457 1094 4527 Adjutor
1146 4471 1296 4530 tuus,
1319 4479 1592 4536 susceptor
1631 4479 1782 4538 tuus,
1812 4453 1942 4544 spes,
1987 4487 2072 4532 tua

501 4543 590 4609 qui
620 4541 776 4598 docet
805 4562 990 4602 manus
1023 4559 1138 4604 tuas
1166 4551 1216 4604 in
1243 4555 1478 4622 prarlium
1504 4599 1518 4622 ,
1543 4567 1594 4612 ct
1620 4560 1812 4630 digitos
1843 4541 1973 4620 tuos
2003 4569 2070 4622 ad

501 4631 720 4686 bellum.
753 4633 1026 4706 Manifesta
1075 4641 1205 4692 enim
1259 4653 1372 4696 sunt
1397 4685 1410 4704 ,
1447 4645 1634 4714 inquit,
1667 4667 1818 4718 apera
1869 4659 2070 4724 carnis,

495 4741 612 4794 qua:
631 4738 745 4780 sunt
769 4729 1123 4798 fornicationes
1144 4773 1155 4790 ,
1181 4733 1528 4800 inmmnditite,
1554 4737 1802 4796 idolorum
1842 4748 2069 4814 servitus,

496 4817 734 4884 luxuria,
765 4819 1002 4888 veneficia
1023 4863 1035 4884 ,
1066 4823 1420 4890 contentiones,
1457 4827 1732 4884 inimicitiw
1745 4875 1762 4902 ,
1791 4827 2068 4906 ebrietates,

496 4911 880 4966 comessationes
900 4953 913 4972 .
946 4922 991 4965 et
1019 4914 1095 4966 his
1140 4915 1324 4968 similia
1347 4935 1364 4980 ;
1385 4935 1495 4988 qua:
1517 4923 1736 4990 pra’dico
1758 4927 1890 4981 vobis
1907 4971 1922 4996 ,
1945 4932 2070 4986 sicut

496 5001 728 5066 pt'wdiati,
757 5003 996 5074 quoniam
1037 5007 1121 5076 qui
1171 5005 1294 5059 talia
1345 5020 1532 5078 agunt,
1577 5031 1785 5084 regnum
1839 5018 1931 5074 Dei
1970 5039 2068 5078 non

497 5091 822 5160 possidebunt
847 5093 1042 5166 (Galat.
1069 5113 1123 5163 ν,
1155 5097 1367 5170 17-21).
1391 5101 1506 5155 Non
1545 5106 1632 5174 qui
1660 5108 1918 5165 adversus
1947 5113 2066 5170 talia

491 5183 812 5254 conﬂigunt,
845 5187 940 5240 sed
969 5189 1056 5255 qui
1082 5189 1203 5243 talia
1238 5203 1416 5260 agunt.
1446 5195 1578 5248 Cum
1623 5203 1764 5254 enim
1791 5203 2063 5276 conﬂigis,

491 5276 632 5330 aliud
661 5285 742 5332 est
763 5293 926 5348 opus;
959 5295 1078 5334 cum
1105 5283 1290 5350 vineis,
1309 5285 1448 5340 aliud
1468 5303 1600 5355 opus
1616 5302 1724 5358 est;
1744 5309 1862 5348 cum
1883 5311 2064 5364 pacem

491 5376 542 5418 et
572 5369 806 5437 requiem
837 5369 1020 5433 habes.
1048 5371 1186 5426 aliud
1214 5389 1346 5444 OptlS
1373 5385 1473 5432 est.
1502 5379 1624 5433 llmc
1656 5381 1781 5437 dum
1806 5388 2066 5456 exemplis

495 5447 802 5512 demonstro
838 5461 1046 5529 paucis,
1073 5463 1350 5520 advertite.
1382 5467 1691 5540 Suggeritur
1727 5475 1940 5546 aliquod
1975 5481 2062 5534 lu-

554 5567 570 5597 ι
599 5568 902 5652 ttamclioris
927 5579 1201 5652 pottenttss.‘
1217 5581 1270 5652 A_t
1293 5583 1414 5638 Am.,
1440 5591 1582 5640 quam
1604 5581 1648 5652 si
1659 5585 1864 5652 sentiens
1896 5588 2060 5652 vitreis,

482 5632 588 5690 jam
624 5627 884 5714 (diali-tolum,
923 5641 1018 5714 etc.
1055 5641 1128 5683 Er.
1155 5639 1206 5686 et
1241 5644 1370 5700 Lov.,
1402 5627 1863 5703 hidiii‘ii"£€izu§}£

482 5687 587 5754 jam
610 5687 879 5750 diabolum,
895 5702 987 5743 etc.

555 5753 574 5784 ¹
600 5756 764 5801 Plures
787 5759 876 5802 Mss
899 5791 910 5825 ί
949 5754 1148 5816 lapides.

1743 329 1804 386 S.
1844 327 2208 385 AUGUSTINI
2247 332 2548 395 EPISCOPI

3651 367 3786 424 {3C0

2207 461 2390 517 crum,
2437 453 2702 526 delectat;
2731 459 2892 517 habet
2936 463 3212 536 fraudem,
3265 473 3358 528 sed
3405 491 3656 546 maguum
3705 497 3786 540 est

2205 539 2444 609 lucrum;
2496 547 2756 616 delectat,
2812 569 2916 609 non
2965 563 3236 616 censentis
3280 583 3294 616 :
3353 581 3588 637 pugnam
3633 575 3783 641 vide,

2203 633 2378 690 adhuc
2414 639 2686 709 suadetur,
2719 645 2891 702 adhuc
2919 649 3166 718 instatur,
3200 633 3372 713 adhuc
3419 633 3781 722 deliberatur-

2206 739 2333 797 ergo
2359 730 2450 798 qui
2473 743 2698 803 pugnat,
2731 740 3083 806 periclitatur.
3115 745 3355 806 Vidimus
3385 769 3646 824 pugnam,
3680 775 3786 815 ca:-

2209 827 2319 876 tera
2377 823 2669 882 videamus.
2715 831 3051 905 Contempsit
3095 837 3386 910 justitiam,
3439 823 3500 902 ut
3545 849 3786 907 fraudem

2203 913 2435 981 faceret;
2465 919 2638 973 victus
2663 931 2745 976 est
2769 940 2781 975 :
2807 930 3129 998 contempsit
3181 932 3420 1003 lucrum,
3467 948 3522 993 ut
3561 941 3788 1011 justitia:

2204 1007 2460 1072 serviret;
2493 1009 2639 1064 vicit.
2671 1013 2724 1066 ln
2747 1013 2830 1070 bis
2849 1018 3015 1073 tribus
3035 1062 3049 1085 ,
3077 1023 3274 1078 victum
3304 1027 3461 1084 doleo
3481 1074 3496 1099 ,
3531 1007 3786 1104 pugnanti

2203 1107 2400 1163 metuo,
2427 1101 2610 1157 victori
2663 1109 2992 1175 congaudeo.
3015 1111 3119 1167 Sed
3147 1116 3308 1170 etiam
3350 1119 3436 1176 ille
3481 1125 3572 1193 qui
3610 1101 3784 1192 ivicit,

2203 1189 2456 1258 nmnquid
2478 1194 2694 1249 omnino
2719 1199 2826 1268 egit
2851 1200 2900 1253 in
2933 1215 3015 1267 se,
3049 1213 3108 1258 ut
3141 1221 3358 1275 prorsus
3395 1227 3514 1266 eum
3561 1221 3786 1284 pecunia

2203 1291 2308 1330 non
2347 1289 2601 1347 attentet,
2625 1295 2716 1340 aut
2763 1289 2894 1343 nihil
2939 1295 2992 1345 in
3025 1309 3090 1348 eo
3146 1299 3340 1354 excitet
3379 1300 3782 1372 delectationis,

2201 1373 2440 1437 quamvis
2465 1379 2804 1448 superabilis,
2825 1389 3065 1453 quamvis
3081 1395 3518 1467 contemptibilis,
3543 1407 3786 1470 quamvis

2201 1473 2306 1513 non
2350 1463 2520 1517 solum
2573 1469 2658 1521 cui
2707 1485 2812 1525 non
2859 1479 3188 1546 consentiat,
3226 1463 3319 1538 sed
3367 1502 3488 1542 cum
3535 1507 3637 1561 qua
3688 1511 3786 1550 nec

2201 1564 2438 1620 pugnare
2484 1557 2771 1626 dignetur?
2799 1563 2940 1621 Inest
2982 1577 3158 1627 tamen
3208 1577 3380 1647 aliqua
3417 1557 3786 1646 delectationis

2202 1643 2454 1701 titillatio.
2487 1646 2588 1703 Ista
2618 1652 2867 1724 titillatio,
2896 1668 2950 1714 et
2979 1661 3068 1717 ille
3093 1664 3260 1723 hostis
3281 1643 3392 1739 jam
3419 1657 3520 1728 nec
3557 1692 3780 1748 pugnat,

2201 1751 2300 1790 nec
2327 1749 2512 1809 regnat
2547 1761 2560 1795 :
2593 1743 2730 1799 inest
2757 1757 2932 1805 tamen
2955 1795 2968 1818 ,
3001 1764 3055 1809 et
3083 1761 3234 1826 quasi
3262 1773 3502 1821 moratur
3541 1769 3596 1824 in
3623 1787 3785 1828 carne

2199 1829 2406 1882 mortali
2434 1871 2448 1894 ,
2473 1833 2611 1900 quod
2637 1851 2742 1891 non
2773 1839 2894 1894 erit.
2940 1844 3170 1901 Ducetur
3205 1852 3346 1905 enim
3397 1865 3567 1911 totum
3619 1859 3672 1914 in
3703 1863 3784 1916 vi-

2198 1921 2417 1973 ctoriam
2439 1962 2452 1984 ,
2487 1923 2578 1978 sed
2627 1937 2808 1994 postea
2857 1950 2870 1985 :
2902 1935 3061 1990 modo
3099 1950 3276 1994 autem
3297 1985 3311 2010 ,
3361 1943 3558 2014 Corpus
3587 1951 3783 2020 quidem

2198 2020 2449 2064 mortuum
2487 2026 2557 2068 est
2582 2029 2788 2086 propter
2810 2035 3065 2092 peccatum
3087 2045 3108 2092 ;
3135 2041 3186 2084 et
3210 2033 3328 2088 ideo
3350 2037 3524 2094 eidem
3573 2049 3782 2112 corpori

2197 2099 2336 2155 inest
2361 2115 2634 2174 peccatum
2659 2151 2674 2174 ,
2703 2113 2802 2166 etsi
2846 2129 2948 2169 non
2997 2130 3183 2189 regnat
3233 2137 3546 2192 peccatum:
3579 2134 3784 2201 spiritus

2202 2203 2368 2248 autem
2399 2199 2500 2251 vita
2521 2210 2591 2254 est
2614 2214 2817 2272 propter
2831 2209 3103 2277 justitiam.
3140 2215 3201 2268 Si
3229 2229 3393 2271 autem
3419 2223 3502 2291 qui
3531 2199 3784 2282 suscitavit

2199 2285 2450 2343 Christum
2507 2309 2538 2344 a
2585 2299 2816 2362 mortuis,
2863 2302 3052 2356 habitat
3099 2307 3150 2358 in
3175 2309 3352 2374 vobis;
3393 2315 3479 2383 qui
3529 2321 3784 2374 suscitavit

2197 2373 2451 2452 Christum
2473 2399 2504 2434 a
2519 2387 2740 2450 mortuis,
2767 2389 3035 2456 viriﬁcabit
3047 2406 3092 2448 et
3115 2401 3350 2454 mortalia
3376 2419 3588 2474 corpora
3603 2420 3778 2476 vestra,

2197 2478 2400 2537 propter
2421 2471 2776 2530 inhabitantem
2801 2479 3048 2549 Spiritum
3075 2487 3183 2555 ejus
3210 2489 3262 2542 in
3288 2492 3422 2544 vobis
3452 2471 3627 2563 Rom.
3659 2514 3744 2552 vm
3766 2542 3778 2558 ,

2199 2558 2286 2622 10,
2310 2561 2462 2628 ctc.).
2501 2564 2573 2618 ibi
2598 2566 2706 2634 jam
2763 2585 2860 2624 nec
2907 2573 3047 2643 quod
3099 2589 3295 2647 pugnet
3331 2558 3468 2650 erit,
3498 2602 3598 2648 nec
3643 2591 3779 2659 quod

2201 2652 2412 2718 titillet;
2442 2664 2609 2712 totum
2665 2662 2814 2716 cedet
2867 2663 2917 2716 in
2949 2669 3120 2736 pace‘.
3161 2671 3276 2726 Non
3319 2677 3463 2730 enim
3515 2683 3778 2736 contraria

2199 2751 2384 2797 natura
2411 2757 2593 2802 contra
2623 2750 2778 2806 aliam
2829 2765 3070 2812 naturam
3127 2773 3356 2832 pugnat,
3389 2767 3485 2821 sed
3529 2777 3776 2841 tanquam

2197 2831 2249 2886 in
2278 2833 2436 2889 domo
2462 2839 2681 2896 maritus
2713 2853 2766 2896 et
2789 2861 2944 2899 uxor.
2983 2847 3037 2903 Si
3065 2849 3323 2910 adversus
3348 2871 3404 2912 se
3425 2858 3774 2929 dissentiant,

2197 2926 2454 2981 inolestus
2485 2938 2537 2982 et
2566 2933 2893 2998 periculosus
2920 2933 3100 3006 laber;
3132 2943 3177 2996 si
3209 2947 3432 3002 maritus
3455 2951 3704 3007 vincatur
3727 2965 3777 3010 et

2195 3030 2332 3070 uxor
2359 3016 2660 3076 dominetur
2682 3065 2696 3089 ,
2723 3040 2820 3094 pax
2844 3042 3124 3096 perversa:
3149 3035 3192 3089 si
3222 3047 3400 3093 autem
3433 3057 3568 3097 uxor
3587 3048 3776 3100 marito

2195 3105 2489 3166 dominanti
2519 3115 2850 3184 subjiciatur,
2873 3136 2976 3190 pax
3033 3135 3210 3194 recta;
3243 3145 3348 3184 non
3409 3140 3590 3190 tamen
3637 3139 3774 3194 aliud

2195 3215 2259 3255 ex
2291 3202 2395 3256 alia
2445 3215 2631 3262 natura
2657 3251 2671 3272 ,
2702 3212 2824 3280 quia
2866 3229 2928 3270 ex
2956 3215 3169 3274 homine
3219 3221 3357 3278 facta
3407 3227 3601 3283 mulier
3641 3231 3772 3286 viro.

2194 3292 2332 3348 Caro
2355 3304 2440 3350 tua
2461 3341 2474 3361 ,
2506 3300 2700 3369 conjux
2729 3311 2845 3370 tua,
2881 3307 3074 3363 famula
3105 3321 3225 3368 tua:
3252 3318 3522 3386 quodlibet
3555 3322 3768 3392 deputa,

2193 3399 2326 3454 opus
2350 3397 2431 3444 est
2454 3399 2506 3444 ut
2529 3393 2808 3461 subjicias;
2839 3407 2890 3452 et
2941 3401 2982 3454 si
3009 3408 3258 3472 pugnas”,
3287 3419 3342 3462 ut
3371 3413 3540 3480 prosit
3579 3431 3770 3487 pugna.

2197 3477 2306 3532 lloc
2332 3482 2472 3536 enim
2528 3486 2775 3554 expedit,
2801 3489 3026 3548 inferius
3073 3497 3260 3566 subjici
3295 3503 3592 3569 Superiori;
3625 3517 3681 3559 ut
3719 3516 3771 3562 et

2201 3567 2290 3622 ille
2313 3571 2402 3638 qui
2430 3572 2530 3626 sibi
2561 3575 2752 3644 subjici
2781 3580 2890 3633 vult
2921 3583 3062 3652 quod
3093 3600 3170 3640 est
3213 3567 3432 3646 inferius
3461 3609 3554 3660 se,
3599 3597 3772 3665 subji-

2191 3657 2360 3714 ciatur
2387 3665 2646 3730 superiori
2679 3683 2755 3721 se.
2791 3670 3032 3740 Agnosco
3054 3677 3314 3743 ordinem,
3343 3697 3518 3751 quaere
3559 3701 3768 3754 pacem.

2192 3748 2266 3803 'l'u
2303 3751 2428 3818 Deo,
2465 3756 2554 3810 tibi
2603 3773 2748 3814 caro.
2777 3761 2912 3830 Quid
2933 3765 3164 3834 justius?
3191 3772 3316 3842 quid
3359 3748 3672 3844 pulchrius?
3694 3781 3768 3836 Tu

2191 3846 2406 3915 majori,
2439 3847 2614 3905 minor
2645 3854 2734 3908 tibi
2779 3875 2793 3911 :
2825 3861 2964 3912 servi
3002 3870 3054 3914 tu
3083 3863 3130 3916 ei
3171 3867 3258 3934 qui
3301 3867 3525 3934 l'ccitte,
3573 3881 3632 3926 ut
3679 3874 3764 3928 tibi

2188 3938 2386 3991 serviat
2415 3941 2553 4009 quod
2585 3943 2782 4002 factum
2810 3958 2890 4003 est
2933 3963 3150 4021 propter
3178 3965 3246 4010 te.
3277 3957 3390 4012 Non
3437 3963 3584 4018 enim
3631 3963 3764 4018 hunc

2186 4027 2426 4082 ordinem
2478 4035 2754 4103 novimus,
2787 4056 2960 4110 neque
3001 4043 3143 4100 hunc
3197 4049 3438 4105 ordinem
3489 4069 3762 4112 commen-

2186 4116 2395 4172 damus.
2439 4120 2556 4176 Tibi
2605 4139 2730 4180 caro
2773 4138 2828 4184 et
2883 4141 2938 4186 tu
2971 4133 3110 4198 Deo;
3142 4137 3269 4204 sed,
3306 4139 3381 4193 'l‘u
3410 4141 3540 4208 Deo,
3593 4155 3648 4200 et
3678 4149 3761 4202 tibi

2186 4223 2330 4262 caro.
2379 4209 2434 4265 Si
2471 4223 2646 4268 autem
2674 4223 2970 4278 contemnis
2989 4224 3066 4278 Tu
3095 4226 3224 4294 Deo,
3253 4246 3522 4302 nunquam
3565 4237 3760 4292 efﬁcies

2185 4307 2242 4352 ut
2266 4298 2380 4354 Tibi
2407 4318 2531 4358 caro
2543 4305 2582 4358 ³.
2609 4306 2711 4372 Qui
2733 4325 2835 4364 non
2861 4312 3200 4384 obtemperes
3217 4298 3465 4390 Domino,
3503 4331 3760 4396 torqueris

2183 4405 2213 4443 a
2242 4405 2416 4447 servo.
2449 4394 2712 4468 Numquid
2738 4401 2780 4454 si
2809 4417 2912 4457 non
2939 4407 3087 4475 prius
3119 4418 3172 4462 tu
3195 4410 3320 4476 Deo,
3351 4423 3408 4467 ut
3429 4394 3626 4472 deinde
3673 4421 3758 4472 tibi

2181 4496 2327 4547 caro,
2362 4487 2560 4553 poteris
2579 4487 2756 4544 dicere
2789 4491 2904 4548 haec
2943 4496 3135 4564 verba,
3165 4498 3462 4558 Benedictus
3509 4505 3759 4564 Dominus

2184 4570 2317 4628 Deus
2343 4591 2499 4638 meus,
2531 4578 2616 4645 qui
2644 4579 2784 4633 docet
2801 4599 2976 4638 manus
2989 4603 3126 4642 meas
3155 4590 3206 4642 in
3231 4594 3479 4660 praflium,
3503 4606 3549 4648 et
3581 4599 3758 4669 digitos

2181 4677 2316 4714 meos
2342 4666 2409 4716 ad
2451 4663 2680 4721 bellum?
2706 4669 2938 4726 Pra-liari
2990 4677 3068 4730 vis
3115 4678 3356 4736 indoctus
3377 4723 3390 4746 ,
3420 4684 3757 4742 damnaberis

2179 4751 2369 4806 victus.
2401 4753 2578 4810 Primo
2605 4773 2729 4828 ergo
2753 4769 2802 4814 te
2827 4763 3020 4818 subdas
3049 4767 3184 4834 Deo;
3211 4769 3403 4826 deinde
3426 4775 3516 4829 illo
3534 4777 3757 4832 docente

2181 4829 2231 4898 te
2258 4844 2611 4913 etadjuvante
2655 4851 2915 4918 praelicris
2937 4896 2951 4919 ,
2983 4864 3038 4909 et
3073 4857 3248 4922 dicas,
3275 4861 3376 4928 Qui
3395 4863 3538 4918 docet
3581 4885 3757 4923 ntanus

2177 4951 2313 4989 meas
2338 4937 2390 4990 in
2415 4939 2648 5008 prtclium
2667 4982 2680 5004 ,
2713 4952 2758 4996 et
2774 4943 2958 5014 digitos
2982 4964 3116 5004 meos
3145 4953 3213 5004 ad
3233 4954 3437 5012 bellum.
3516 4967 3520 4970 '

2248 5030 2299 5084 7.
2341 5027 2490 5102 [vers.
2517 5032 2596 5106 2.]
2639 5035 2842 5090 Etcum
2869 5041 3147 5110 pra-Iiaris,
3172 5047 3294 5114 quia
3319 5047 3444 5104 dum
3475 5054 3750 5119 prmliaris,

2175 5123 2490 5192 periclitaris
2509 5167 2522 5189 ,
2553 5127 2638 5182 dic
2660 5144 2776 5198 quae
2795 5143 3104 5202 sequuntur,
3133 5139 3182 5190 in
3213 5141 3484 5206 praeliaudi
3517 5146 3752 5213 periculo

2174 5215 2512 5272 constitutus.
2547 5218 2898 5276 Misericordia
2927 5241 3055 5278 mea.
3094 5227 3208 5282 Non
3255 5233 3454 5286 vincar.
3480 5234 3617 5302 Quid
3673 5251 3748 5292 ρει

2173 5305 2304 5372 hoc,
2329 5307 2680 5366 Misericordia
2710 5317 2856 5370 mea?
2875 5317 3088 5373 Praibes
3114 5321 3242 5378 mihi
3293 5325 3740 5394 misericordiam,

2171 5397 2306 5452 etin
2344 5415 2428 5454 me
2472 5403 2656 5456 existis
2681 5405 3139 5476 misericors?au,
3181 5413 3396 5470 Donasti
3435 5419 3566 5472 mihi
3617 5430 3672 5473 ut
3697 5431 3745 5473 ιι

2172 5486 2284 5556 ipse
2309 5489 2408 5543 sim
2451 5492 2889 5552 tnisericors?De
2943 5501 3084 5555 nulla
3131 5505 3273 5558 enim
3311 5523 3370 5562 re
3405 5510 3482 5564 sic
3523 5512 3744 5566 vincitur

2236 5597 2250 5666 ξ
2279 5596 2500 5666 Plerique
2535 5609 2658 5658 Mss,
2683 5601 2732 5654 in
2749 5618 2932 5666 pacem.

2231 5659 2253 5726 ξ
2275 5658 2458 5726 Aliquot
2483 5669 2606 5719 uss.,
2631 5658 2805 5726 pugna.

2787 5735 2946 5782 autem
2963 5735 3218 5788 contemnis
3235 5745 3285 5788 tu
3313 5747 3336 5788 1
3347 5753 3480 5802 cum,
3505 5755 3738 5806 tamquam

2168 5778 2446 5841 sttbjit‘it‘tttr
2469 5783 2554 5834 tibi
2563 5779 2704 5836 ’ξηιλ-ι).
