  <div class='ocr_page' id='page_1' title='image "/cluster/home/n/w/nwhite01/storage/ocr_20150623/37/hvd.32044015471477/424.png"; bbox 0 0 4038 6468; ppageno 0'>
   <div class='ocr_carea' id='block_1_1' title="bbox 220 352 342 412">
    <p class='ocr_par' dir='ltr' id='par_1_1' title="bbox 220 352 342 412">
     <span class='ocr_line' id='line_1_1' title="bbox 220 352 342 412; baseline -0.033 0"><span class='ocrx_word' id='word_1_1' title='bbox 220 357 237 412; x_wconf 81' lang='grc' dir='ltr'><strong>Ι</strong></span> <span class='ocrx_word' id='word_1_2' title='bbox 248 352 342 412; x_wconf 75' lang='grc'><strong>801</strong></span> 
     </span>
    </p>
   </div>
   <div class='ocr_carea' id='block_1_2' title="bbox 216 436 1790 537">
    <p class='ocr_par' dir='ltr' id='par_1_2' title="bbox 216 436 1790 537">
     <span class='ocr_line' id='line_1_2' title="bbox 216 436 1790 537; baseline -0.023 -11"><span class='ocrx_word' id='word_1_3' title='bbox 216 467 460 528; x_wconf 81' lang='lat' dir='ltr'><strong>inimicus</strong></span> <span class='ocrx_word' id='word_1_4' title='bbox 481 504 496 529; x_wconf 92' lang='lat'><strong>,</strong></span> <span class='ocrx_word' id='word_1_5' title='bbox 537 472 697 537; x_wconf 80' lang='lat' dir='ltr'><strong>quam</strong></span> <span class='ocrx_word' id='word_1_6' title='bbox 730 470 854 512; x_wconf 82' lang='lat' dir='ltr'><strong>eum</strong></span> <span class='ocrx_word' id='word_1_7' title='bbox 906 445 1281 509; x_wconf 73' lang='lat' dir='ltr'><strong>misericordes</strong></span> <span class='ocrx_word' id='word_1_8' title='bbox 1323 456 1526 501; x_wconf 75' lang='lat' dir='ltr'><strong>sumus.</strong></span> <span class='ocrx_word' id='word_1_9' title='bbox 1561 436 1790 537; x_wconf 74' lang='lat' dir='ltr'><strong>Omnino</strong></span> 
     </span>
    </p>
   </div>
   <div class='ocr_carea' id='block_1_3' title="bbox 219 528 1794 633">
    <p class='ocr_par' dir='ltr' id='par_1_3' title="bbox 219 528 1794 633">
     <span class='ocr_line' id='line_1_3' title="bbox 219 528 1794 633; baseline -0.022 -17"><span class='ocrx_word' id='word_1_10' title='bbox 219 565 366 633; x_wconf 80' lang='lat' dir='ltr'><strong>parat</strong></span> <span class='ocrx_word' id='word_1_11' title='bbox 415 528 714 610; x_wconf 78' lang='lat' dir='ltr'><strong>calumnias</strong></span> <span class='ocrx_word' id='word_1_12' title='bbox 754 545 820 602; x_wconf 90' lang='lat' dir='ltr'><strong>ad</strong></span> <span class='ocrx_word' id='word_1_13' title='bbox 878 542 1167 616; x_wconf 84' lang='lat' dir='ltr'><strong>judicium,</strong></span> <span class='ocrx_word' id='word_1_14' title='bbox 1201 545 1255 592; x_wconf 85' lang='lat' dir='ltr'><strong>et</strong></span> <span class='ocrx_word' id='word_1_15' title='bbox 1296 550 1404 589; x_wconf 91' lang='lat' dir='ltr'><strong>non</strong></span> <span class='ocrx_word' id='word_1_16' title='bbox 1454 528 1794 633; x_wconf 46' lang='lat' dir='ltr'><strong>potest-falsa</strong></span> 
     </span>
    </p>
   </div>
   <div class='ocr_carea' id='block_1_4' title="bbox 218 620 1795 722">
    <p class='ocr_par' dir='ltr' id='par_1_4' title="bbox 218 620 1795 722">
     <span class='ocr_line' id='line_1_4' title="bbox 218 620 1795 722; baseline -0.023 -13"><span class='ocrx_word' id='word_1_17' title='bbox 218 620 482 722; x_wconf 78' lang='lat' dir='ltr'><strong>objieere,</strong></span> <span class='ocrx_word' id='word_1_18' title='bbox 500 646 626 717; x_wconf 98' lang='lat' dir='ltr'><strong>quia</strong></span> <span class='ocrx_word' id='word_1_19' title='bbox 656 657 760 698; x_wconf 89' lang='lat' dir='ltr'><strong>non</strong></span> <span class='ocrx_word' id='word_1_20' title='bbox 781 649 863 695; x_wconf 90' lang='lat' dir='ltr'><strong>est</strong></span> <span class='ocrx_word' id='word_1_21' title='bbox 880 636 1021 708; x_wconf 91' lang='lat' dir='ltr'><strong>apud</strong></span> <span class='ocrx_word' id='word_1_22' title='bbox 1047 647 1223 705; x_wconf 87' lang='lat' dir='ltr'><strong>quem.</strong></span> <span class='ocrx_word' id='word_1_23' title='bbox 1252 630 1308 686; x_wconf 91' lang='lat' dir='ltr'><strong>Si</strong></span> <span class='ocrx_word' id='word_1_24' title='bbox 1329 628 1473 685; x_wconf 87' lang='lat' dir='ltr'><strong>enim</strong></span> <span class='ocrx_word' id='word_1_25' title='bbox 1515 622 1656 695; x_wconf 88' lang='lat' dir='ltr'><strong>apud</strong></span> <span class='ocrx_word' id='word_1_26' title='bbox 1694 620 1795 674; x_wconf 84' lang='lat' dir='ltr'><strong>lio-</strong></span> 
     </span>
    </p>
   </div>
   <div class='ocr_carea' id='block_1_5' title="bbox 222 727 1795 808">
    <p class='ocr_par' dir='ltr' id='par_1_5' title="bbox 222 727 1795 808">
     <span class='ocr_line' id='line_1_5' title="bbox 222 727 1795 808; baseline -0.022 -9"><span class='ocrx_word' id='word_1_27' title='bbox 222 745 419 798; x_wconf 84' lang='lat' dir='ltr'><strong>minem</strong></span> <span class='ocrx_word' id='word_1_28' title='bbox 454 737 686 808; x_wconf 81' lang='lat' dir='ltr'><strong>iudicem</strong></span> <span class='ocrx_word' id='word_1_29' title='bbox 716 731 991 788; x_wconf 87' lang='lat' dir='ltr'><strong>nobiseum</strong></span> <span class='ocrx_word' id='word_1_30' title='bbox 1025 732 1240 796; x_wconf 89' lang='lat' dir='ltr'><strong>ageret,</strong></span> <span class='ocrx_word' id='word_1_31' title='bbox 1278 727 1459 791; x_wconf 89' lang='lat' dir='ltr'><strong>posset</strong></span> <span class='ocrx_word' id='word_1_32' title='bbox 1482 730 1603 771; x_wconf 86' lang='lat' dir='ltr'><strong>eum</strong></span> <span class='ocrx_word' id='word_1_33' title='bbox 1643 728 1795 767; x_wconf 85' lang='lat' dir='ltr'><strong>men-</strong></span> 
     </span>
    </p>
   </div>
   <div class='ocr_carea' id='block_1_6' title="bbox 223 806 1795 893">
    <p class='ocr_par' dir='ltr' id='par_1_6' title="bbox 223 806 1795 893">
     <span class='ocr_line' id='line_1_6' title="bbox 223 806 1795 893; baseline -0.022 -2"><span class='ocrx_word' id='word_1_34' title='bbox 223 833 405 891; x_wconf 79' lang='lat' dir='ltr'><strong>tiendo</strong></span> <span class='ocrx_word' id='word_1_35' title='bbox 427 806 717 893; x_wconf 77' lang='lat' dir='ltr'><strong>fallere,et</strong></span> <span class='ocrx_word' id='word_1_36' title='bbox 741 838 839 880; x_wconf 87' lang='lat' dir='ltr'><strong>nos</strong></span> <span class='ocrx_word' id='word_1_37' title='bbox 856 834 1079 893; x_wconf 85' lang='lat' dir='ltr'><strong>gravare</strong></span> <span class='ocrx_word' id='word_1_38' title='bbox 1113 810 1573 871; x_wconf 87' lang='lat' dir='ltr'><strong>criminationibus</strong></span> <span class='ocrx_word' id='word_1_39' title='bbox 1618 806 1795 862; x_wconf 78' lang='lat' dir='ltr'><strong>falsis:</strong></span> 
     </span>
    </p>
   </div>
   <div class='ocr_carea' id='block_1_7' title="bbox 223 896 1802 999">
    <p class='ocr_par' dir='ltr' id='par_1_7' title="bbox 223 896 1802 999">
     <span class='ocr_line' id='line_1_7' title="bbox 223 896 1802 999; baseline -0.02 -16"><span class='ocrx_word' id='word_1_40' title='bbox 223 927 343 999; x_wconf 88' lang='lat' dir='ltr'><strong>quia</strong></span> <span class='ocrx_word' id='word_1_41' title='bbox 366 938 497 979; x_wconf 81' lang='lat' dir='ltr'><strong>vero</strong></span> <span class='ocrx_word' id='word_1_42' title='bbox 517 918 658 991; x_wconf 83' lang='lat' dir='ltr'><strong>apud</strong></span> <span class='ocrx_word' id='word_1_43' title='bbox 685 918 840 972; x_wconf 88' lang='lat' dir='ltr'><strong>talem</strong></span> <span class='ocrx_word' id='word_1_44' title='bbox 875 913 1108 984; x_wconf 76' lang='lat' dir='ltr'><strong>iudicem</strong></span> <span class='ocrx_word' id='word_1_45' title='bbox 1139 921 1299 963; x_wconf 87' lang='lat' dir='ltr'><strong>causa</strong></span> <span class='ocrx_word' id='word_1_46' title='bbox 1333 911 1512 960; x_wconf 87' lang='lat' dir='ltr'><strong>nostra</strong></span> <span class='ocrx_word' id='word_1_47' title='bbox 1537 914 1658 955; x_wconf 87' lang='lat' dir='ltr'><strong>cum</strong></span> <span class='ocrx_word' id='word_1_48' title='bbox 1708 896 1802 951; x_wconf 87' lang='lat' dir='ltr'><strong>illo</strong></span> 
     </span>
    </p>
   </div>
   <div class='ocr_carea' id='block_1_8' title="bbox 224 996 1800 1089">
    <p class='ocr_par' dir='ltr' id='par_1_8' title="bbox 224 996 1800 1089">
     <span class='ocr_line' id='line_1_8' title="bbox 224 996 1800 1089; baseline -0.021 -13"><span class='ocrx_word' id='word_1_49' title='bbox 224 996 337 1085; x_wconf 77' lang='lat' dir='ltr'><strong>est,</strong></span> <span class='ocrx_word' id='word_1_50' title='bbox 364 1015 589 1089; x_wconf 82' lang='lat' dir='ltr'><strong>quifalll</strong></span> <span class='ocrx_word' id='word_1_51' title='bbox 610 1027 716 1067; x_wconf 89' lang='lat' dir='ltr'><strong>non</strong></span> <span class='ocrx_word' id='word_1_52' title='bbox 740 1017 947 1081; x_wconf 83' lang='lat' dir='ltr'><strong>potest;</strong></span> <span class='ocrx_word' id='word_1_53' title='bbox 978 1007 1096 1061; x_wconf 88' lang='lat' dir='ltr'><strong>ideo</strong></span> <span class='ocrx_word' id='word_1_54' title='bbox 1132 1002 1299 1057; x_wconf 88' lang='lat' dir='ltr'><strong>ambit</strong></span> <span class='ocrx_word' id='word_1_55' title='bbox 1339 1007 1398 1052; x_wconf 89' lang='lat' dir='ltr'><strong>ut</strong></span> <span class='ocrx_word' id='word_1_56' title='bbox 1427 996 1800 1089; x_wconf 64' lang='lat' dir='ltr'><strong>adpeccatum</strong></span> 
     </span>
    </p>
   </div>
   <div class='ocr_carea' id='block_1_9' title="bbox 225 1083 1802 1175">
    <p class='ocr_par' dir='ltr' id='par_1_9' title="bbox 225 1083 1802 1175">
     <span class='ocr_line' id='line_1_9' title="bbox 225 1083 1802 1175; baseline -0.021 -7"><span class='ocrx_word' id='word_1_57' title='bbox 225 1083 463 1175; x_wconf 61' lang='lat' dir='ltr'><strong>seducet,</strong></span> <span class='ocrx_word' id='word_1_58' title='bbox 496 1114 555 1162; x_wconf 90' lang='lat' dir='ltr'><strong>ut</strong></span> <span class='ocrx_word' id='word_1_59' title='bbox 575 1104 767 1160; x_wconf 82' lang='lat' dir='ltr'><strong>habeat</strong></span> <span class='ocrx_word' id='word_1_60' title='bbox 791 1116 920 1156; x_wconf 70' lang='lat' dir='ltr'><strong>vera</strong></span> <span class='ocrx_word' id='word_1_61' title='bbox 940 1113 1059 1169; x_wconf 79' lang='lat' dir='ltr'><strong>qua:</strong></span> <span class='ocrx_word' id='word_1_62' title='bbox 1079 1094 1315 1163; x_wconf 87' lang='lat' dir='ltr'><strong>objiciat.</strong></span> <span class='ocrx_word' id='word_1_63' title='bbox 1336 1090 1407 1147; x_wconf 77' lang='lat' dir='ltr'><strong>Et</strong></span> <span class='ocrx_word' id='word_1_64' title='bbox 1428 1087 1515 1143; x_wconf 90' lang='lat' dir='ltr'><strong>ubi</strong></span> <span class='ocrx_word' id='word_1_65' title='bbox 1536 1085 1674 1140; x_wconf 76' lang='lat' dir='ltr'><strong>forte</strong></span> <span class='ocrx_word' id='word_1_66' title='bbox 1701 1083 1802 1136; x_wconf 88' lang='lat' dir='ltr'><strong>ali-</strong></span> 
     </span>
    </p>
   </div>
   <div class='ocr_carea' id='block_1_10' title="bbox 227 1176 1802 1272">
    <p class='ocr_par' dir='ltr' id='par_1_10' title="bbox 227 1176 1802 1272">
     <span class='ocr_line' id='line_1_10' title="bbox 227 1176 1802 1272; baseline -0.018 -16"><span class='ocrx_word' id='word_1_67' title='bbox 227 1200 422 1272; x_wconf 84' lang='lat' dir='ltr'><strong>quibus</strong></span> <span class='ocrx_word' id='word_1_68' title='bbox 448 1197 565 1269; x_wconf 85' lang='lat' dir='ltr'><strong>ejus</strong></span> <span class='ocrx_word' id='word_1_69' title='bbox 602 1193 878 1250; x_wconf 77' lang='lat' dir='ltr'><strong>fraudibus</strong></span> <span class='ocrx_word' id='word_1_70' title='bbox 906 1187 1206 1246; x_wconf 70' lang='lat' dir='ltr'><strong>succumbit</strong></span> <span class='ocrx_word' id='word_1_71' title='bbox 1235 1184 1465 1239; x_wconf 87' lang='lat' dir='ltr'><strong>humana</strong></span> <span class='ocrx_word' id='word_1_72' title='bbox 1508 1176 1766 1247; x_wconf 73' lang='lat' dir='ltr'><strong>fragilitas</strong></span> <span class='ocrx_word' id='word_1_73' title='bbox 1784 1215 1802 1241; x_wconf 93' lang='lat'><strong>,</strong></span> 
     </span>
    </p>
   </div>
   <div class='ocr_carea' id='block_1_11' title="bbox 228 1273 1807 1361">
    <p class='ocr_par' dir='ltr' id='par_1_11' title="bbox 228 1273 1807 1361">
     <span class='ocr_line' id='line_1_11' title="bbox 228 1273 1807 1361; baseline -0.016 -15"><span class='ocrx_word' id='word_1_74' title='bbox 228 1298 486 1361; x_wconf 82' lang='lat' dir='ltr'><strong>sequatur</strong></span> <span class='ocrx_word' id='word_1_75' title='bbox 510 1288 562 1342; x_wconf 90' lang='lat' dir='ltr'><strong>in</strong></span> <span class='ocrx_word' id='word_1_76' title='bbox 600 1284 939 1339; x_wconf 76' lang='lat' dir='ltr'><strong>confessione</strong></span> <span class='ocrx_word' id='word_1_77' title='bbox 965 1294 1099 1351; x_wconf 89' lang='lat' dir='ltr'><strong>opus</strong></span> <span class='ocrx_word' id='word_1_78' title='bbox 1127 1273 1461 1338; x_wconf 86' lang='lat' dir='ltr'><strong>humilitatis,</strong></span> <span class='ocrx_word' id='word_1_79' title='bbox 1493 1276 1807 1325; x_wconf 79' lang='lat' dir='ltr'><strong>exerceatur</strong></span> 
     </span>
    </p>
   </div>
   <div class='ocr_carea' id='block_1_12' title="bbox 225 1359 1803 1450">
    <p class='ocr_par' dir='ltr' id='par_1_12' title="bbox 225 1359 1803 1450">
     <span class='ocr_line' id='line_1_12' title="bbox 225 1359 1803 1450; baseline -0.016 -15"><span class='ocrx_word' id='word_1_80' title='bbox 225 1380 278 1435; x_wconf 90' lang='lat' dir='ltr'><strong>in</strong></span> <span class='ocrx_word' id='word_1_81' title='bbox 303 1359 557 1450; x_wconf 82' lang='lat' dir='ltr'><strong>operibus</strong></span> <span class='ocrx_word' id='word_1_82' title='bbox 585 1372 964 1430; x_wconf 77' lang='lat' dir='ltr'><strong>misericordia:</strong></span> <span class='ocrx_word' id='word_1_83' title='bbox 983 1379 1039 1427; x_wconf 88' lang='lat' dir='ltr'><strong>et</strong></span> <span class='ocrx_word' id='word_1_84' title='bbox 1054 1367 1308 1439; x_wconf 69' lang='lat' dir='ltr'><strong>pietatis‘.</strong></span> <span class='ocrx_word' id='word_1_85' title='bbox 1329 1363 1518 1420; x_wconf 87' lang='lat' dir='ltr'><strong>Omnia</strong></span> <span class='ocrx_word' id='word_1_86' title='bbox 1538 1359 1803 1424; x_wconf 83' lang='lat' dir='ltr'><strong>delentur,</strong></span> 
     </span>
    </p>
   </div>
   <div class='ocr_carea' id='block_1_13' title="bbox 225 1450 1807 1534">
    <p class='ocr_par' dir='ltr' id='par_1_13' title="bbox 225 1450 1807 1534">
     <span class='ocr_line' id='line_1_13' title="bbox 225 1450 1807 1534; baseline -0.015 -7"><span class='ocrx_word' id='word_1_87' title='bbox 225 1461 351 1526; x_wconf 71' lang='lat' dir='ltr'><strong>cum</strong></span> <span class='ocrx_word' id='word_1_88' title='bbox 379 1485 446 1525; x_wconf 79' lang='lat' dir='ltr'><strong>ex</strong></span> <span class='ocrx_word' id='word_1_89' title='bbox 474 1482 603 1523; x_wconf 90' lang='lat' dir='ltr'><strong>vero</strong></span> <span class='ocrx_word' id='word_1_90' title='bbox 623 1465 786 1522; x_wconf 90' lang='lat' dir='ltr'><strong>corde</strong></span> <span class='ocrx_word' id='word_1_91' title='bbox 813 1472 871 1520; x_wconf 91' lang='lat' dir='ltr'><strong>et</strong></span> <span class='ocrx_word' id='word_1_92' title='bbox 917 1463 1072 1534; x_wconf 87' lang='lat' dir='ltr'><strong>plena</strong></span> <span class='ocrx_word' id='word_1_93' title='bbox 1110 1458 1303 1515; x_wconf 85' lang='lat' dir='ltr'><strong>llducia</strong></span> <span class='ocrx_word' id='word_1_94' title='bbox 1321 1456 1547 1512; x_wconf 87' lang='lat' dir='ltr'><strong>dicimus</strong></span> <span class='ocrx_word' id='word_1_95' title='bbox 1595 1452 1672 1507; x_wconf 87' lang='lat' dir='ltr'><strong>illi</strong></span> <span class='ocrx_word' id='word_1_96' title='bbox 1717 1450 1807 1521; x_wconf 91' lang='lat' dir='ltr'><strong>qui</strong></span> 
     </span>
    </p>
   </div>
   <div class='ocr_carea' id='block_1_14' title="bbox 224 1542 1804 1626">
    <p class='ocr_par' dir='ltr' id='par_1_14' title="bbox 224 1542 1804 1626">
     <span class='ocr_line' id='line_1_14' title="bbox 224 1542 1804 1626; baseline -0.016 -5"><span class='ocrx_word' id='word_1_97' title='bbox 224 1564 413 1620; x_wconf 90' lang='lat' dir='ltr'><strong>videt:</strong></span> <span class='ocrx_word' id='word_1_98' title='bbox 436 1562 647 1616; x_wconf 78' lang='lat' dir='ltr'><strong>Dimitte</strong></span> <span class='ocrx_word' id='word_1_99' title='bbox 695 1558 856 1622; x_wconf 88' lang='lat' dir='ltr'><strong>nobis,</strong></span> <span class='ocrx_word' id='word_1_100' title='bbox 879 1558 1009 1611; x_wconf 85' lang='lat' dir='ltr'><strong>sicut</strong></span> <span class='ocrx_word' id='word_1_101' title='bbox 1036 1564 1097 1626; x_wconf 55' lang='grc' dir='ltr'><strong>,ει</strong></span> <span class='ocrx_word' id='word_1_102' title='bbox 1140 1568 1231 1607; x_wconf 82' lang='lat' dir='ltr'><strong>nos</strong></span> <span class='ocrx_word' id='word_1_103' title='bbox 1265 1549 1563 1604; x_wconf 78' lang='lat' dir='ltr'><strong>dimittimus</strong></span> <span class='ocrx_word' id='word_1_104' title='bbox 1592 1542 1804 1618; x_wconf 77' lang='lat' dir='ltr'><strong>(Matth.</strong></span> 
     </span>
    </p>
   </div>
   <div class='ocr_carea' id='block_1_15' title="bbox 223 1638 1797 1724">
    <p class='ocr_par' dir='ltr' id='par_1_15' title="bbox 223 1638 1797 1724">
     <span class='ocr_line' id='line_1_15' title="bbox 223 1638 1797 1724; baseline -0.015 -14"><span class='ocrx_word' id='word_1_105' title='bbox 223 1671 300 1719; x_wconf 76' lang='lat' dir='ltr'><strong>vr,</strong></span> <span class='ocrx_word' id='word_1_106' title='bbox 333 1653 447 1724; x_wconf 71' lang='grc'>12).</span> <span class='ocrx_word' id='word_1_107' title='bbox 474 1653 569 1706; x_wconf 87' lang='lat' dir='ltr'><strong>Dic</strong></span> <span class='ocrx_word' id='word_1_108' title='bbox 595 1659 708 1706; x_wconf 91' lang='lat' dir='ltr'><strong>toto</strong></span> <span class='ocrx_word' id='word_1_109' title='bbox 729 1648 912 1713; x_wconf 86' lang='lat' dir='ltr'><strong>corde,</strong></span> <span class='ocrx_word' id='word_1_110' title='bbox 943 1646 1029 1700; x_wconf 88' lang='lat' dir='ltr'><strong>die</strong></span> <span class='ocrx_word' id='word_1_111' title='bbox 1057 1652 1165 1699; x_wconf 89' lang='lat' dir='ltr'><strong>tota</strong></span> <span class='ocrx_word' id='word_1_112' title='bbox 1196 1640 1410 1705; x_wconf 75' lang='lat' dir='ltr'><strong>fiducia,</strong></span> <span class='ocrx_word' id='word_1_113' title='bbox 1442 1638 1529 1691; x_wconf 92' lang='lat' dir='ltr'><strong>die</strong></span> <span class='ocrx_word' id='word_1_114' title='bbox 1556 1649 1797 1698; x_wconf 88' lang='lat' dir='ltr'><strong>securus,</strong></span> 
     </span>
    </p>
   </div>
   <div class='ocr_carea' id='block_1_16' title="bbox 225 1724 1810 1808">
    <p class='ocr_par' dir='ltr' id='par_1_16' title="bbox 225 1724 1810 1808">
     <span class='ocr_line' id='line_1_16' title="bbox 225 1724 1810 1808; baseline -0.016 -6"><span class='ocrx_word' id='word_1_115' title='bbox 225 1746 447 1803; x_wconf 81' lang='lat' dir='ltr'><strong>Dimitte</strong></span> <span class='ocrx_word' id='word_1_116' title='bbox 482 1743 645 1808; x_wconf 86' lang='lat' dir='ltr'><strong>nobis,</strong></span> <span class='ocrx_word' id='word_1_117' title='bbox 669 1743 798 1796; x_wconf 85' lang='lat' dir='ltr'><strong>sicut</strong></span> <span class='ocrx_word' id='word_1_118' title='bbox 817 1747 862 1793; x_wconf 88' lang='lat' dir='ltr'><strong>et</strong></span> <span class='ocrx_word' id='word_1_119' title='bbox 899 1753 993 1791; x_wconf 85' lang='lat' dir='ltr'><strong>nos</strong></span> <span class='ocrx_word' id='word_1_120' title='bbox 1036 1733 1362 1795; x_wconf 78' lang='lat' dir='ltr'><strong>dimittimus;</strong></span> <span class='ocrx_word' id='word_1_121' title='bbox 1388 1738 1478 1782; x_wconf 88' lang='lat' dir='ltr'><strong>ant</strong></span> <span class='ocrx_word' id='word_1_122' title='bbox 1499 1724 1810 1781; x_wconf 82' lang='lat' dir='ltr'><strong>unlidimit-</strong></span> 
     </span>
    </p>
   </div>
   <div class='ocr_carea' id='block_1_17' title="bbox 226 1815 1810 1902">
    <p class='ocr_par' dir='ltr' id='par_1_17' title="bbox 226 1815 1810 1902">
     <span class='ocr_line' id='line_1_17' title="bbox 226 1815 1810 1902; baseline -0.014 -11"><span class='ocrx_word' id='word_1_123' title='bbox 226 1847 364 1902; x_wconf 87' lang='lat' dir='ltr'><strong>tere,</strong></span> <span class='ocrx_word' id='word_1_124' title='bbox 401 1836 579 1889; x_wconf 83' lang='lat' dir='ltr'><strong>sinon</strong></span> <span class='ocrx_word' id='word_1_125' title='bbox 623 1830 957 1887; x_wconf 86' lang='lat' dir='ltr'><strong>dimittimus.</strong></span> <span class='ocrx_word' id='word_1_126' title='bbox 988 1825 1140 1894; x_wconf 82' lang='lat' dir='ltr'><strong>Quod</strong></span> <span class='ocrx_word' id='word_1_127' title='bbox 1160 1822 1261 1880; x_wconf 88' lang='lat' dir='ltr'><strong>etsi</strong></span> <span class='ocrx_word' id='word_1_128' title='bbox 1300 1835 1405 1876; x_wconf 90' lang='lat' dir='ltr'><strong>non</strong></span> <span class='ocrx_word' id='word_1_129' title='bbox 1445 1818 1661 1882; x_wconf 79' lang='lat' dir='ltr'><strong>dixeris,</strong></span> <span class='ocrx_word' id='word_1_130' title='bbox 1689 1815 1810 1870; x_wconf 84' lang='lat' dir='ltr'><strong>Noli</strong></span> 
     </span>
    </p>
   </div>
   <div class='ocr_carea' id='block_1_18' title="bbox 227 1909 1806 1993">
    <p class='ocr_par' dir='ltr' id='par_1_18' title="bbox 227 1909 1806 1993">
     <span class='ocr_line' id='line_1_18' title="bbox 227 1909 1806 1993; baseline -0.013 -10"><span class='ocrx_word' id='word_1_131' title='bbox 227 1928 521 1993; x_wconf 89' lang='lat' dir='ltr'><strong>dimittere,</strong></span> <span class='ocrx_word' id='word_1_132' title='bbox 547 1925 593 1979; x_wconf 87' lang='lat' dir='ltr'><strong>si</strong></span> <span class='ocrx_word' id='word_1_133' title='bbox 625 1938 730 1978; x_wconf 90' lang='lat' dir='ltr'><strong>non</strong></span> <span class='ocrx_word' id='word_1_134' title='bbox 755 1920 1110 1984; x_wconf 84' lang='lat' dir='ltr'><strong>dimittimus;</strong></span> <span class='ocrx_word' id='word_1_135' title='bbox 1142 1930 1361 1987; x_wconf 88' lang='lat' dir='ltr'><strong>prorsus</strong></span> <span class='ocrx_word' id='word_1_136' title='bbox 1404 1927 1513 1967; x_wconf 89' lang='lat' dir='ltr'><strong>non</strong></span> <span class='ocrx_word' id='word_1_137' title='bbox 1565 1909 1806 1975; x_wconf 90' lang='lat' dir='ltr'><strong>dimittit,</strong></span> 
     </span>
    </p>
   </div>
   <div class='ocr_carea' id='block_1_19' title="bbox 227 2000 1811 2081">
    <p class='ocr_par' dir='ltr' id='par_1_19' title="bbox 227 2000 1811 2081">
     <span class='ocr_line' id='line_1_19' title="bbox 227 2000 1811 2081; baseline -0.014 -7"><span class='ocrx_word' id='word_1_138' title='bbox 227 2020 272 2074; x_wconf 91' lang='lat' dir='ltr'><strong>si</strong></span> <span class='ocrx_word' id='word_1_139' title='bbox 297 2034 406 2074; x_wconf 90' lang='lat' dir='ltr'><strong>non</strong></span> <span class='ocrx_word' id='word_1_140' title='bbox 448 2016 784 2071; x_wconf 89' lang='lat' dir='ltr'><strong>dimittimus.</strong></span> <span class='ocrx_word' id='word_1_141' title='bbox 812 2013 995 2081; x_wconf 87' lang='lat' dir='ltr'><strong>Neque</strong></span> <span class='ocrx_word' id='word_1_142' title='bbox 1020 2010 1165 2065; x_wconf 89' lang='lat' dir='ltr'><strong>enim</strong></span> <span class='ocrx_word' id='word_1_143' title='bbox 1213 2015 1271 2062; x_wconf 92' lang='lat' dir='ltr'><strong>ut</strong></span> <span class='ocrx_word' id='word_1_144' title='bbox 1314 2015 1368 2061; x_wconf 91' lang='lat' dir='ltr'><strong>tu</strong></span> <span class='ocrx_word' id='word_1_145' title='bbox 1409 2004 1485 2060; x_wconf 86' lang='lat' dir='ltr'><strong>sis</strong></span> <span class='ocrx_word' id='word_1_146' title='bbox 1522 2000 1811 2071; x_wconf 87' lang='lat' dir='ltr'><strong>impunitus</strong></span> 
     </span>
    </p>
   </div>
   <div class='ocr_carea' id='block_1_20' title="bbox 227 2094 1813 2181">
    <p class='ocr_par' dir='ltr' id='par_1_20' title="bbox 227 2094 1813 2181">
     <span class='ocr_line' id='line_1_20' title="bbox 227 2094 1813 2181; baseline -0.014 -14"><span class='ocrx_word' id='word_1_147' title='bbox 227 2118 502 2181; x_wconf 87' lang='lat' dir='ltr'><strong>peccator,</strong></span> <span class='ocrx_word' id='word_1_148' title='bbox 526 2104 737 2163; x_wconf 71' lang='lat' dir='ltr'><strong>erit&#39;ille</strong></span> <span class='ocrx_word' id='word_1_149' title='bbox 754 2104 979 2159; x_wconf 81' lang='lat' dir='ltr'><strong>mendax</strong></span> <span class='ocrx_word' id='word_1_150' title='bbox 1011 2100 1325 2172; x_wconf 88' lang='lat' dir='ltr'><strong>promissor.</strong></span> <span class='ocrx_word' id='word_1_151' title='bbox 1351 2097 1443 2152; x_wconf 90' lang='lat' dir='ltr'><strong>Vis</strong></span> <span class='ocrx_word' id='word_1_152' title='bbox 1462 2136 1477 2161; x_wconf 95' lang='lat'><strong>,</strong></span> <span class='ocrx_word' id='word_1_153' title='bbox 1510 2094 1707 2165; x_wconf 89' lang='lat' dir='ltr'><strong>inquit,</strong></span> <span class='ocrx_word' id='word_1_154' title='bbox 1755 2101 1813 2145; x_wconf 91' lang='lat' dir='ltr'><strong>ut</strong></span> 
     </span>
    </p>
   </div>
   <div class='ocr_carea' id='block_1_21' title="bbox 229 2185 1806 2261">
    <p class='ocr_par' dir='ltr' id='par_1_21' title="bbox 229 2185 1806 2261">
     <span class='ocr_line' id='line_1_21' title="bbox 229 2185 1806 2261; baseline -0.012 -5"><span class='ocrx_word' id='word_1_155' title='bbox 229 2199 537 2256; x_wconf 84' lang='lat' dir='ltr'><strong>dimittam?</strong></span> <span class='ocrx_word' id='word_1_156' title='bbox 568 2197 804 2253; x_wconf 86' lang='lat' dir='ltr'><strong>Dimitte.</strong></span> <span class='ocrx_word' id='word_1_157' title='bbox 855 2195 951 2249; x_wconf 83' lang='lat' dir='ltr'><strong>Est</strong></span> <span class='ocrx_word' id='word_1_158' title='bbox 1001 2192 1144 2247; x_wconf 85' lang='lat' dir='ltr'><strong>aliud</strong></span> <span class='ocrx_word' id='word_1_159' title='bbox 1201 2205 1335 2261; x_wconf 86' lang='lat' dir='ltr'><strong>opus</strong></span> <span class='ocrx_word' id='word_1_160' title='bbox 1379 2185 1806 2242; x_wconf 67' lang='lat' dir='ltr'><strong>misericordiae:</strong></span> 
     </span>
    </p>
   </div>
   <div class='ocr_carea' id='block_1_22' title="bbox 230 2277 1809 2360">
    <p class='ocr_par' dir='ltr' id='par_1_22' title="bbox 230 2277 1809 2360">
     <span class='ocr_line' id='line_1_22' title="bbox 230 2277 1809 2360; baseline -0.011 -13"><span class='ocrx_word' id='word_1_161' title='bbox 230 2292 329 2347; x_wconf 86' lang='lat' dir='ltr'><strong>Vis</strong></span> <span class='ocrx_word' id='word_1_162' title='bbox 352 2300 409 2344; x_wconf 88' lang='lat' dir='ltr'><strong>ut</strong></span> <span class='ocrx_word' id='word_1_163' title='bbox 449 2290 572 2346; x_wconf 90' lang='lat' dir='ltr'><strong>dem</strong></span> <span class='ocrx_word' id='word_1_164' title='bbox 592 2290 617 2341; x_wconf 81' lang='lat' dir='ltr'><strong>‘t</strong></span> <span class='ocrx_word' id='word_1_165' title='bbox 638 2289 734 2342; x_wconf 91' lang='lat' dir='ltr'><strong>Da.</strong></span> <span class='ocrx_word' id='word_1_166' title='bbox 766 2287 886 2360; x_wconf 75' lang='lat' dir='ltr'><strong>lino</strong></span> <span class='ocrx_word' id='word_1_167' title='bbox 912 2285 1026 2339; x_wconf 91' lang='lat' dir='ltr'><strong>loco</strong></span> <span class='ocrx_word' id='word_1_168' title='bbox 1056 2282 1282 2352; x_wconf 89' lang='lat' dir='ltr'><strong>positum</strong></span> <span class='ocrx_word' id='word_1_169' title='bbox 1304 2288 1386 2335; x_wconf 89' lang='lat' dir='ltr'><strong>est</strong></span> <span class='ocrx_word' id='word_1_170' title='bbox 1416 2280 1467 2333; x_wconf 91' lang='lat' dir='ltr'><strong>in</strong></span> <span class='ocrx_word' id='word_1_171' title='bbox 1486 2277 1775 2347; x_wconf 87' lang='lat' dir='ltr'><strong>Evangelio</strong></span> <span class='ocrx_word' id='word_1_172' title='bbox 1794 2316 1809 2342; x_wconf 90' lang='lat'><strong>,</strong></span> 
     </span>
    </p>
   </div>
   <div class='ocr_carea' id='block_1_23' title="bbox 232 2364 1810 2446">
    <p class='ocr_par' dir='ltr' id='par_1_23' title="bbox 232 2364 1810 2446">
     <span class='ocr_line' id='line_1_23' title="bbox 232 2364 1810 2446; baseline -0.012 -9"><span class='ocrx_word' id='word_1_173' title='bbox 232 2382 508 2446; x_wconf 88' lang='lat' dir='ltr'><strong>Dimittite,</strong></span> <span class='ocrx_word' id='word_1_174' title='bbox 531 2388 576 2433; x_wconf 86' lang='lat' dir='ltr'><strong>et</strong></span> <span class='ocrx_word' id='word_1_175' title='bbox 593 2378 870 2432; x_wconf 71' lang='lat' dir='ltr'><strong>dimittetur</strong></span> <span class='ocrx_word' id='word_1_176' title='bbox 888 2375 1054 2437; x_wconf 89' lang='lat' dir='ltr'><strong>vobis;</strong></span> <span class='ocrx_word' id='word_1_177' title='bbox 1075 2374 1210 2439; x_wconf 88' lang='lat' dir='ltr'><strong>date,</strong></span> <span class='ocrx_word' id='word_1_178' title='bbox 1228 2380 1275 2425; x_wconf 84' lang='lat' dir='ltr'><strong>ct</strong></span> <span class='ocrx_word' id='word_1_179' title='bbox 1289 2368 1489 2424; x_wconf 87' lang='lat' dir='ltr'><strong>dabitur</strong></span> <span class='ocrx_word' id='word_1_180' title='bbox 1502 2368 1637 2422; x_wconf 80' lang='lat' dir='ltr'><strong>vobis</strong></span> <span class='ocrx_word' id='word_1_181' title='bbox 1662 2364 1810 2439; x_wconf 84' lang='lat' dir='ltr'><strong>(Luc.</strong></span> 
     </span>
    </p>
   </div>
   <div class='ocr_carea' id='block_1_24' title="bbox 234 2456 1815 2542">
    <p class='ocr_par' dir='ltr' id='par_1_24' title="bbox 234 2456 1815 2542">
     <span class='ocr_line' id='line_1_24' title="bbox 234 2456 1815 2542; baseline -0.01 -16"><span class='ocrx_word' id='word_1_182' title='bbox 234 2490 314 2538; x_wconf 88' lang='lat' dir='ltr'><strong>vt,</strong></span> <span class='ocrx_word' id='word_1_183' title='bbox 344 2474 431 2538; x_wconf 76' lang='lat'><strong>&#39;57,</strong></span> <span class='ocrx_word' id='word_1_184' title='bbox 458 2471 578 2542; x_wconf 67' lang='lat'><strong>38).</strong></span> <span class='ocrx_word' id='word_1_185' title='bbox 611 2468 844 2538; x_wconf 86' lang='lat' dir='ltr'><strong>Aliquid,</strong></span> <span class='ocrx_word' id='word_1_186' title='bbox 869 2466 1058 2535; x_wconf 89' lang='lat' dir='ltr'><strong>inquit,</strong></span> <span class='ocrx_word' id='word_1_187' title='bbox 1082 2471 1266 2518; x_wconf 89' lang='lat' dir='ltr'><strong>contra</strong></span> <span class='ocrx_word' id='word_1_188' title='bbox 1294 2470 1350 2517; x_wconf 87' lang='lat' dir='ltr'><strong>te</strong></span> <span class='ocrx_word' id='word_1_189' title='bbox 1395 2470 1571 2524; x_wconf 89' lang='lat' dir='ltr'><strong>teneo,</strong></span> <span class='ocrx_word' id='word_1_190' title='bbox 1613 2456 1815 2526; x_wconf 88' lang='lat' dir='ltr'><strong>aliquid</strong></span> 
     </span>
    </p>
   </div>
   <div class='ocr_carea' id='block_1_25' title="bbox 232 2543 1814 2621">
    <p class='ocr_par' dir='ltr' id='par_1_25' title="bbox 232 2543 1814 2621">
     <span class='ocr_line' id='line_1_25' title="bbox 232 2543 1814 2621; baseline -0.011 -3"><span class='ocrx_word' id='word_1_191' title='bbox 232 2572 293 2618; x_wconf 90' lang='lat' dir='ltr'><strong>et</strong></span> <span class='ocrx_word' id='word_1_192' title='bbox 315 2573 369 2618; x_wconf 92' lang='lat' dir='ltr'><strong>tu</strong></span> <span class='ocrx_word' id='word_1_193' title='bbox 395 2570 581 2617; x_wconf 89' lang='lat' dir='ltr'><strong>contra</strong></span> <span class='ocrx_word' id='word_1_194' title='bbox 627 2561 851 2615; x_wconf 89' lang='lat' dir='ltr'><strong>alterum</strong></span> <span class='ocrx_word' id='word_1_195' title='bbox 897 2565 1067 2621; x_wconf 87' lang='lat' dir='ltr'><strong>tenes;</strong></span> <span class='ocrx_word' id='word_1_196' title='bbox 1093 2554 1323 2617; x_wconf 87' lang='lat' dir='ltr'><strong>dimitte,</strong></span> <span class='ocrx_word' id='word_1_197' title='bbox 1352 2560 1409 2607; x_wconf 87' lang='lat' dir='ltr'><strong>et</strong></span> <span class='ocrx_word' id='word_1_198' title='bbox 1452 2543 1814 2606; x_wconf 77' lang='lat' dir='ltr'><strong>dimitto.Ali-</strong></span> 
     </span>
    </p>
   </div>
   <div class='ocr_carea' id='block_1_26' title="bbox 232 2627 1812 2722">
    <p class='ocr_par' dir='ltr' id='par_1_26' title="bbox 232 2627 1812 2722">
     <span class='ocr_line' id='line_1_26' title="bbox 232 2627 1812 2722; baseline -0.008 -16"><span class='ocrx_word' id='word_1_199' title='bbox 232 2652 370 2722; x_wconf 88' lang='lat' dir='ltr'><strong>quid</strong></span> <span class='ocrx_word' id='word_1_200' title='bbox 391 2654 529 2721; x_wconf 87' lang='lat' dir='ltr'><strong>petis</strong></span> <span class='ocrx_word' id='word_1_201' title='bbox 566 2665 596 2704; x_wconf 86' lang='lat' dir='ltr'><strong>a</strong></span> <span class='ocrx_word' id='word_1_202' title='bbox 618 2666 724 2713; x_wconf 91' lang='lat' dir='ltr'><strong>me,</strong></span> <span class='ocrx_word' id='word_1_203' title='bbox 757 2648 953 2719; x_wconf 88' lang='lat' dir='ltr'><strong>aliquid</strong></span> <span class='ocrx_word' id='word_1_204' title='bbox 975 2647 1106 2717; x_wconf 85' lang='lat' dir='ltr'><strong>petit</strong></span> <span class='ocrx_word' id='word_1_205' title='bbox 1148 2645 1283 2700; x_wconf 87' lang='lat' dir='ltr'><strong>alter</strong></span> <span class='ocrx_word' id='word_1_206' title='bbox 1327 2658 1358 2698; x_wconf 89' lang='lat' dir='ltr'><strong>a</strong></span> <span class='ocrx_word' id='word_1_207' title='bbox 1389 2652 1474 2709; x_wconf 88' lang='lat' dir='ltr'><strong>te;</strong></span> <span class='ocrx_word' id='word_1_208' title='bbox 1508 2642 1599 2706; x_wconf 89' lang='lat' dir='ltr'><strong>da,</strong></span> <span class='ocrx_word' id='word_1_209' title='bbox 1625 2650 1681 2696; x_wconf 91' lang='lat' dir='ltr'><strong>et</strong></span> <span class='ocrx_word' id='word_1_210' title='bbox 1722 2627 1812 2695; x_wconf 81' lang='lat' dir='ltr'><strong>do.</strong></span> 
     </span>
    </p>
   </div>
   <div class='ocr_carea' id='block_1_27' title="bbox 232 2729 1883 2821">
    <p class='ocr_par' dir='ltr' id='par_1_27' title="bbox 232 2729 1883 2821">
     <span class='ocr_line' id='line_1_27' title="bbox 232 2729 1883 2821; baseline -0.007 -25"><span class='ocrx_word' id='word_1_211' title='bbox 232 2743 310 2796; x_wconf 89' lang='lat' dir='ltr'><strong>Et</strong></span> <span class='ocrx_word' id='word_1_212' title='bbox 338 2757 459 2811; x_wconf 76' lang='lat' dir='ltr'><strong>qua:</strong></span> <span class='ocrx_word' id='word_1_213' title='bbox 484 2741 744 2797; x_wconf 88' lang='lat' dir='ltr'><strong>dimittit?</strong></span> <span class='ocrx_word' id='word_1_214' title='bbox 779 2755 898 2811; x_wconf 80' lang='lat' dir='ltr'><strong>qua:</strong></span> <span class='ocrx_word' id='word_1_215' title='bbox 917 2739 1007 2794; x_wconf 88' lang='lat' dir='ltr'><strong>dat</strong></span> <span class='ocrx_word' id='word_1_216' title='bbox 1026 2739 1050 2791; x_wconf 70' lang='grc' dir='ltr'><strong><em>Ἰ</em></strong></span> <span class='ocrx_word' id='word_1_217' title='bbox 1068 2737 1256 2821; x_wconf 78' lang='lat' dir='ltr'><strong>Nonne</strong></span> <span class='ocrx_word' id='word_1_218' title='bbox 1281 2734 1556 2790; x_wconf 82' lang='lat' dir='ltr'><strong>cliaritas‘t</strong></span> <span class='ocrx_word' id='word_1_219' title='bbox 1583 2732 1651 2787; x_wconf 86' lang='lat' dir='ltr'><strong>Et</strong></span> <span class='ocrx_word' id='word_1_220' title='bbox 1674 2729 1818 2786; x_wconf 90' lang='lat' dir='ltr'><strong>unde</strong></span> <span class='ocrx_word' id='word_1_221' title='bbox 1880 2731 1883 2734; x_wconf 53' lang='grc'><em>⁴</em></span> 
     </span>
    </p>
   </div>
   <div class='ocr_carea' id='block_1_28' title="bbox 230 2825 1819 2903">
    <p class='ocr_par' dir='ltr' id='par_1_28' title="bbox 230 2825 1819 2903">
     <span class='ocr_line' id='line_1_28' title="bbox 230 2825 1819 2903; baseline -0.008 -15"><span class='ocrx_word' id='word_1_222' title='bbox 230 2835 472 2889; x_wconf 88' lang='lat' dir='ltr'><strong>charitas</strong></span> <span class='ocrx_word' id='word_1_223' title='bbox 512 2834 612 2888; x_wconf 83' lang='lat' dir='ltr'><strong>nisi</strong></span> <span class='ocrx_word' id='word_1_224' title='bbox 664 2848 758 2903; x_wconf 89' lang='lat' dir='ltr'><strong>per</strong></span> <span class='ocrx_word' id='word_1_225' title='bbox 806 2832 1063 2901; x_wconf 86' lang='lat' dir='ltr'><strong>Spiritum</strong></span> <span class='ocrx_word' id='word_1_226' title='bbox 1110 2837 1353 2884; x_wconf 88' lang='lat' dir='ltr'><strong>sanctum</strong></span> <span class='ocrx_word' id='word_1_227' title='bbox 1395 2827 1489 2897; x_wconf 85' lang='lat' dir='ltr'><strong>qui</strong></span> <span class='ocrx_word' id='word_1_228' title='bbox 1529 2825 1687 2880; x_wconf 89' lang='lat' dir='ltr'><strong>datus</strong></span> <span class='ocrx_word' id='word_1_229' title='bbox 1734 2830 1819 2878; x_wconf 91' lang='lat' dir='ltr'><strong>est</strong></span> 
     </span>
    </p>
   </div>
   <div class='ocr_carea' id='block_1_29' title="bbox 233 2919 1819 2995">
    <p class='ocr_par' dir='ltr' id='par_1_29' title="bbox 233 2919 1819 2995">
     <span class='ocr_line' id='line_1_29' title="bbox 233 2919 1819 2995; baseline -0.007 -15"><span class='ocrx_word' id='word_1_230' title='bbox 233 2926 396 2981; x_wconf 87' lang='lat' dir='ltr'><strong>nobis</strong></span> <span class='ocrx_word' id='word_1_231' title='bbox 436 2926 615 2995; x_wconf 82' lang='lat' dir='ltr'><strong>(Rom.</strong></span> <span class='ocrx_word' id='word_1_232' title='bbox 642 2940 696 2991; x_wconf 87' lang='lat' dir='ltr'><strong>v,</strong></span> <span class='ocrx_word' id='word_1_233' title='bbox 725 2925 833 2994; x_wconf 84' lang='lat'><strong>5)?</strong></span> <span class='ocrx_word' id='word_1_234' title='bbox 877 2924 932 2980; x_wconf 87' lang='lat' dir='ltr'><strong>Si</strong></span> <span class='ocrx_word' id='word_1_235' title='bbox 982 2938 1110 2994; x_wconf 86' lang='lat' dir='ltr'><strong>ergo</strong></span> <span class='ocrx_word' id='word_1_236' title='bbox 1163 2937 1259 2992; x_wconf 90' lang='lat' dir='ltr'><strong>per</strong></span> <span class='ocrx_word' id='word_1_237' title='bbox 1302 2935 1464 2991; x_wconf 88' lang='lat' dir='ltr'><strong>opera</strong></span> <span class='ocrx_word' id='word_1_238' title='bbox 1510 2919 1819 2973; x_wconf 61' lang='lat' dir='ltr'><strong>misericoro</strong></span> 
     </span>
    </p>
   </div>
   <div class='ocr_carea' id='block_1_30' title="bbox 234 3009 1820 3085">
    <p class='ocr_par' dir='ltr' id='par_1_30' title="bbox 234 3009 1820 3085">
     <span class='ocr_line' id='line_1_30' title="bbox 234 3009 1820 3085; baseline -0.006 -11"><span class='ocrx_word' id='word_1_239' title='bbox 234 3018 345 3074; x_wconf 74' lang='lat' dir='ltr'><strong>dia:</strong></span> <span class='ocrx_word' id='word_1_240' title='bbox 375 3026 557 3074; x_wconf 89' lang='lat' dir='ltr'><strong>uoster</strong></span> <span class='ocrx_word' id='word_1_241' title='bbox 589 3018 819 3073; x_wconf 87' lang='lat' dir='ltr'><strong>vincitur</strong></span> <span class='ocrx_word' id='word_1_242' title='bbox 843 3017 1117 3081; x_wconf 89' lang='lat' dir='ltr'><strong>inimicus,</strong></span> <span class='ocrx_word' id='word_1_243' title='bbox 1147 3025 1200 3071; x_wconf 90' lang='lat' dir='ltr'><strong>et</strong></span> <span class='ocrx_word' id='word_1_244' title='bbox 1239 3029 1399 3085; x_wconf 88' lang='lat' dir='ltr'><strong>opera</strong></span> <span class='ocrx_word' id='word_1_245' title='bbox 1437 3009 1820 3068; x_wconf 74' lang='lat' dir='ltr'><strong>misericordia:</strong></span> 
     </span>
    </p>
   </div>
   <div class='ocr_carea' id='block_1_31' title="bbox 237 3102 1818 3178">
    <p class='ocr_par' dir='ltr' id='par_1_31' title="bbox 237 3102 1818 3178">
     <span class='ocr_line' id='line_1_31' title="bbox 237 3102 1818 3178; baseline -0.007 -14"><span class='ocrx_word' id='word_1_246' title='bbox 237 3109 446 3165; x_wconf 87' lang='lat' dir='ltr'><strong>habere</strong></span> <span class='ocrx_word' id='word_1_247' title='bbox 470 3123 578 3164; x_wconf 90' lang='lat' dir='ltr'><strong>non</strong></span> <span class='ocrx_word' id='word_1_248' title='bbox 616 3123 930 3178; x_wconf 87' lang='lat' dir='ltr'><strong>possemus,</strong></span> <span class='ocrx_word' id='word_1_249' title='bbox 962 3107 1061 3162; x_wconf 87' lang='lat' dir='ltr'><strong>nisi</strong></span> <span class='ocrx_word' id='word_1_250' title='bbox 1102 3106 1415 3160; x_wconf 88' lang='lat' dir='ltr'><strong>charitatem</strong></span> <span class='ocrx_word' id='word_1_251' title='bbox 1463 3102 1818 3167; x_wconf 81' lang='lat' dir='ltr'><strong>haberemus;</strong></span> 
     </span>
    </p>
   </div>
   <div class='ocr_carea' id='block_1_32' title="bbox 234 3191 1820 3262">
    <p class='ocr_par' dir='ltr' id='par_1_32' title="bbox 234 3191 1820 3262">
     <span class='ocr_line' id='line_1_32' title="bbox 234 3191 1820 3262; baseline -0.007 -7"><span class='ocrx_word' id='word_1_252' title='bbox 234 3201 476 3255; x_wconf 87' lang='lat' dir='ltr'><strong>charitas</strong></span> <span class='ocrx_word' id='word_1_253' title='bbox 497 3208 673 3255; x_wconf 90' lang='lat' dir='ltr'><strong>autem</strong></span> <span class='ocrx_word' id='word_1_254' title='bbox 721 3199 876 3255; x_wconf 90' lang='lat' dir='ltr'><strong>nobis</strong></span> <span class='ocrx_word' id='word_1_255' title='bbox 918 3197 1060 3251; x_wconf 90' lang='lat' dir='ltr'><strong>nulla</strong></span> <span class='ocrx_word' id='word_1_256' title='bbox 1090 3205 1264 3261; x_wconf 87' lang='lat' dir='ltr'><strong>esset,</strong></span> <span class='ocrx_word' id='word_1_257' title='bbox 1290 3193 1394 3248; x_wconf 89' lang='lat' dir='ltr'><strong>nisi</strong></span> <span class='ocrx_word' id='word_1_258' title='bbox 1441 3208 1536 3262; x_wconf 88' lang='lat' dir='ltr'><strong>per</strong></span> <span class='ocrx_word' id='word_1_259' title='bbox 1563 3191 1820 3261; x_wconf 86' lang='lat' dir='ltr'><strong>Spiritum</strong></span> 
     </span>
    </p>
   </div>
   <div class='ocr_carea' id='block_1_33' title="bbox 232 3282 1819 3358">
    <p class='ocr_par' dir='ltr' id='par_1_33' title="bbox 232 3282 1819 3358">
     <span class='ocr_line' id='line_1_33' title="bbox 232 3282 1819 3358; baseline -0.006 -13"><span class='ocrx_word' id='word_1_260' title='bbox 232 3301 487 3345; x_wconf 86' lang='lat' dir='ltr'><strong>sanctum</strong></span> <span class='ocrx_word' id='word_1_261' title='bbox 513 3290 932 3358; x_wconf 73' lang='lat' dir='ltr'><strong>acciperemus’:</strong></span> <span class='ocrx_word' id='word_1_262' title='bbox 961 3288 1052 3343; x_wconf 91' lang='lat' dir='ltr'><strong>ille</strong></span> <span class='ocrx_word' id='word_1_263' title='bbox 1090 3287 1247 3342; x_wconf 89' lang='lat' dir='ltr'><strong>docet</strong></span> <span class='ocrx_word' id='word_1_264' title='bbox 1274 3299 1461 3339; x_wconf 89' lang='lat' dir='ltr'><strong>manus</strong></span> <span class='ocrx_word' id='word_1_265' title='bbox 1512 3292 1722 3338; x_wconf 88' lang='lat' dir='ltr'><strong>nostras</strong></span> <span class='ocrx_word' id='word_1_266' title='bbox 1764 3282 1819 3337; x_wconf 91' lang='lat' dir='ltr'><strong>iu</strong></span> 
     </span>
    </p>
   </div>
   <div class='ocr_carea' id='block_1_34' title="bbox 234 3373 1823 3451">
    <p class='ocr_par' dir='ltr' id='par_1_34' title="bbox 234 3373 1823 3451">
     <span class='ocr_line' id='line_1_34' title="bbox 234 3373 1823 3451; baseline -0.005 -15"><span class='ocrx_word' id='word_1_267' title='bbox 234 3381 485 3450; x_wconf 70' lang='lat' dir='ltr'><strong>prwlium</strong></span> <span class='ocrx_word' id='word_1_268' title='bbox 505 3421 520 3447; x_wconf 96' lang='lat'><strong>,</strong></span> <span class='ocrx_word' id='word_1_269' title='bbox 549 3390 602 3435; x_wconf 86' lang='lat' dir='ltr'><strong>et</strong></span> <span class='ocrx_word' id='word_1_270' title='bbox 622 3381 814 3451; x_wconf 79' lang='lat' dir='ltr'><strong>digitos</strong></span> <span class='ocrx_word' id='word_1_271' title='bbox 834 3387 1048 3435; x_wconf 87' lang='lat' dir='ltr'><strong>nostros</strong></span> <span class='ocrx_word' id='word_1_272' title='bbox 1073 3378 1138 3433; x_wconf 90' lang='lat' dir='ltr'><strong>ad</strong></span> <span class='ocrx_word' id='word_1_273' title='bbox 1159 3377 1390 3439; x_wconf 86' lang='lat' dir='ltr'><strong>bellum;</strong></span> <span class='ocrx_word' id='word_1_274' title='bbox 1414 3375 1488 3429; x_wconf 90' lang='lat' dir='ltr'><strong>illi</strong></span> <span class='ocrx_word' id='word_1_275' title='bbox 1517 3383 1663 3431; x_wconf 88' lang='lat' dir='ltr'><strong>recte</strong></span> <span class='ocrx_word' id='word_1_276' title='bbox 1689 3373 1823 3430; x_wconf 86' lang='lat' dir='ltr'><strong>diei-</strong></span> 
     </span>
    </p>
   </div>
   <div class='ocr_carea' id='block_1_35' title="bbox 235 3464 1825 3537">
    <p class='ocr_par' dir='ltr' id='par_1_35' title="bbox 235 3464 1825 3537">
     <span class='ocr_line' id='line_1_35' title="bbox 235 3464 1825 3537; baseline -0.005 -13"><span class='ocrx_word' id='word_1_277' title='bbox 235 3484 390 3535; x_wconf 87' lang='lat' dir='ltr'><strong>mus,</strong></span> <span class='ocrx_word' id='word_1_278' title='bbox 446 3470 796 3525; x_wconf 74' lang='lat' dir='ltr'><strong>Misericordia</strong></span> <span class='ocrx_word' id='word_1_279' title='bbox 841 3484 973 3535; x_wconf 87' lang='lat' dir='ltr'><strong>mea,</strong></span> <span class='ocrx_word' id='word_1_280' title='bbox 1022 3483 1052 3523; x_wconf 90' lang='lat' dir='ltr'><strong>a</strong></span> <span class='ocrx_word' id='word_1_281' title='bbox 1099 3482 1206 3537; x_wconf 89' lang='lat' dir='ltr'><strong>quo</strong></span> <span class='ocrx_word' id='word_1_282' title='bbox 1256 3464 1514 3520; x_wconf 88' lang='lat' dir='ltr'><strong>habemus</strong></span> <span class='ocrx_word' id='word_1_283' title='bbox 1559 3464 1721 3519; x_wconf 81' lang='lat' dir='ltr'><strong>etiam</strong></span> <span class='ocrx_word' id='word_1_284' title='bbox 1764 3469 1825 3516; x_wconf 92' lang='lat' dir='ltr'><strong>ut</strong></span> 
     </span>
    </p>
   </div>
   <div class='ocr_carea' id='block_1_36' title="bbox 234 3551 1824 3617">
    <p class='ocr_par' dir='ltr' id='par_1_36' title="bbox 234 3551 1824 3617">
     <span class='ocr_line' id='line_1_36' title="bbox 234 3551 1824 3617; baseline -0.008 -1"><span class='ocrx_word' id='word_1_285' title='bbox 234 3561 620 3617; x_wconf 88' lang='lat' dir='ltr'><strong>misericordes</strong></span> <span class='ocrx_word' id='word_1_286' title='bbox 661 3560 847 3615; x_wconf 90' lang='lat' dir='ltr'><strong>simus.</strong></span> <span class='ocrx_word' id='word_1_287' title='bbox 874 3558 1138 3613; x_wconf 70' lang='lat' dir='ltr'><strong>Iudicium</strong></span> <span class='ocrx_word' id='word_1_288' title='bbox 1159 3557 1292 3611; x_wconf 87' lang='lat' dir='ltr'><strong>enim</strong></span> <span class='ocrx_word' id='word_1_289' title='bbox 1332 3556 1441 3610; x_wconf 88' lang='lat' dir='ltr'><strong>sine</strong></span> <span class='ocrx_word' id='word_1_290' title='bbox 1482 3551 1824 3609; x_wconf 77' lang='lat' dir='ltr'><strong>misericordia</strong></span> 
     </span>
    </p>
   </div>
   <div class='ocr_carea' id='block_1_37' title="bbox 234 3650 1157 3723">
    <p class='ocr_par' dir='ltr' id='par_1_37' title="bbox 234 3650 1157 3723">
     <span class='ocr_line' id='line_1_37' title="bbox 234 3650 1157 3723; baseline -0.005 -17"><span class='ocrx_word' id='word_1_291' title='bbox 234 3654 348 3718; x_wconf 88' lang='lat' dir='ltr'><strong>illi,</strong></span> <span class='ocrx_word' id='word_1_292' title='bbox 380 3653 467 3723; x_wconf 90' lang='lat' dir='ltr'><strong>qui</strong></span> <span class='ocrx_word' id='word_1_293' title='bbox 492 3668 591 3706; x_wconf 86' lang='lat' dir='ltr'><strong>non</strong></span> <span class='ocrx_word' id='word_1_294' title='bbox 617 3651 730 3721; x_wconf 74' lang='lat' dir='ltr'><strong>fecit</strong></span> <span class='ocrx_word' id='word_1_295' title='bbox 745 3650 1157 3704; x_wconf 87' lang='lat' dir='ltr'><strong>misericordiam.</strong></span> 
     </span>
    </p>
   </div>
   <div class='ocr_carea' id='block_1_38' title="bbox 311 3733 1825 3811">
    <p class='ocr_par' dir='ltr' id='par_1_38' title="bbox 311 3733 1825 3811">
     <span class='ocr_line' id='line_1_38' title="bbox 311 3733 1825 3811; baseline -0.005 -14"><span class='ocrx_word' id='word_1_296' title='bbox 311 3745 373 3798; x_wconf 92' lang='lat'><strong>8.</strong></span> <span class='ocrx_word' id='word_1_297' title='bbox 415 3743 582 3796; x_wconf 82' lang='lat' dir='ltr'><strong>Parva</strong></span> <span class='ocrx_word' id='word_1_298' title='bbox 614 3744 807 3811; x_wconf 84' lang='lat' dir='ltr'><strong>putatis</strong></span> <span class='ocrx_word' id='word_1_299' title='bbox 832 3756 994 3811; x_wconf 86' lang='lat' dir='ltr'><strong>opera</strong></span> <span class='ocrx_word' id='word_1_300' title='bbox 1037 3736 1634 3794; x_wconf 77' lang='lat' dir='ltr'><strong>misericordithth</strong></span> <span class='ocrx_word' id='word_1_301' title='bbox 1670 3742 1728 3789; x_wconf 95' lang='lat' dir='ltr'><strong>et</strong></span> <span class='ocrx_word' id='word_1_302' title='bbox 1756 3733 1825 3789; x_wconf 89' lang='lat' dir='ltr'><strong>de</strong></span> 
     </span>
    </p>
   </div>
   <div class='ocr_carea' id='block_1_39' title="bbox 237 3826 1823 3903">
    <p class='ocr_par' dir='ltr' id='par_1_39' title="bbox 237 3826 1823 3903">
     <span class='ocr_line' id='line_1_39' title="bbox 237 3826 1823 3903; baseline -0.006 -14"><span class='ocrx_word' id='word_1_303' title='bbox 237 3836 330 3891; x_wconf 88' lang='lat' dir='ltr'><strong>his</strong></span> <span class='ocrx_word' id='word_1_304' title='bbox 353 3832 555 3903; x_wconf 90' lang='lat' dir='ltr'><strong>aliquid</strong></span> <span class='ocrx_word' id='word_1_305' title='bbox 581 3833 779 3888; x_wconf 89' lang='lat' dir='ltr'><strong>dicere.</strong></span> <span class='ocrx_word' id='word_1_306' title='bbox 812 3830 1081 3886; x_wconf 83' lang='lat' dir='ltr'><strong>Attendite</strong></span> <span class='ocrx_word' id='word_1_307' title='bbox 1111 3831 1281 3900; x_wconf 90' lang='lat' dir='ltr'><strong>primo</strong></span> <span class='ocrx_word' id='word_1_308' title='bbox 1308 3829 1464 3883; x_wconf 86' lang='lat' dir='ltr'><strong>istam</strong></span> <span class='ocrx_word' id='word_1_309' title='bbox 1502 3826 1823 3883; x_wconf 87' lang='lat' dir='ltr'><strong>sententiam</strong></span> 
     </span>
    </p>
   </div>
   <div class='ocr_carea' id='block_1_40' title="bbox 237 3919 1826 3994">
    <p class='ocr_par' dir='ltr' id='par_1_40' title="bbox 237 3919 1826 3994">
     <span class='ocr_line' id='line_1_40' title="bbox 237 3919 1826 3994; baseline -0.007 -12"><span class='ocrx_word' id='word_1_310' title='bbox 237 3929 310 3982; x_wconf 89' lang='lat' dir='ltr'><strong>de</strong></span> <span class='ocrx_word' id='word_1_311' title='bbox 340 3936 528 3982; x_wconf 88' lang='lat' dir='ltr'><strong>sancta</strong></span> <span class='ocrx_word' id='word_1_312' title='bbox 557 3922 827 3994; x_wconf 63' lang='lat' dir='ltr'><strong>Scripttka</strong></span> <span class='ocrx_word' id='word_1_313' title='bbox 850 3925 1216 3994; x_wconf 90' lang='lat' dir='ltr'><strong>depromptam</strong></span> <span class='ocrx_word' id='word_1_314' title='bbox 1235 3964 1250 3989; x_wconf 91' lang='lat'><strong>,</strong></span> <span class='ocrx_word' id='word_1_315' title='bbox 1295 3936 1453 3993; x_wconf 90' lang='lat' dir='ltr'><strong>quam</strong></span> <span class='ocrx_word' id='word_1_316' title='bbox 1483 3919 1643 3974; x_wconf 89' lang='lat' dir='ltr'><strong>modo</strong></span> <span class='ocrx_word' id='word_1_317' title='bbox 1672 3933 1826 3973; x_wconf 89' lang='lat' dir='ltr'><strong>com-</strong></span> 
     </span>
    </p>
   </div>
   <div class='ocr_carea' id='block_1_41' title="bbox 239 4012 1829 4083">
    <p class='ocr_par' dir='ltr' id='par_1_41' title="bbox 239 4012 1829 4083">
     <span class='ocr_line' id='line_1_41' title="bbox 239 4012 1829 4083; baseline -0.007 -7"><span class='ocrx_word' id='word_1_318' title='bbox 239 4020 542 4077; x_wconf 83' lang='lat' dir='ltr'><strong>memoravi</strong></span> <span class='ocrx_word' id='word_1_319' title='bbox 563 4038 575 4073; x_wconf 90' lang='lat'><strong>:</strong></span> <span class='ocrx_word' id='word_1_320' title='bbox 599 4018 859 4072; x_wconf 72' lang='lat' dir='ltr'><strong>Iudicium</strong></span> <span class='ocrx_word' id='word_1_321' title='bbox 880 4019 1011 4071; x_wconf 87' lang='lat' dir='ltr'><strong>enim</strong></span> <span class='ocrx_word' id='word_1_322' title='bbox 1031 4017 1138 4070; x_wconf 82' lang='lat' dir='ltr'><strong>sine</strong></span> <span class='ocrx_word' id='word_1_323' title='bbox 1158 4014 1501 4069; x_wconf 84' lang='lat' dir='ltr'><strong>misericordia</strong></span> <span class='ocrx_word' id='word_1_324' title='bbox 1529 4013 1608 4067; x_wconf 85' lang='lat' dir='ltr'><strong>illi</strong></span> <span class='ocrx_word' id='word_1_325' title='bbox 1622 4012 1709 4083; x_wconf 84' lang='lat' dir='ltr'><strong>qui</strong></span> <span class='ocrx_word' id='word_1_326' title='bbox 1724 4027 1829 4065; x_wconf 89' lang='lat' dir='ltr'><strong>non</strong></span> 
     </span>
    </p>
   </div>
   <div class='ocr_carea' id='block_1_42' title="bbox 241 4105 1826 4185">
    <p class='ocr_par' dir='ltr' id='par_1_42' title="bbox 241 4105 1826 4185">
     <span class='ocr_line' id='line_1_42' title="bbox 241 4105 1826 4185; baseline -0.005 -18"><span class='ocrx_word' id='word_1_327' title='bbox 241 4114 367 4185; x_wconf 78' lang='lat' dir='ltr'><strong>fecit</strong></span> <span class='ocrx_word' id='word_1_328' title='bbox 388 4112 802 4166; x_wconf 85' lang='lat' dir='ltr'><strong>misericordiam.</strong></span> <span class='ocrx_word' id='word_1_329' title='bbox 844 4110 972 4165; x_wconf 88' lang='lat' dir='ltr'><strong>Sine</strong></span> <span class='ocrx_word' id='word_1_330' title='bbox 998 4107 1359 4163; x_wconf 88' lang='lat' dir='ltr'><strong>misericordia</strong></span> <span class='ocrx_word' id='word_1_331' title='bbox 1381 4106 1709 4177; x_wconf 87' lang='lat' dir='ltr'><strong>judicabitur</strong></span> <span class='ocrx_word' id='word_1_332' title='bbox 1735 4105 1826 4175; x_wconf 90' lang='lat' dir='ltr'><strong>qui</strong></span> 
     </span>
    </p>
   </div>
   <div class='ocr_carea' id='block_1_43' title="bbox 241 4194 1825 4268">
    <p class='ocr_par' dir='ltr' id='par_1_43' title="bbox 241 4194 1825 4268">
     <span class='ocr_line' id='line_1_43' title="bbox 241 4194 1825 4268; baseline -0.006 -11"><span class='ocrx_word' id='word_1_333' title='bbox 241 4200 669 4257; x_wconf 87' lang='lat' dir='ltr'><strong>miscricordiam</strong></span> <span class='ocrx_word' id='word_1_334' title='bbox 709 4215 813 4253; x_wconf 90' lang='lat' dir='ltr'><strong>non</strong></span> <span class='ocrx_word' id='word_1_335' title='bbox 840 4200 962 4255; x_wconf 77' lang='lat' dir='ltr'><strong>fecit</strong></span> <span class='ocrx_word' id='word_1_336' title='bbox 1010 4208 1291 4268; x_wconf 85' lang='lat' dir='ltr'><strong>antequam</strong></span> <span class='ocrx_word' id='word_1_337' title='bbox 1315 4196 1661 4267; x_wconf 86' lang='lat' dir='ltr'><strong>judicaretur.</strong></span> <span class='ocrx_word' id='word_1_338' title='bbox 1689 4194 1825 4263; x_wconf 87' lang='lat' dir='ltr'><strong>Quid</strong></span> 
     </span>
    </p>
   </div>
   <div class='ocr_carea' id='block_1_44' title="bbox 240 4288 1830 4362">
    <p class='ocr_par' dir='ltr' id='par_1_44' title="bbox 240 4288 1830 4362">
     <span class='ocr_line' id='line_1_44' title="bbox 240 4288 1830 4362; baseline -0.006 -12"><span class='ocrx_word' id='word_1_339' title='bbox 240 4292 479 4350; x_wconf 83' lang='lat' dir='ltr'><strong>deinde?</strong></span> <span class='ocrx_word' id='word_1_340' title='bbox 508 4290 631 4361; x_wconf 90' lang='lat' dir='ltr'><strong>quid</strong></span> <span class='ocrx_word' id='word_1_341' title='bbox 664 4292 937 4361; x_wconf 83' lang='lat' dir='ltr'><strong>sequitur?</strong></span> <span class='ocrx_word' id='word_1_342' title='bbox 962 4290 1317 4362; x_wconf 78' lang='lat' dir='ltr'><strong>Superexaltat</strong></span> <span class='ocrx_word' id='word_1_343' title='bbox 1335 4298 1507 4343; x_wconf 85' lang='lat' dir='ltr'><strong>autem</strong></span> <span class='ocrx_word' id='word_1_344' title='bbox 1540 4288 1830 4342; x_wconf 87' lang='lat' dir='ltr'><strong>misericor-</strong></span> 
     </span>
    </p>
   </div>
   <div class='ocr_carea' id='block_1_45' title="bbox 241 4378 1826 4457">
    <p class='ocr_par' dir='ltr' id='par_1_45' title="bbox 241 4378 1826 4457">
     <span class='ocr_line' id='line_1_45' title="bbox 241 4378 1826 4457; baseline -0.005 -16"><span class='ocrx_word' id='word_1_345' title='bbox 241 4390 334 4443; x_wconf 88' lang='lat' dir='ltr'><strong>dia</strong></span> <span class='ocrx_word' id='word_1_346' title='bbox 364 4384 589 4456; x_wconf 68' lang='lat' dir='ltr'><strong>judicio’</strong></span> <span class='ocrx_word' id='word_1_347' title='bbox 616 4383 816 4457; x_wconf 84' lang='lat' dir='ltr'><strong>(Jacobi</strong></span> <span class='ocrx_word' id='word_1_348' title='bbox 857 4400 915 4451; x_wconf 87' lang='grc' dir='ltr'>ιι,</span> <span class='ocrx_word' id='word_1_349' title='bbox 964 4384 1076 4455; x_wconf 77' lang='grc'>1⁸5).</span> <span class='ocrx_word' id='word_1_350' title='bbox 1106 4382 1242 4451; x_wconf 83' lang='lat' dir='ltr'><strong>Quid</strong></span> <span class='ocrx_word' id='word_1_351' title='bbox 1288 4390 1370 4437; x_wconf 87' lang='lat' dir='ltr'><strong>est</strong></span> <span class='ocrx_word' id='word_1_352' title='bbox 1409 4381 1543 4448; x_wconf 85' lang='lat' dir='ltr'><strong>hoc,</strong></span> <span class='ocrx_word' id='word_1_353' title='bbox 1598 4378 1826 4448; x_wconf 80' lang='lat' dir='ltr'><strong>fratres,</strong></span> 
     </span>
    </p>
   </div>
   <div class='ocr_carea' id='block_1_46' title="bbox 247 4474 1829 4549">
    <p class='ocr_par' dir='ltr' id='par_1_46' title="bbox 247 4474 1829 4549">
     <span class='ocr_line' id='line_1_46' title="bbox 247 4474 1829 4549; baseline -0.004 -14"><span class='ocrx_word' id='word_1_354' title='bbox 247 4478 616 4549; x_wconf 72' lang='lat' dir='ltr'><strong>Superexultat</strong></span> <span class='ocrx_word' id='word_1_355' title='bbox 640 4478 982 4531; x_wconf 82' lang='lat' dir='ltr'><strong>misericordia</strong></span> <span class='ocrx_word' id='word_1_356' title='bbox 993 4476 1192 4547; x_wconf 86' lang='lat' dir='ltr'><strong>judicio</strong></span> <span class='ocrx_word' id='word_1_357' title='bbox 1215 4475 1240 4528; x_wconf 82' lang='lat'><strong><em>?</em></strong></span> <span class='ocrx_word' id='word_1_358' title='bbox 1261 4475 1648 4548; x_wconf 83' lang='lat' dir='ltr'><strong>Superponitur</strong></span> <span class='ocrx_word' id='word_1_359' title='bbox 1666 4474 1829 4530; x_wconf 80' lang='lat' dir='ltr'><strong>mise-</strong></span> 
     </span>
    </p>
   </div>
   <div class='ocr_carea' id='block_1_47' title="bbox 242 4567 1831 4640">
    <p class='ocr_par' dir='ltr' id='par_1_47' title="bbox 242 4567 1831 4640">
     <span class='ocr_line' id='line_1_47' title="bbox 242 4567 1831 4640; baseline -0.003 -14"><span class='ocrx_word' id='word_1_360' title='bbox 242 4571 482 4627; x_wconf 87' lang='lat' dir='ltr'><strong>ricordia</strong></span> <span class='ocrx_word' id='word_1_361' title='bbox 507 4568 747 4640; x_wconf 79' lang='lat' dir='ltr'><strong>judicio:</strong></span> <span class='ocrx_word' id='word_1_362' title='bbox 780 4569 831 4624; x_wconf 91' lang='lat' dir='ltr'><strong>iu</strong></span> <span class='ocrx_word' id='word_1_363' title='bbox 856 4585 961 4639; x_wconf 88' lang='lat' dir='ltr'><strong>quo</strong></span> <span class='ocrx_word' id='word_1_364' title='bbox 988 4570 1257 4624; x_wconf 88' lang='lat' dir='ltr'><strong>inventum</strong></span> <span class='ocrx_word' id='word_1_365' title='bbox 1284 4568 1440 4623; x_wconf 80' lang='lat' dir='ltr'><strong>fuerit</strong></span> <span class='ocrx_word' id='word_1_366' title='bbox 1457 4583 1591 4638; x_wconf 85' lang='lat' dir='ltr'><strong>opus</strong></span> <span class='ocrx_word' id='word_1_367' title='bbox 1612 4567 1831 4622; x_wconf 84' lang='lat' dir='ltr'><strong>miseri-</strong></span> 
     </span>
    </p>
   </div>
   <div class='ocr_carea' id='block_1_48' title="bbox 247 4659 1828 4731">
    <p class='ocr_par' dir='ltr' id='par_1_48' title="bbox 247 4659 1828 4731">
     <span class='ocr_line' id='line_1_48' title="bbox 247 4659 1828 4731; baseline -0.003 -14"><span class='ocrx_word' id='word_1_368' title='bbox 247 4663 474 4727; x_wconf 77' lang='lat' dir='ltr'><strong>cordim,</strong></span> <span class='ocrx_word' id='word_1_369' title='bbox 525 4661 624 4716; x_wconf 88' lang='lat' dir='ltr'><strong>etsi</strong></span> <span class='ocrx_word' id='word_1_370' title='bbox 674 4660 916 4716; x_wconf 88' lang='lat' dir='ltr'><strong>habuerit</strong></span> <span class='ocrx_word' id='word_1_371' title='bbox 958 4660 1152 4731; x_wconf 88' lang='lat' dir='ltr'><strong>aliquid</strong></span> <span class='ocrx_word' id='word_1_372' title='bbox 1191 4659 1328 4716; x_wconf 77' lang='lat' dir='ltr'><strong>forte</strong></span> <span class='ocrx_word' id='word_1_373' title='bbox 1377 4661 1429 4715; x_wconf 91' lang='lat' dir='ltr'><strong>in</strong></span> <span class='ocrx_word' id='word_1_374' title='bbox 1471 4660 1672 4729; x_wconf 84' lang='lat' dir='ltr'><strong>judicio</strong></span> <span class='ocrx_word' id='word_1_375' title='bbox 1722 4673 1828 4729; x_wconf 87' lang='lat' dir='ltr'><strong>quo</strong></span> 
     </span>
    </p>
   </div>
   <div class='ocr_carea' id='block_1_49' title="bbox 248 4751 1831 4825">
    <p class='ocr_par' dir='ltr' id='par_1_49' title="bbox 248 4751 1831 4825">
     <span class='ocr_line' id='line_1_49' title="bbox 248 4751 1831 4825; baseline -0.001 -17"><span class='ocrx_word' id='word_1_376' title='bbox 248 4755 529 4825; x_wconf 88' lang='lat' dir='ltr'><strong>puniatur,</strong></span> <span class='ocrx_word' id='word_1_377' title='bbox 556 4762 805 4822; x_wconf 87' lang='lat' dir='ltr'><strong>tanquam</strong></span> <span class='ocrx_word' id='word_1_378' title='bbox 842 4751 981 4805; x_wconf 91' lang='lat' dir='ltr'><strong>unda</strong></span> <span class='ocrx_word' id='word_1_379' title='bbox 1023 4751 1402 4806; x_wconf 66' lang='lat' dir='ltr'><strong>misericordiae</strong></span> <span class='ocrx_word' id='word_1_380' title='bbox 1449 4752 1647 4820; x_wconf 88' lang='lat' dir='ltr'><strong>peccati</strong></span> <span class='ocrx_word' id='word_1_381' title='bbox 1696 4751 1831 4820; x_wconf 80' lang='lat' dir='ltr'><strong>ignis</strong></span> 
     </span>
    </p>
   </div>
   <div class='ocr_carea' id='block_1_50' title="bbox 247 4842 1835 4918">
    <p class='ocr_par' dir='ltr' id='par_1_50' title="bbox 247 4842 1835 4918">
     <span class='ocr_line' id='line_1_50' title="bbox 247 4842 1835 4918; baseline -0.004 -17"><span class='ocrx_word' id='word_1_382' title='bbox 247 4846 629 4918; x_wconf 79' lang='lat' dir='ltr'><strong>exstinguitur.</strong></span> <span class='ocrx_word' id='word_1_383' title='bbox 663 4842 1020 4914; x_wconf 70' lang='lat' dir='ltr'><strong>Supereataltat</strong></span> <span class='ocrx_word' id='word_1_384' title='bbox 1067 4844 1209 4898; x_wconf 87' lang='lat' dir='ltr'><strong>enim</strong></span> <span class='ocrx_word' id='word_1_385' title='bbox 1255 4842 1597 4896; x_wconf 82' lang='lat' dir='ltr'><strong>misericordia</strong></span> <span class='ocrx_word' id='word_1_386' title='bbox 1624 4843 1835 4910; x_wconf 84' lang='lat' dir='ltr'><strong>iudicio.</strong></span> 
     </span>
    </p>
   </div>
   <div class='ocr_carea' id='block_1_51' title="bbox 246 4932 1835 5007">
    <p class='ocr_par' dir='ltr' id='par_1_51' title="bbox 246 4932 1835 5007">
     <span class='ocr_line' id='line_1_51' title="bbox 246 4932 1835 5007; baseline -0.006 -14"><span class='ocrx_word' id='word_1_387' title='bbox 246 4938 390 5007; x_wconf 87' lang='lat' dir='ltr'><strong>Quid</strong></span> <span class='ocrx_word' id='word_1_388' title='bbox 421 4937 633 4992; x_wconf 86' lang='lat' dir='ltr'><strong>autem?</strong></span> <span class='ocrx_word' id='word_1_389' title='bbox 670 4945 725 4991; x_wconf 88' lang='lat' dir='ltr'><strong>et</strong></span> <span class='ocrx_word' id='word_1_390' title='bbox 769 4950 890 4992; x_wconf 90' lang='lat' dir='ltr'><strong>cum</strong></span> <span class='ocrx_word' id='word_1_391' title='bbox 940 4934 1129 4989; x_wconf 89' lang='lat' dir='ltr'><strong>talibus</strong></span> <span class='ocrx_word' id='word_1_392' title='bbox 1154 4932 1427 4993; x_wconf 83' lang='lat' dir='ltr'><strong>subvenit,</strong></span> <span class='ocrx_word' id='word_1_393' title='bbox 1452 4940 1506 4986; x_wconf 91' lang='lat' dir='ltr'><strong>et</strong></span> <span class='ocrx_word' id='word_1_394' title='bbox 1543 4948 1663 4986; x_wconf 90' lang='lat' dir='ltr'><strong>cum</strong></span> <span class='ocrx_word' id='word_1_395' title='bbox 1705 4933 1835 4985; x_wconf 85' lang='lat' dir='ltr'><strong>tales</strong></span> 
     </span>
    </p>
   </div>
   <div class='ocr_carea' id='block_1_52' title="bbox 250 5021 1834 5096">
    <p class='ocr_par' dir='ltr' id='par_1_52' title="bbox 250 5021 1834 5096">
     <span class='ocr_line' id='line_1_52' title="bbox 250 5021 1834 5096; baseline -0.008 -11"><span class='ocrx_word' id='word_1_396' title='bbox 250 5032 479 5092; x_wconf 86' lang='lat' dir='ltr'><strong>liberat,</strong></span> <span class='ocrx_word' id='word_1_397' title='bbox 510 5037 704 5083; x_wconf 87' lang='lat' dir='ltr'><strong>etcum</strong></span> <span class='ocrx_word' id='word_1_398' title='bbox 742 5026 932 5081; x_wconf 86' lang='lat' dir='ltr'><strong>talibus</strong></span> <span class='ocrx_word' id='word_1_399' title='bbox 979 5024 1233 5096; x_wconf 83' lang='lat' dir='ltr'><strong>ignoscit,</strong></span> <span class='ocrx_word' id='word_1_400' title='bbox 1258 5023 1485 5093; x_wconf 91' lang='lat' dir='ltr'><strong>iujustus</strong></span> <span class='ocrx_word' id='word_1_401' title='bbox 1522 5031 1603 5075; x_wconf 86' lang='lat' dir='ltr'><strong>est</strong></span> <span class='ocrx_word' id='word_1_402' title='bbox 1653 5021 1834 5075; x_wconf 87' lang='lat' dir='ltr'><strong>Deus?</strong></span> 
     </span>
    </p>
   </div>
   <div class='ocr_carea' id='block_1_53' title="bbox 252 5110 1832 5189">
    <p class='ocr_par' dir='ltr' id='par_1_53' title="bbox 252 5110 1832 5189">
     <span class='ocr_line' id='line_1_53' title="bbox 252 5110 1832 5189; baseline -0.007 -13"><span class='ocrx_word' id='word_1_403' title='bbox 252 5123 433 5189; x_wconf 80' lang='lat' dir='ltr'><strong>Absit.</strong></span> <span class='ocrx_word' id='word_1_404' title='bbox 473 5120 543 5176; x_wconf 86' lang='lat' dir='ltr'><strong>Et</strong></span> <span class='ocrx_word' id='word_1_405' title='bbox 568 5119 638 5173; x_wconf 87' lang='lat' dir='ltr'><strong>ibi</strong></span> <span class='ocrx_word' id='word_1_406' title='bbox 684 5119 859 5189; x_wconf 87' lang='lat' dir='ltr'><strong>justus</strong></span> <span class='ocrx_word' id='word_1_407' title='bbox 899 5125 1015 5172; x_wconf 89' lang='lat' dir='ltr'><strong>est:</strong></span> <span class='ocrx_word' id='word_1_408' title='bbox 1046 5130 1149 5171; x_wconf 88' lang='lat' dir='ltr'><strong>non</strong></span> <span class='ocrx_word' id='word_1_409' title='bbox 1198 5115 1244 5168; x_wconf 90' lang='lat' dir='ltr'><strong>ei</strong></span> <span class='ocrx_word' id='word_1_410' title='bbox 1293 5113 1428 5167; x_wconf 92' lang='lat' dir='ltr'><strong>tollit</strong></span> <span class='ocrx_word' id='word_1_411' title='bbox 1470 5110 1832 5166; x_wconf 83' lang='lat' dir='ltr'><strong>misericordia</strong></span> 
     </span>
    </p>
   </div>
   <div class='ocr_carea' id='block_1_54' title="bbox 248 5200 1835 5284">
    <p class='ocr_par' dir='ltr' id='par_1_54' title="bbox 248 5200 1835 5284">
     <span class='ocr_line' id='line_1_54' title="bbox 248 5200 1835 5284; baseline -0.009 -16"><span class='ocrx_word' id='word_1_412' title='bbox 248 5214 553 5284; x_wconf 88' lang='lat' dir='ltr'><strong>justitiam,</strong></span> <span class='ocrx_word' id='word_1_413' title='bbox 590 5224 689 5264; x_wconf 91' lang='lat' dir='ltr'><strong>nec</strong></span> <span class='ocrx_word' id='word_1_414' title='bbox 723 5209 920 5278; x_wconf 89' lang='lat' dir='ltr'><strong>justitia</strong></span> <span class='ocrx_word' id='word_1_415' title='bbox 969 5205 1407 5262; x_wconf 86' lang='lat' dir='ltr'><strong>misericordiam.</strong></span> <span class='ocrx_word' id='word_1_416' title='bbox 1446 5202 1577 5258; x_wconf 86' lang='lat' dir='ltr'><strong>Vide</strong></span> <span class='ocrx_word' id='word_1_417' title='bbox 1605 5202 1746 5257; x_wconf 90' lang='lat' dir='ltr'><strong>enim</strong></span> <span class='ocrx_word' id='word_1_418' title='bbox 1793 5200 1835 5255; x_wconf 90' lang='lat' dir='ltr'><strong>si</strong></span> 
     </span>
    </p>
   </div>
   <div class='ocr_carea' id='block_1_55' title="bbox 254 5293 1838 5374">
    <p class='ocr_par' dir='ltr' id='par_1_55' title="bbox 254 5293 1838 5374">
     <span class='ocr_line' id='line_1_55' title="bbox 254 5293 1838 5374; baseline -0.008 -14"><span class='ocrx_word' id='word_1_419' title='bbox 254 5320 371 5361; x_wconf 84' lang='lat' dir='ltr'><strong>non</strong></span> <span class='ocrx_word' id='word_1_420' title='bbox 396 5305 573 5374; x_wconf 87' lang='lat' dir='ltr'><strong>justus</strong></span> <span class='ocrx_word' id='word_1_421' title='bbox 591 5313 703 5357; x_wconf 88' lang='lat' dir='ltr'><strong>est:</strong></span> <span class='ocrx_word' id='word_1_422' title='bbox 736 5301 949 5356; x_wconf 89' lang='lat' dir='ltr'><strong>Dimitte</strong></span> <span class='ocrx_word' id='word_1_423' title='bbox 971 5343 986 5366; x_wconf 95' lang='lat'><strong>,</strong></span> <span class='ocrx_word' id='word_1_424' title='bbox 1016 5307 1070 5355; x_wconf 90' lang='lat' dir='ltr'><strong>et</strong></span> <span class='ocrx_word' id='word_1_425' title='bbox 1117 5297 1442 5364; x_wconf 89' lang='lat' dir='ltr'><strong>dimitto;da</strong></span> <span class='ocrx_word' id='word_1_426' title='bbox 1465 5339 1479 5362; x_wconf 94' lang='lat'><strong>,</strong></span> <span class='ocrx_word' id='word_1_427' title='bbox 1506 5306 1558 5349; x_wconf 90' lang='lat' dir='ltr'><strong>et</strong></span> <span class='ocrx_word' id='word_1_428' title='bbox 1585 5295 1675 5350; x_wconf 91' lang='lat' dir='ltr'><strong>do.</strong></span> <span class='ocrx_word' id='word_1_429' title='bbox 1704 5293 1838 5348; x_wconf 86' lang='lat' dir='ltr'><strong>Vide</strong></span> 
     </span>
    </p>
   </div>
   <div class='ocr_carea' id='block_1_56' title="bbox 252 5387 1840 5465">
    <p class='ocr_par' dir='ltr' id='par_1_56' title="bbox 252 5387 1840 5465">
     <span class='ocr_line' id='line_1_56' title="bbox 252 5387 1840 5465; baseline -0.009 -12"><span class='ocrx_word' id='word_1_430' title='bbox 252 5398 302 5453; x_wconf 78' lang='lat' dir='ltr'><strong>Si</strong></span> <span class='ocrx_word' id='word_1_431' title='bbox 335 5410 443 5450; x_wconf 89' lang='lat' dir='ltr'><strong>non</strong></span> <span class='ocrx_word' id='word_1_432' title='bbox 467 5395 642 5465; x_wconf 88' lang='lat' dir='ltr'><strong>justus</strong></span> <span class='ocrx_word' id='word_1_433' title='bbox 661 5402 772 5447; x_wconf 89' lang='lat' dir='ltr'><strong>est:</strong></span> <span class='ocrx_word' id='word_1_434' title='bbox 806 5390 869 5446; x_wconf 85' lang='lat' dir='ltr'><strong>In</strong></span> <span class='ocrx_word' id='word_1_435' title='bbox 893 5408 990 5461; x_wconf 87' lang='lat' dir='ltr'><strong>qua</strong></span> <span class='ocrx_word' id='word_1_436' title='bbox 1010 5406 1242 5444; x_wconf 82' lang='lat' dir='ltr'><strong>mensura</strong></span> <span class='ocrx_word' id='word_1_437' title='bbox 1289 5390 1448 5442; x_wconf 73' lang='lat' dir='ltr'><strong>mensi</strong></span> <span class='ocrx_word' id='word_1_438' title='bbox 1468 5388 1680 5458; x_wconf 80' lang='lat' dir='ltr'><strong>fueritis,</strong></span> <span class='ocrx_word' id='word_1_439' title='bbox 1708 5387 1759 5440; x_wconf 86' lang='lat' dir='ltr'><strong>in</strong></span> <span class='ocrx_word' id='word_1_440' title='bbox 1781 5402 1840 5439; x_wconf 87' lang='lat' dir='ltr'><strong>ea</strong></span> 
     </span>
    </p>
   </div>
   <div class='ocr_carea' id='block_1_57' title="bbox 324 5580 1842 5658">
    <p class='ocr_par' dir='ltr' id='par_1_57' title="bbox 324 5580 1842 5658">
     <span class='ocr_line' id='line_1_57' title="bbox 324 5580 1842 5658; baseline -0.009 -15"><span class='ocrx_word' id='word_1_441' title='bbox 324 5597 348 5658; x_wconf 19' lang='grc' dir='ltr'><strong>Ἀ</strong></span> <span class='ocrx_word' id='word_1_442' title='bbox 375 5592 562 5658; x_wconf 75' lang='lat' dir='ltr'><strong>Aliquot</strong></span> <span class='ocrx_word' id='word_1_443' title='bbox 598 5599 727 5650; x_wconf 71' lang='lat' dir='ltr'><strong>Mss,</strong></span> <span class='ocrx_word' id='word_1_444' title='bbox 758 5592 1042 5639; x_wconf 72' lang='lat' dir='ltr'><strong>exerceatur</strong></span> <span class='ocrx_word' id='word_1_445' title='bbox 1062 5584 1114 5635; x_wconf 88' lang='lat' dir='ltr'><strong>in</strong></span> <span class='ocrx_word' id='word_1_446' title='bbox 1139 5583 1360 5648; x_wconf 82' lang='lat' dir='ltr'><strong>operibus</strong></span> <span class='ocrx_word' id='word_1_447' title='bbox 1391 5580 1724 5633; x_wconf 79' lang='lat' dir='ltr'><strong>misericordia</strong></span> <span class='ocrx_word' id='word_1_448' title='bbox 1745 5580 1842 5645; x_wconf 82' lang='lat' dir='ltr'><strong>pie-</strong></span> 
     </span>
    </p>
   </div>
   <div class='ocr_carea' id='block_1_58' title="bbox 253 5656 1480 5774">
    <p class='ocr_par' dir='ltr' id='par_1_58' title="bbox 253 5656 1480 5774">
     <span class='ocr_line' id='line_1_58' title="bbox 253 5656 1480 5774; baseline -0.007 -10"><span class='ocrx_word' id='word_1_449' title='bbox 253 5656 509 5774; x_wconf 49' lang='grc' dir='ltr'><strong>⁸ωξδίιεδη</strong></span> <span class='ocrx_word' id='word_1_450' title='bbox 532 5727 628 5764; x_wconf 76' lang='lat' dir='ltr'><strong>mss</strong></span> <span class='ocrx_word' id='word_1_451' title='bbox 652 5711 879 5774; x_wconf 82' lang='lat' dir='ltr'><strong>Spiritum</strong></span> <span class='ocrx_word' id='word_1_452' title='bbox 899 5714 1117 5760; x_wconf 86' lang='lat' dir='ltr'><strong>sanctum</strong></span> <span class='ocrx_word' id='word_1_453' title='bbox 1137 5705 1480 5774; x_wconf 70' lang='lat' dir='ltr'><strong>acciperemus.</strong></span> 
     </span>
    </p>
   </div>
   <div class='ocr_carea' id='block_1_59' title="bbox 319 5765 1712 5840">
    <p class='ocr_par' dir='ltr' id='par_1_59' title="bbox 319 5765 1712 5840">
     <span class='ocr_line' id='line_1_59' title="bbox 319 5765 1712 5840; baseline -0.01 -11"><span class='ocrx_word' id='word_1_454' title='bbox 319 5780 345 5813; x_wconf 84' lang='grc'><strong><em>³</em></strong></span> <span class='ocrx_word' id='word_1_455' title='bbox 364 5765 476 5828; x_wconf 63' lang='grc' dir='ltr'><strong>ωδ.</strong></span> <span class='ocrx_word' id='word_1_456' title='bbox 492 5765 754 5840; x_wconf 62' lang='grc' dir='ltr'><strong>Ξηαὶεἱιὺιι.</strong></span> <span class='ocrx_word' id='word_1_457' title='bbox 778 5772 869 5824; x_wconf 86' lang='lat' dir='ltr'><strong>sed</strong></span> <span class='ocrx_word' id='word_1_458' title='bbox 878 5780 989 5823; x_wconf 73' lang='lat' dir='ltr'><strong>Mss.</strong></span> <span class='ocrx_word' id='word_1_459' title='bbox 1010 5765 1286 5823; x_wconf 82' lang='lat' dir='ltr'><strong>constanter</strong></span> <span class='ocrx_word' id='word_1_460' title='bbox 1307 5768 1505 5827; x_wconf 85' lang='lat' dir='ltr'><strong>habent,</strong></span> <span class='ocrx_word' id='word_1_461' title='bbox 1508 5765 1712 5828; x_wconf 82' lang='lat' dir='ltr'><strong>judicio.</strong></span> 
     </span>
    </p>
   </div>
   <div class='ocr_carea' id='block_1_60' title="bbox 1320 310 2430 389">
    <p class='ocr_par' dir='ltr' id='par_1_60' title="bbox 1320 310 2430 389">
     <span class='ocr_line' id='line_1_60' title="bbox 1320 310 2430 389; baseline -0.011 -6"><span class='ocrx_word' id='word_1_462' title='bbox 1320 317 1717 387; x_wconf 74' lang='lat' dir='ltr'><strong>ENABBATIO</strong></span> <span class='ocrx_word' id='word_1_463' title='bbox 1753 314 1829 372; x_wconf 68' lang='grc' dir='ltr'><strong>ΙΝ,</strong></span> <span class='ocrx_word' id='word_1_464' title='bbox 1856 310 2183 389; x_wconf 71' lang='lat' dir='ltr'><strong>PSALMUM</strong></span> <span class='ocrx_word' id='word_1_465' title='bbox 2205 316 2430 377; x_wconf 73' lang='lat' dir='ltr'><strong>CXLIII.</strong></span> 
     </span>
    </p>
   </div>
   <div class='ocr_carea' id='block_1_61' title="bbox 3350 339 3491 399">
    <p class='ocr_par' dir='ltr' id='par_1_61' title="bbox 3350 339 3491 399">
     <span class='ocr_line' id='line_1_61' title="bbox 3350 339 3491 399; baseline 0.028 -5"><span class='ocrx_word' id='word_1_466' title='bbox 3350 339 3491 399; x_wconf 66' lang='lat'><strong>4863</strong></span> 
     </span>
    </p>
   </div>
   <div class='ocr_carea' id='block_1_62' title="bbox 1898 435 3493 528">
    <p class='ocr_par' dir='ltr' id='par_1_62' title="bbox 1898 435 3493 528">
     <span class='ocr_line' id='line_1_62' title="bbox 1898 435 3493 528; baseline 0.018 -43"><span class='ocrx_word' id='word_1_467' title='bbox 1898 435 2186 489; x_wconf 75' lang='lat' dir='ltr'><strong>remetietur</strong></span> <span class='ocrx_word' id='word_1_468' title='bbox 2210 436 2345 492; x_wconf 83' lang='lat' dir='ltr'><strong>vobis</strong></span> <span class='ocrx_word' id='word_1_469' title='bbox 2389 437 2599 508; x_wconf 66' lang='lat' dir='ltr'><strong>(blatta.</strong></span> <span class='ocrx_word' id='word_1_470' title='bbox 2632 439 2724 509; x_wconf 86' lang='lat' dir='ltr'><strong>vit,</strong></span> <span class='ocrx_word' id='word_1_471' title='bbox 2755 441 2831 514; x_wconf 80' lang='lat'><strong>2).</strong></span> <span class='ocrx_word' id='word_1_472' title='bbox 2863 445 2945 500; x_wconf 84' lang='lat' dir='ltr'><strong>Ad</strong></span> <span class='ocrx_word' id='word_1_473' title='bbox 2972 446 3073 503; x_wconf 88' lang='lat' dir='ltr'><strong>hoc</strong></span> <span class='ocrx_word' id='word_1_474' title='bbox 3100 451 3242 507; x_wconf 87' lang='lat' dir='ltr'><strong>enim</strong></span> <span class='ocrx_word' id='word_1_475' title='bbox 3260 493 3277 520; x_wconf 95' lang='lat'><strong>,</strong></span> <span class='ocrx_word' id='word_1_476' title='bbox 3305 454 3370 511; x_wconf 84' lang='lat' dir='ltr'><strong>lu</strong></span> <span class='ocrx_word' id='word_1_477' title='bbox 3389 476 3493 528; x_wconf 84' lang='lat' dir='ltr'><strong>qua</strong></span> 
     </span>
    </p>
   </div>
   <div class='ocr_carea' id='block_1_63' title="bbox 1902 531 3485 616">
    <p class='ocr_par' dir='ltr' id='par_1_63' title="bbox 1902 531 3485 616">
     <span class='ocr_line' id='line_1_63' title="bbox 1902 531 3485 616; baseline 0.018 -40"><span class='ocrx_word' id='word_1_478' title='bbox 1902 541 2139 580; x_wconf 78' lang='lat' dir='ltr'><strong>nteusura</strong></span> <span class='ocrx_word' id='word_1_479' title='bbox 2167 543 2183 580; x_wconf 92' lang='lat'><strong>:</strong></span> <span class='ocrx_word' id='word_1_480' title='bbox 2214 544 2320 583; x_wconf 89' lang='lat' dir='ltr'><strong>non</strong></span> <span class='ocrx_word' id='word_1_481' title='bbox 2369 531 2512 587; x_wconf 89' lang='lat' dir='ltr'><strong>enim</strong></span> <span class='ocrx_word' id='word_1_482' title='bbox 2545 548 2789 589; x_wconf 90' lang='lat' dir='ltr'><strong>mensura</strong></span> <span class='ocrx_word' id='word_1_483' title='bbox 2817 536 3057 606; x_wconf 80' lang='lat' dir='ltr'><strong>ejusdem</strong></span> <span class='ocrx_word' id='word_1_484' title='bbox 3106 546 3318 613; x_wconf 79' lang='lat' dir='ltr'><strong>generis</strong></span> <span class='ocrx_word' id='word_1_485' title='bbox 3368 560 3485 616; x_wconf 87' lang='lat' dir='ltr'><strong>est;</strong></span> 
     </span>
    </p>
   </div>
   <div class='ocr_carea' id='block_1_64' title="bbox 1901 617 3499 706">
    <p class='ocr_par' dir='ltr' id='par_1_64' title="bbox 1901 617 3499 706">
     <span class='ocr_line' id='line_1_64' title="bbox 1901 617 3499 706; baseline 0.017 -35"><span class='ocrx_word' id='word_1_486' title='bbox 1901 617 1995 673; x_wconf 87' lang='lat' dir='ltr'><strong>scd</strong></span> <span class='ocrx_word' id='word_1_487' title='bbox 2028 619 2095 673; x_wconf 88' lang='lat' dir='ltr'><strong>ad</strong></span> <span class='ocrx_word' id='word_1_488' title='bbox 2125 619 2224 676; x_wconf 89' lang='lat' dir='ltr'><strong>hoc</strong></span> <span class='ocrx_word' id='word_1_489' title='bbox 2246 622 2433 678; x_wconf 89' lang='lat' dir='ltr'><strong>eadem</strong></span> <span class='ocrx_word' id='word_1_490' title='bbox 2456 640 2704 681; x_wconf 90' lang='lat' dir='ltr'><strong>mensura</strong></span> <span class='ocrx_word' id='word_1_491' title='bbox 2725 669 2740 695; x_wconf 93' lang='lat'><strong>,</strong></span> <span class='ocrx_word' id='word_1_492' title='bbox 2765 628 2983 698; x_wconf 84' lang='lat' dir='ltr'><strong>Ignosce</strong></span> <span class='ocrx_word' id='word_1_493' title='bbox 3001 675 3016 698; x_wconf 95' lang='lat'><strong>,</strong></span> <span class='ocrx_word' id='word_1_494' title='bbox 3048 644 3105 691; x_wconf 87' lang='lat' dir='ltr'><strong>et</strong></span> <span class='ocrx_word' id='word_1_495' title='bbox 3128 636 3369 706; x_wconf 78' lang='lat' dir='ltr'><strong>ignosco.</strong></span> <span class='ocrx_word' id='word_1_496' title='bbox 3392 642 3499 697; x_wconf 86' lang='lat' dir='ltr'><strong>Est-</strong></span> 
     </span>
    </p>
   </div>
   <div class='ocr_carea' id='block_1_65' title="bbox 1901 709 3491 799">
    <p class='ocr_par' dir='ltr' id='par_1_65' title="bbox 1901 709 3491 799">
     <span class='ocr_line' id='line_1_65' title="bbox 1901 709 3491 799; baseline 0.019 -39"><span class='ocrx_word' id='word_1_497' title='bbox 1901 709 2044 778; x_wconf 87' lang='lat' dir='ltr'><strong>apud</strong></span> <span class='ocrx_word' id='word_1_498' title='bbox 2085 718 2137 766; x_wconf 90' lang='lat' dir='ltr'><strong>te</strong></span> <span class='ocrx_word' id='word_1_499' title='bbox 2171 727 2419 769; x_wconf 80' lang='lat' dir='ltr'><strong>mensum</strong></span> <span class='ocrx_word' id='word_1_500' title='bbox 2461 719 2628 773; x_wconf 78' lang='lat' dir='ltr'><strong>venia:</strong></span> <span class='ocrx_word' id='word_1_501' title='bbox 2674 718 2898 786; x_wconf 81' lang='lat' dir='ltr'><strong>dandae;</strong></span> <span class='ocrx_word' id='word_1_502' title='bbox 2923 723 3162 782; x_wconf 85' lang='lat' dir='ltr'><strong>invenies</strong></span> <span class='ocrx_word' id='word_1_503' title='bbox 3213 731 3353 799; x_wconf 87' lang='lat' dir='ltr'><strong>apud</strong></span> <span class='ocrx_word' id='word_1_504' title='bbox 3400 748 3491 791; x_wconf 84' lang='lat' dir='ltr'><strong>me</strong></span> 
     </span>
    </p>
   </div>
   <div class='ocr_carea' id='block_1_66' title="bbox 1904 806 3489 883">
    <p class='ocr_par' dir='ltr' id='par_1_66' title="bbox 1904 806 3489 883">
     <span class='ocr_line' id='line_1_66' title="bbox 1904 806 3489 883; baseline 0.016 -31"><span class='ocrx_word' id='word_1_505' title='bbox 1904 814 2211 857; x_wconf 89' lang='lat' dir='ltr'><strong>mensuram</strong></span> <span class='ocrx_word' id='word_1_506' title='bbox 2252 806 2418 859; x_wconf 73' lang='lat' dir='ltr'><strong>venia:</strong></span> <span class='ocrx_word' id='word_1_507' title='bbox 2442 809 2800 878; x_wconf 64' lang='lat' dir='ltr'><strong>accipienda}:</strong></span> <span class='ocrx_word' id='word_1_508' title='bbox 2831 821 2914 866; x_wconf 88' lang='lat' dir='ltr'><strong>est</strong></span> <span class='ocrx_word' id='word_1_509' title='bbox 2938 816 3083 883; x_wconf 84' lang='lat' dir='ltr'><strong>apud</strong></span> <span class='ocrx_word' id='word_1_510' title='bbox 3131 827 3182 873; x_wconf 92' lang='lat' dir='ltr'><strong>te</strong></span> <span class='ocrx_word' id='word_1_511' title='bbox 3238 836 3489 879; x_wconf 88' lang='lat' dir='ltr'><strong>mensura</strong></span> 
     </span>
    </p>
   </div>
   <div class='ocr_carea' id='block_1_67' title="bbox 1904 892 3487 975">
    <p class='ocr_par' dir='ltr' id='par_1_67' title="bbox 1904 892 3487 975">
     <span class='ocr_line' id='line_1_67' title="bbox 1904 892 3487 975; baseline 0.016 -30"><span class='ocrx_word' id='word_1_512' title='bbox 1904 892 2170 948; x_wconf 88' lang='lat' dir='ltr'><strong>tribuendi</strong></span> <span class='ocrx_word' id='word_1_513' title='bbox 2216 897 2356 965; x_wconf 87' lang='lat' dir='ltr'><strong>quod</strong></span> <span class='ocrx_word' id='word_1_514' title='bbox 2384 896 2583 964; x_wconf 85' lang='lat' dir='ltr'><strong>habes;</strong></span> <span class='ocrx_word' id='word_1_515' title='bbox 2607 901 2846 958; x_wconf 86' lang='lat' dir='ltr'><strong>invenies</strong></span> <span class='ocrx_word' id='word_1_516' title='bbox 2873 905 3015 975; x_wconf 90' lang='lat' dir='ltr'><strong>apud</strong></span> <span class='ocrx_word' id='word_1_517' title='bbox 3051 923 3139 964; x_wconf 87' lang='lat' dir='ltr'><strong>me</strong></span> <span class='ocrx_word' id='word_1_518' title='bbox 3181 924 3487 969; x_wconf 84' lang='lat' dir='ltr'><strong>mensuram</strong></span> 
     </span>
    </p>
   </div>
   <div class='ocr_carea' id='block_1_68' title="bbox 1904 982 2703 1056">
    <p class='ocr_par' dir='ltr' id='par_1_68' title="bbox 1904 982 2703 1056">
     <span class='ocr_line' id='line_1_68' title="bbox 1904 982 2703 1056; baseline 0.011 -20"><span class='ocrx_word' id='word_1_519' title='bbox 1904 982 2197 1054; x_wconf 83' lang='lat' dir='ltr'><strong>accipiendi</strong></span> <span class='ocrx_word' id='word_1_520' title='bbox 2218 988 2357 1056; x_wconf 87' lang='lat' dir='ltr'><strong>quod</strong></span> <span class='ocrx_word' id='word_1_521' title='bbox 2388 1005 2491 1044; x_wconf 90' lang='lat' dir='ltr'><strong>non</strong></span> <span class='ocrx_word' id='word_1_522' title='bbox 2516 990 2703 1047; x_wconf 87' lang='lat' dir='ltr'><strong>babes.</strong></span> 
     </span>
    </p>
   </div>
   <div class='ocr_carea' id='block_1_69' title="bbox 1943 1077 3493 1166">
    <p class='ocr_par' dir='ltr' id='par_1_69' title="bbox 1943 1077 3493 1166">
     <span class='ocr_line' id='line_1_69' title="bbox 1943 1077 3493 1166; baseline 0.014 -35"><span class='ocrx_word' id='word_1_523' title='bbox 1943 1131 1949 1136; x_wconf 80' lang='grc'><strong>,</strong></span> <span class='ocrx_word' id='word_1_524' title='bbox 1980 1078 2034 1132; x_wconf 82' lang='grc'><strong>9.</strong></span> <span class='ocrx_word' id='word_1_525' title='bbox 2066 1077 2419 1135; x_wconf 77' lang='lat' dir='ltr'><strong>Misericordia</strong></span> <span class='ocrx_word' id='word_1_526' title='bbox 2452 1100 2565 1137; x_wconf 89' lang='lat' dir='ltr'><strong>mea</strong></span> <span class='ocrx_word' id='word_1_527' title='bbox 2601 1095 2646 1138; x_wconf 85' lang='lat' dir='ltr'><strong>et</strong></span> <span class='ocrx_word' id='word_1_528' title='bbox 2685 1088 2941 1157; x_wconf 79' lang='lat' dir='ltr'><strong>refugium</strong></span> <span class='ocrx_word' id='word_1_529' title='bbox 2980 1107 3179 1155; x_wconf 87' lang='lat' dir='ltr'><strong>meum,</strong></span> <span class='ocrx_word' id='word_1_530' title='bbox 3231 1106 3493 1166; x_wconf 76' lang='lat' dir='ltr'><strong>susceptor</strong></span> 
     </span>
    </p>
   </div>
   <div class='ocr_carea' id='block_1_70' title="bbox 1906 1177 3486 1256">
    <p class='ocr_par' dir='ltr' id='par_1_70' title="bbox 1906 1177 3486 1256">
     <span class='ocr_line' id='line_1_70' title="bbox 1906 1177 3486 1256; baseline 0.015 -34"><span class='ocrx_word' id='word_1_531' title='bbox 1906 1184 2051 1223; x_wconf 84' lang='lat' dir='ltr'><strong>meus</strong></span> <span class='ocrx_word' id='word_1_532' title='bbox 2078 1179 2123 1224; x_wconf 88' lang='lat' dir='ltr'><strong>et</strong></span> <span class='ocrx_word' id='word_1_533' title='bbox 2153 1182 2324 1226; x_wconf 84' lang='lat' dir='ltr'><strong>erutor</strong></span> <span class='ocrx_word' id='word_1_534' title='bbox 2352 1191 2508 1229; x_wconf 84' lang='lat' dir='ltr'><strong>meus.</strong></span> <span class='ocrx_word' id='word_1_535' title='bbox 2540 1177 2761 1233; x_wconf 81' lang='lat' dir='ltr'><strong>Multum</strong></span> <span class='ocrx_word' id='word_1_536' title='bbox 2810 1181 3015 1237; x_wconf 86' lang='lat' dir='ltr'><strong>laborat</strong></span> <span class='ocrx_word' id='word_1_537' title='bbox 3044 1187 3316 1254; x_wconf 62' lang='lat' dir='ltr'><strong>proeliator</strong></span> <span class='ocrx_word' id='word_1_538' title='bbox 3364 1189 3486 1256; x_wconf 86' lang='lat' dir='ltr'><strong>hic,</strong></span> 
     </span>
    </p>
   </div>
   <div class='ocr_carea' id='block_1_71' title="bbox 1908 1268 3488 1347">
    <p class='ocr_par' dir='ltr' id='par_1_71' title="bbox 1908 1268 3488 1347">
     <span class='ocr_line' id='line_1_71' title="bbox 1908 1268 3488 1347; baseline 0.015 -32"><span class='ocrx_word' id='word_1_539' title='bbox 1908 1268 2100 1317; x_wconf 86' lang='lat' dir='ltr'><strong>tenens</strong></span> <span class='ocrx_word' id='word_1_540' title='bbox 2150 1268 2615 1334; x_wconf 84' lang='lat' dir='ltr'><strong>concupiscentem</strong></span> <span class='ocrx_word' id='word_1_541' title='bbox 2659 1272 2918 1328; x_wconf 77' lang='lat' dir='ltr'><strong>adversus</strong></span> <span class='ocrx_word' id='word_1_542' title='bbox 2961 1278 3203 1347; x_wconf 88' lang='lat' dir='ltr'><strong>spiritum</strong></span> <span class='ocrx_word' id='word_1_543' title='bbox 3250 1296 3488 1339; x_wconf 88' lang='lat' dir='ltr'><strong>carnem.</strong></span> 
     </span>
    </p>
   </div>
   <div class='ocr_carea' id='block_1_72' title="bbox 1909 1353 3492 1439">
    <p class='ocr_par' dir='ltr' id='par_1_72' title="bbox 1909 1353 3492 1439">
     <span class='ocr_line' id='line_1_72' title="bbox 1909 1353 3492 1439; baseline 0.015 -30"><span class='ocrx_word' id='word_1_544' title='bbox 1909 1353 2056 1411; x_wconf 88' lang='lat' dir='ltr'><strong>Tene</strong></span> <span class='ocrx_word' id='word_1_545' title='bbox 2081 1356 2226 1426; x_wconf 90' lang='lat' dir='ltr'><strong>quod</strong></span> <span class='ocrx_word' id='word_1_546' title='bbox 2253 1367 2419 1414; x_wconf 90' lang='lat' dir='ltr'><strong>tenes.</strong></span> <span class='ocrx_word' id='word_1_547' title='bbox 2444 1359 2595 1416; x_wconf 83' lang='lat' dir='ltr'><strong>Tunc</strong></span> <span class='ocrx_word' id='word_1_548' title='bbox 2622 1365 2724 1418; x_wconf 90' lang='lat' dir='ltr'><strong>erit</strong></span> <span class='ocrx_word' id='word_1_549' title='bbox 2750 1367 2900 1434; x_wconf 81' lang='lat' dir='ltr'><strong>plene</strong></span> <span class='ocrx_word' id='word_1_550' title='bbox 2926 1370 3066 1439; x_wconf 89' lang='lat' dir='ltr'><strong>quod</strong></span> <span class='ocrx_word' id='word_1_551' title='bbox 3093 1373 3173 1426; x_wconf 85' lang='lat' dir='ltr'><strong>vis</strong></span> <span class='ocrx_word' id='word_1_552' title='bbox 3193 1414 3207 1438; x_wconf 95' lang='lat'><strong>,</strong></span> <span class='ocrx_word' id='word_1_553' title='bbox 3234 1389 3355 1429; x_wconf 91' lang='lat' dir='ltr'><strong>cum</strong></span> <span class='ocrx_word' id='word_1_554' title='bbox 3392 1378 3492 1432; x_wconf 89' lang='lat' dir='ltr'><strong>ab-</strong></span> 
     </span>
    </p>
   </div>
   <div class='ocr_carea' id='block_1_73' title="bbox 1909 1446 3493 1528">
    <p class='ocr_par' dir='ltr' id='par_1_73' title="bbox 1909 1446 3493 1528">
     <span class='ocr_line' id='line_1_73' title="bbox 1909 1446 3493 1528; baseline 0.015 -28"><span class='ocrx_word' id='word_1_555' title='bbox 1909 1455 2089 1516; x_wconf 85' lang='lat' dir='ltr'><strong>sorpta</strong></span> <span class='ocrx_word' id='word_1_556' title='bbox 2116 1446 2274 1503; x_wconf 77' lang='lat' dir='ltr'><strong>fuerit</strong></span> <span class='ocrx_word' id='word_1_557' title='bbox 2327 1465 2472 1505; x_wconf 89' lang='lat' dir='ltr'><strong>mors</strong></span> <span class='ocrx_word' id='word_1_558' title='bbox 2517 1452 2569 1505; x_wconf 92' lang='lat' dir='ltr'><strong>iu</strong></span> <span class='ocrx_word' id='word_1_559' title='bbox 2596 1454 2902 1524; x_wconf 87' lang='lat' dir='ltr'><strong>victoriam;</strong></span> <span class='ocrx_word' id='word_1_560' title='bbox 2950 1462 3163 1528; x_wconf 86' lang='lat' dir='ltr'><strong>quando</strong></span> <span class='ocrx_word' id='word_1_561' title='bbox 3204 1468 3493 1522; x_wconf 83' lang='lat' dir='ltr'><strong>resuscita-</strong></span> 
     </span>
    </p>
   </div>
   <div class='ocr_carea' id='block_1_74' title="bbox 1912 1539 3493 1614">
    <p class='ocr_par' dir='ltr' id='par_1_74' title="bbox 1912 1539 3493 1614">
     <span class='ocr_line' id='line_1_74' title="bbox 1912 1539 3493 1614; baseline 0.014 -23"><span class='ocrx_word' id='word_1_562' title='bbox 1912 1544 2021 1592; x_wconf 90' lang='lat' dir='ltr'><strong>tum</strong></span> <span class='ocrx_word' id='word_1_563' title='bbox 2058 1539 2283 1596; x_wconf 85' lang='lat' dir='ltr'><strong>mortale</strong></span> <span class='ocrx_word' id='word_1_564' title='bbox 2308 1539 2411 1597; x_wconf 89' lang='lat' dir='ltr'><strong>hoc</strong></span> <span class='ocrx_word' id='word_1_565' title='bbox 2446 1557 2644 1614; x_wconf 90' lang='lat' dir='ltr'><strong>corpus</strong></span> <span class='ocrx_word' id='word_1_566' title='bbox 2689 1549 3007 1606; x_wconf 83' lang='lat' dir='ltr'><strong>transfertur</strong></span> <span class='ocrx_word' id='word_1_567' title='bbox 3051 1554 3102 1607; x_wconf 90' lang='lat' dir='ltr'><strong>in</strong></span> <span class='ocrx_word' id='word_1_568' title='bbox 3127 1555 3493 1613; x_wconf 86' lang='lat' dir='ltr'><strong>habitudinem</strong></span> 
     </span>
    </p>
   </div>
   <div class='ocr_carea' id='block_1_75' title="bbox 1911 1632 3488 1718">
    <p class='ocr_par' dir='ltr' id='par_1_75' title="bbox 1911 1632 3488 1718">
     <span class='ocr_line' id='line_1_75' title="bbox 1911 1632 3488 1718; baseline 0.014 -34"><span class='ocrx_word' id='word_1_569' title='bbox 1911 1632 2241 1702; x_wconf 79' lang='lat' dir='ltr'><strong>angelicam,</strong></span> <span class='ocrx_word' id='word_1_570' title='bbox 2305 1637 2455 1691; x_wconf 89' lang='lat' dir='ltr'><strong>etin</strong></span> <span class='ocrx_word' id='word_1_571' title='bbox 2504 1638 2781 1695; x_wconf 60' lang='lat' dir='ltr'><strong>caelestem</strong></span> <span class='ocrx_word' id='word_1_572' title='bbox 2854 1645 3101 1701; x_wconf 84' lang='lat' dir='ltr'><strong>subvolat</strong></span> <span class='ocrx_word' id='word_1_573' title='bbox 3162 1650 3488 1718; x_wconf 87' lang='lat' dir='ltr'><strong>qualitatem.</strong></span> 
     </span>
    </p>
   </div>
   <div class='ocr_carea' id='block_1_76' title="bbox 1918 1725 3494 1809">
    <p class='ocr_par' dir='ltr' id='par_1_76' title="bbox 1918 1725 3494 1809">
     <span class='ocr_line' id='line_1_76' title="bbox 1918 1725 3494 1809; baseline 0.013 -31"><span class='ocrx_word' id='word_1_574' title='bbox 1918 1725 2387 1799; x_wconf 69' lang='lat' dir='ltr'><strong>«Mortui,oiuquit,</strong></span> <span class='ocrx_word' id='word_1_575' title='bbox 2413 1749 2432 1781; x_wconf 74' lang='grc' dir='ltr'>ί</span> <span class='ocrx_word' id='word_1_576' title='bbox 2460 1731 2511 1785; x_wconf 91' lang='lat' dir='ltr'><strong>in</strong></span> <span class='ocrx_word' id='word_1_577' title='bbox 2537 1732 2771 1801; x_wconf 88' lang='lat' dir='ltr'><strong>Christo,</strong></span> <span class='ocrx_word' id='word_1_578' title='bbox 2792 1748 3068 1805; x_wconf 82' lang='lat' dir='ltr'><strong>resurgent</strong></span> <span class='ocrx_word' id='word_1_579' title='bbox 3086 1739 3240 1809; x_wconf 89' lang='lat' dir='ltr'><strong>primi</strong></span> <span class='ocrx_word' id='word_1_580' title='bbox 3262 1760 3272 1795; x_wconf 92' lang='lat'><strong>:</strong></span> <span class='ocrx_word' id='word_1_581' title='bbox 3297 1744 3494 1800; x_wconf 84' lang='lat' dir='ltr'><strong>deinde</strong></span> 
     </span>
    </p>
   </div>
   <div class='ocr_carea' id='block_1_77' title="bbox 1914 1818 3494 1894">
    <p class='ocr_par' dir='ltr' id='par_1_77' title="bbox 1914 1818 3494 1894">
     <span class='ocr_line' id='line_1_77' title="bbox 1914 1818 3494 1894; baseline 0.013 -23"><span class='ocrx_word' id='word_1_582' title='bbox 1914 1824 1967 1871; x_wconf 84' lang='lat' dir='ltr'><strong>et</strong></span> <span class='ocrx_word' id='word_1_583' title='bbox 1992 1832 2089 1872; x_wconf 89' lang='lat' dir='ltr'><strong>nos</strong></span> <span class='ocrx_word' id='word_1_584' title='bbox 2118 1818 2359 1893; x_wconf 74' lang='lat' dir='ltr'><strong>viventes</strong></span> <span class='ocrx_word' id='word_1_585' title='bbox 2384 1823 2471 1891; x_wconf 85' lang='lat' dir='ltr'><strong>qui</strong></span> <span class='ocrx_word' id='word_1_586' title='bbox 2522 1823 2709 1894; x_wconf 75' lang='lat' dir='ltr'><strong>reliqui</strong></span> <span class='ocrx_word' id='word_1_587' title='bbox 2738 1840 2922 1881; x_wconf 79' lang='lat' dir='ltr'><strong>Sumus</strong></span> <span class='ocrx_word' id='word_1_588' title='bbox 2944 1870 2957 1892; x_wconf 93' lang='lat'><strong>,</strong></span> <span class='ocrx_word' id='word_1_589' title='bbox 3014 1830 3067 1883; x_wconf 89' lang='lat' dir='ltr'><strong>in</strong></span> <span class='ocrx_word' id='word_1_590' title='bbox 3108 1832 3337 1888; x_wconf 88' lang='lat' dir='ltr'><strong>adventu</strong></span> <span class='ocrx_word' id='word_1_591' title='bbox 3386 1836 3494 1890; x_wconf 82' lang='lat' dir='ltr'><strong>Do-</strong></span> 
     </span>
    </p>
   </div>
   <div class='ocr_carea' id='block_1_78' title="bbox 1915 1910 3492 1981">
    <p class='ocr_par' dir='ltr' id='par_1_78' title="bbox 1915 1910 3492 1981">
     <span class='ocr_line' id='line_1_78' title="bbox 1915 1910 3492 1981; baseline 0.011 -19"><span class='ocrx_word' id='word_1_592' title='bbox 1915 1910 2044 1963; x_wconf 87' lang='lat' dir='ltr'><strong>mini</strong></span> <span class='ocrx_word' id='word_1_593' title='bbox 2085 1910 2245 1965; x_wconf 90' lang='lat' dir='ltr'><strong>simul</strong></span> <span class='ocrx_word' id='word_1_594' title='bbox 2295 1913 2563 1981; x_wconf 86' lang='lat' dir='ltr'><strong>rapiemur</strong></span> <span class='ocrx_word' id='word_1_595' title='bbox 2583 1931 2702 1969; x_wconf 91' lang='lat' dir='ltr'><strong>cum</strong></span> <span class='ocrx_word' id='word_1_596' title='bbox 2769 1919 2872 1972; x_wconf 88' lang='lat' dir='ltr'><strong>illis</strong></span> <span class='ocrx_word' id='word_1_597' title='bbox 2918 1921 2968 1973; x_wconf 90' lang='lat' dir='ltr'><strong>in</strong></span> <span class='ocrx_word' id='word_1_598' title='bbox 3016 1922 3243 1978; x_wconf 88' lang='lat' dir='ltr'><strong>nubibus</strong></span> <span class='ocrx_word' id='word_1_599' title='bbox 3285 1927 3492 1981; x_wconf 84' lang='lat' dir='ltr'><strong>obviam</strong></span> 
     </span>
    </p>
   </div>
   <div class='ocr_carea' id='block_1_79' title="bbox 1914 1999 3493 2080">
    <p class='ocr_par' dir='ltr' id='par_1_79' title="bbox 1914 1999 3493 2080">
     <span class='ocr_line' id='line_1_79' title="bbox 1914 1999 3493 2080; baseline 0.013 -27"><span class='ocrx_word' id='word_1_600' title='bbox 1914 1999 2126 2056; x_wconf 85' lang='lat' dir='ltr'><strong>Christo</strong></span> <span class='ocrx_word' id='word_1_601' title='bbox 2190 2002 2241 2055; x_wconf 89' lang='lat' dir='ltr'><strong>in</strong></span> <span class='ocrx_word' id='word_1_602' title='bbox 2283 2018 2441 2069; x_wconf 86' lang='lat' dir='ltr'><strong>aera;</strong></span> <span class='ocrx_word' id='word_1_603' title='bbox 2486 2015 2537 2059; x_wconf 90' lang='lat' dir='ltr'><strong>et</strong></span> <span class='ocrx_word' id='word_1_604' title='bbox 2585 2008 2662 2061; x_wconf 90' lang='lat' dir='ltr'><strong>sic</strong></span> <span class='ocrx_word' id='word_1_605' title='bbox 2705 2023 2919 2080; x_wconf 83' lang='lat' dir='ltr'><strong>semper</strong></span> <span class='ocrx_word' id='word_1_606' title='bbox 2971 2028 3091 2067; x_wconf 86' lang='lat' dir='ltr'><strong>cum</strong></span> <span class='ocrx_word' id='word_1_607' title='bbox 3125 2016 3348 2071; x_wconf 86' lang='lat' dir='ltr'><strong>Domino</strong></span> <span class='ocrx_word' id='word_1_608' title='bbox 3387 2022 3493 2074; x_wconf 87' lang='lat' dir='ltr'><strong>cri-</strong></span> 
     </span>
    </p>
   </div>
   <div class='ocr_carea' id='block_1_80' title="bbox 1915 2092 3498 2168">
    <p class='ocr_par' dir='ltr' id='par_1_80' title="bbox 1915 2092 3498 2168">
     <span class='ocr_line' id='line_1_80' title="bbox 1915 2092 3498 2168; baseline 0.013 -23"><span class='ocrx_word' id='word_1_609' title='bbox 1915 2104 2036 2145; x_wconf 88' lang='lat' dir='ltr'><strong>mus</strong></span> <span class='ocrx_word' id='word_1_610' title='bbox 2071 2110 2089 2143; x_wconf 75' lang='grc' dir='ltr'><strong>ι</strong></span> <span class='ocrx_word' id='word_1_611' title='bbox 2147 2092 2200 2162; x_wconf 93' lang='grc'><strong>(1</strong></span> <span class='ocrx_word' id='word_1_612' title='bbox 2228 2093 2400 2147; x_wconf 86' lang='lat' dir='ltr'><strong>Thess.</strong></span> <span class='ocrx_word' id='word_1_613' title='bbox 2433 2109 2508 2160; x_wconf 84' lang='lat' dir='ltr'><strong>tv,</strong></span> <span class='ocrx_word' id='word_1_614' title='bbox 2549 2097 2635 2161; x_wconf 80' lang='grc'><strong>15,</strong></span> <span class='ocrx_word' id='word_1_615' title='bbox 2683 2099 2793 2168; x_wconf 74' lang='grc'>16).</span> <span class='ocrx_word' id='word_1_616' title='bbox 2829 2100 2900 2154; x_wconf 88' lang='lat' dir='ltr'><strong>lbi</strong></span> <span class='ocrx_word' id='word_1_617' title='bbox 2947 2102 3315 2161; x_wconf 85' lang='lat' dir='ltr'><strong>absorbebitur</strong></span> <span class='ocrx_word' id='word_1_618' title='bbox 3352 2122 3498 2165; x_wconf 86' lang='lat' dir='ltr'><strong>mors</strong></span> 
     </span>
    </p>
   </div>
   <div class='ocr_carea' id='block_1_81' title="bbox 1918 2184 3493 2263">
    <p class='ocr_par' dir='ltr' id='par_1_81' title="bbox 1918 2184 3493 2263">
     <span class='ocr_line' id='line_1_81' title="bbox 1918 2184 3493 2263; baseline 0.01 -27"><span class='ocrx_word' id='word_1_619' title='bbox 1918 2184 1969 2237; x_wconf 89' lang='lat' dir='ltr'><strong>in</strong></span> <span class='ocrx_word' id='word_1_620' title='bbox 1999 2184 2276 2238; x_wconf 84' lang='lat' dir='ltr'><strong>victoriam</strong></span> <span class='ocrx_word' id='word_1_621' title='bbox 2307 2205 2320 2239; x_wconf 93' lang='lat'><strong>:</strong></span> <span class='ocrx_word' id='word_1_622' title='bbox 2353 2186 2423 2240; x_wconf 90' lang='lat' dir='ltr'><strong>ibi</strong></span> <span class='ocrx_word' id='word_1_623' title='bbox 2450 2186 2659 2242; x_wconf 85' lang='lat' dir='ltr'><strong>dicetur</strong></span> <span class='ocrx_word' id='word_1_624' title='bbox 2701 2231 2716 2255; x_wconf 93' lang='lat'><strong>,</strong></span> <span class='ocrx_word' id='word_1_625' title='bbox 2746 2189 2843 2243; x_wconf 87' lang='lat' dir='ltr'><strong>Ubi</strong></span> <span class='ocrx_word' id='word_1_626' title='bbox 2885 2201 2956 2244; x_wconf 84' lang='lat' dir='ltr'><strong>ost</strong></span> <span class='ocrx_word' id='word_1_627' title='bbox 2979 2234 2993 2257; x_wconf 95' lang='lat'><strong>,</strong></span> <span class='ocrx_word' id='word_1_628' title='bbox 3038 2210 3172 2248; x_wconf 86' lang='lat' dir='ltr'><strong>mors</strong></span> <span class='ocrx_word' id='word_1_629' title='bbox 3194 2236 3209 2263; x_wconf 93' lang='lat'><strong>,</strong></span> <span class='ocrx_word' id='word_1_630' title='bbox 3239 2201 3493 2252; x_wconf 82' lang='lat' dir='ltr'><strong>contentio</strong></span> 
     </span>
    </p>
   </div>
   <div class='ocr_carea' id='block_1_82' title="bbox 1917 2275 3567 2361">
    <p class='ocr_par' dir='ltr' id='par_1_82' title="bbox 1917 2275 3567 2361">
     <span class='ocr_line' id='line_1_82' title="bbox 1917 2275 3567 2361; baseline 0.011 -33"><span class='ocrx_word' id='word_1_631' title='bbox 1917 2275 2046 2330; x_wconf 82' lang='lat' dir='ltr'><strong>tua?</strong></span> <span class='ocrx_word' id='word_1_632' title='bbox 2091 2276 2176 2329; x_wconf 86' lang='lat' dir='ltr'><strong>ubi</strong></span> <span class='ocrx_word' id='word_1_633' title='bbox 2196 2286 2300 2343; x_wconf 84' lang='lat' dir='ltr'><strong>est,</strong></span> <span class='ocrx_word' id='word_1_634' title='bbox 2333 2294 2500 2345; x_wconf 85' lang='lat' dir='ltr'><strong>mors,</strong></span> <span class='ocrx_word' id='word_1_635' title='bbox 2530 2280 2731 2334; x_wconf 81' lang='lat' dir='ltr'><strong>aculeus</strong></span> <span class='ocrx_word' id='word_1_636' title='bbox 2758 2290 2876 2335; x_wconf 88' lang='lat' dir='ltr'><strong>tuus</strong></span> <span class='ocrx_word' id='word_1_637' title='bbox 2904 2282 2960 2354; x_wconf 92' lang='grc' dir='ltr'><strong>(Ι</strong></span> <span class='ocrx_word' id='word_1_638' title='bbox 2986 2282 3105 2339; x_wconf 82' lang='lat' dir='ltr'><strong>Cor.</strong></span> <span class='ocrx_word' id='word_1_639' title='bbox 3130 2302 3230 2354; x_wconf 82' lang='lat' dir='ltr'><strong>xv,</strong></span> <span class='ocrx_word' id='word_1_640' title='bbox 3265 2289 3353 2352; x_wconf 74' lang='grc'><strong>54,</strong></span> <span class='ocrx_word' id='word_1_641' title='bbox 3372 2290 3501 2361; x_wconf 80' lang='lat'><strong>55)?</strong></span> <span class='ocrx_word' id='word_1_642' title='bbox 3564 2318 3567 2321; x_wconf 54' lang='grc' dir='ltr'>ν</span> 
     </span>
    </p>
   </div>
   <div class='ocr_carea' id='block_1_83' title="bbox 1917 2367 3496 2450">
    <p class='ocr_par' dir='ltr' id='par_1_83' title="bbox 1917 2367 3496 2450">
     <span class='ocr_line' id='line_1_83' title="bbox 1917 2367 3496 2450; baseline 0.007 -26"><span class='ocrx_word' id='word_1_643' title='bbox 1917 2367 2034 2424; x_wconf 83' lang='grc' dir='ltr'>Νοιι</span> <span class='ocrx_word' id='word_1_644' title='bbox 2065 2370 2207 2424; x_wconf 89' lang='lat' dir='ltr'><strong>enim</strong></span> <span class='ocrx_word' id='word_1_645' title='bbox 2237 2369 2591 2439; x_wconf 86' lang='lat' dir='ltr'><strong>relinquetur,</strong></span> <span class='ocrx_word' id='word_1_646' title='bbox 2617 2385 2715 2427; x_wconf 91' lang='lat' dir='ltr'><strong>nec</strong></span> <span class='ocrx_word' id='word_1_647' title='bbox 2743 2373 2793 2426; x_wconf 91' lang='lat' dir='ltr'><strong>in</strong></span> <span class='ocrx_word' id='word_1_648' title='bbox 2820 2375 2999 2429; x_wconf 88' lang='lat' dir='ltr'><strong>animo</strong></span> <span class='ocrx_word' id='word_1_649' title='bbox 3017 2417 3031 2441; x_wconf 94' lang='lat'><strong>,</strong></span> <span class='ocrx_word' id='word_1_650' title='bbox 3056 2392 3155 2431; x_wconf 89' lang='lat' dir='ltr'><strong>nec</strong></span> <span class='ocrx_word' id='word_1_651' title='bbox 3180 2379 3229 2432; x_wconf 91' lang='lat' dir='ltr'><strong>in</strong></span> <span class='ocrx_word' id='word_1_652' title='bbox 3252 2394 3496 2450; x_wconf 87' lang='lat' dir='ltr'><strong>corpore,</strong></span> 
     </span>
    </p>
   </div>
   <div class='ocr_carea' id='block_1_84' title="bbox 1917 2460 3501 2531">
    <p class='ocr_par' dir='ltr' id='par_1_84' title="bbox 1917 2460 3501 2531">
     <span class='ocr_line' id='line_1_84' title="bbox 1917 2460 3501 2531; baseline 0.008 -17"><span class='ocrx_word' id='word_1_653' title='bbox 1917 2460 2060 2531; x_wconf 89' lang='lat' dir='ltr'><strong>quod</strong></span> <span class='ocrx_word' id='word_1_654' title='bbox 2102 2461 2328 2516; x_wconf 86' lang='lat' dir='ltr'><strong>rebellet</strong></span> <span class='ocrx_word' id='word_1_655' title='bbox 2366 2461 2622 2517; x_wconf 87' lang='lat' dir='ltr'><strong>adversus</strong></span> <span class='ocrx_word' id='word_1_656' title='bbox 2666 2478 2903 2519; x_wconf 88' lang='lat' dir='ltr'><strong>amorem</strong></span> <span class='ocrx_word' id='word_1_657' title='bbox 2945 2466 3057 2521; x_wconf 89' lang='lat' dir='ltr'><strong>Dei.</strong></span> <span class='ocrx_word' id='word_1_658' title='bbox 3094 2468 3252 2525; x_wconf 88' lang='lat' dir='ltr'><strong>Plena</strong></span> <span class='ocrx_word' id='word_1_659' title='bbox 3279 2471 3501 2526; x_wconf 86' lang='lat' dir='ltr'><strong>victoria</strong></span> 
     </span>
    </p>
   </div>
   <div class='ocr_carea' id='block_1_85' title="bbox 1919 2551 3499 2623">
    <p class='ocr_par' dir='ltr' id='par_1_85' title="bbox 1919 2551 3499 2623">
     <span class='ocr_line' id='line_1_85' title="bbox 1919 2551 3499 2623; baseline 0.006 -19"><span class='ocrx_word' id='word_1_660' title='bbox 1919 2551 2075 2621; x_wconf 87' lang='lat' dir='ltr'><strong>plena</strong></span> <span class='ocrx_word' id='word_1_661' title='bbox 2104 2567 2226 2622; x_wconf 79' lang='lat' dir='ltr'><strong>pax.</strong></span> <span class='ocrx_word' id='word_1_662' title='bbox 2268 2552 2345 2606; x_wconf 91' lang='lat' dir='ltr'><strong>De</strong></span> <span class='ocrx_word' id='word_1_663' title='bbox 2370 2551 2469 2606; x_wconf 85' lang='lat' dir='ltr'><strong>hac</strong></span> <span class='ocrx_word' id='word_1_664' title='bbox 2492 2554 2645 2608; x_wconf 89' lang='lat' dir='ltr'><strong>nobis</strong></span> <span class='ocrx_word' id='word_1_665' title='bbox 2669 2555 3032 2623; x_wconf 71' lang='lat' dir='ltr'><strong>proeliantibus</strong></span> <span class='ocrx_word' id='word_1_666' title='bbox 3052 2558 3249 2613; x_wconf 88' lang='lat' dir='ltr'><strong>dicitur</strong></span> <span class='ocrx_word' id='word_1_667' title='bbox 3285 2579 3297 2613; x_wconf 89' lang='lat'><strong>:</strong></span> <span class='ocrx_word' id='word_1_668' title='bbox 3342 2560 3499 2615; x_wconf 83' lang='lat' dir='ltr'><strong>Veni-</strong></span> 
     </span>
    </p>
   </div>
   <div class='ocr_carea' id='block_1_86' title="bbox 1921 2642 3503 2711">
    <p class='ocr_par' dir='ltr' id='par_1_86' title="bbox 1921 2642 3503 2711">
     <span class='ocr_line' id='line_1_86' title="bbox 1921 2642 3503 2711; baseline 0.008 -18"><span class='ocrx_word' id='word_1_669' title='bbox 1921 2651 1969 2695; x_wconf 88' lang='lat' dir='ltr'><strong>te</strong></span> <span class='ocrx_word' id='word_1_670' title='bbox 1991 2683 2005 2708; x_wconf 93' lang='lat'><strong>,</strong></span> <span class='ocrx_word' id='word_1_671' title='bbox 2029 2642 2124 2711; x_wconf 78' lang='lat' dir='ltr'><strong>ﬁlii</strong></span> <span class='ocrx_word' id='word_1_672' title='bbox 2144 2685 2158 2709; x_wconf 89' lang='lat'><strong>,</strong></span> <span class='ocrx_word' id='word_1_673' title='bbox 2206 2642 2377 2696; x_wconf 87' lang='lat' dir='ltr'><strong>audite</strong></span> <span class='ocrx_word' id='word_1_674' title='bbox 2410 2659 2489 2696; x_wconf 86' lang='lat' dir='ltr'><strong>me</strong></span> <span class='ocrx_word' id='word_1_675' title='bbox 2508 2660 2529 2708; x_wconf 90' lang='lat'><strong>;</strong></span> <span class='ocrx_word' id='word_1_676' title='bbox 2560 2644 2786 2698; x_wconf 86' lang='lat' dir='ltr'><strong>timorem</strong></span> <span class='ocrx_word' id='word_1_677' title='bbox 2828 2644 3037 2701; x_wconf 85' lang='lat' dir='ltr'><strong>Domini</strong></span> <span class='ocrx_word' id='word_1_678' title='bbox 3065 2649 3251 2703; x_wconf 86' lang='lat' dir='ltr'><strong>docebo</strong></span> <span class='ocrx_word' id='word_1_679' title='bbox 3296 2666 3401 2704; x_wconf 89' lang='lat' dir='ltr'><strong>vos.</strong></span> <span class='ocrx_word' id='word_1_680' title='bbox 3444 2650 3503 2707; x_wconf 82' lang='lat' dir='ltr'><strong>In</strong></span> 
     </span>
    </p>
   </div>
   <div class='ocr_carea' id='block_1_87' title="bbox 1922 2724 3503 2811">
    <p class='ocr_par' dir='ltr' id='par_1_87' title="bbox 1922 2724 3503 2811">
     <span class='ocr_line' id='line_1_87' title="bbox 1922 2724 3503 2811; baseline 0.006 -22"><span class='ocrx_word' id='word_1_681' title='bbox 1922 2735 2107 2805; x_wconf 65' lang='lat' dir='ltr'><strong>praelio</strong></span> <span class='ocrx_word' id='word_1_682' title='bbox 2159 2736 2328 2802; x_wconf 90' lang='lat' dir='ltr'><strong>estis,</strong></span> <span class='ocrx_word' id='word_1_683' title='bbox 2377 2736 2428 2790; x_wconf 91' lang='lat' dir='ltr'><strong>in</strong></span> <span class='ocrx_word' id='word_1_684' title='bbox 2483 2739 2826 2792; x_wconf 89' lang='lat' dir='ltr'><strong>contentione</strong></span> <span class='ocrx_word' id='word_1_685' title='bbox 2875 2740 3285 2811; x_wconf 79' lang='lat' dir='ltr'><strong>conﬂigitis;et</strong></span> <span class='ocrx_word' id='word_1_686' title='bbox 3326 2724 3503 2800; x_wconf 78' lang='lat' dir='ltr'><strong>tamen</strong></span> 
     </span>
    </p>
   </div>
   <div class='ocr_carea' id='block_1_88' title="bbox 1922 2826 3505 2907">
    <p class='ocr_par' dir='ltr' id='par_1_88' title="bbox 1922 2826 3505 2907">
     <span class='ocr_line' id='line_1_88' title="bbox 1922 2826 3505 2907; baseline 0.007 -26"><span class='ocrx_word' id='word_1_687' title='bbox 1922 2826 2204 2896; x_wconf 89' lang='lat' dir='ltr'><strong>quamdam</strong></span> <span class='ocrx_word' id='word_1_688' title='bbox 2231 2828 2472 2896; x_wconf 79' lang='lat' dir='ltr'><strong>requiem</strong></span> <span class='ocrx_word' id='word_1_689' title='bbox 2502 2828 2835 2885; x_wconf 88' lang='lat' dir='ltr'><strong>desideratis.</strong></span> <span class='ocrx_word' id='word_1_690' title='bbox 2872 2832 2993 2898; x_wconf 85' lang='lat' dir='ltr'><strong>Quis</strong></span> <span class='ocrx_word' id='word_1_691' title='bbox 3023 2845 3094 2888; x_wconf 82' lang='lat' dir='ltr'><strong>est</strong></span> <span class='ocrx_word' id='word_1_692' title='bbox 3121 2834 3268 2889; x_wconf 83' lang='grc' dir='ltr'>Ιιοιιιο</span> <span class='ocrx_word' id='word_1_693' title='bbox 3288 2839 3374 2907; x_wconf 90' lang='lat' dir='ltr'><strong>qui</strong></span> <span class='ocrx_word' id='word_1_694' title='bbox 3398 2839 3505 2892; x_wconf 88' lang='lat' dir='ltr'><strong>vult</strong></span> 
     </span>
    </p>
   </div>
   <div class='ocr_carea' id='block_1_89' title="bbox 1921 2919 3503 2999">
    <p class='ocr_par' dir='ltr' id='par_1_89' title="bbox 1921 2919 3503 2999">
     <span class='ocr_line' id='line_1_89' title="bbox 1921 2919 3503 2999; baseline 0.009 -26"><span class='ocrx_word' id='word_1_695' title='bbox 1921 2920 2105 2987; x_wconf 84' lang='lat' dir='ltr'><strong>vitam,</strong></span> <span class='ocrx_word' id='word_1_696' title='bbox 2135 2929 2181 2975; x_wconf 87' lang='lat' dir='ltr'><strong>ct</strong></span> <span class='ocrx_word' id='word_1_697' title='bbox 2215 2919 2382 2991; x_wconf 85' lang='lat' dir='ltr'><strong>diligit</strong></span> <span class='ocrx_word' id='word_1_698' title='bbox 2411 2922 2578 2976; x_wconf 82' lang='lat' dir='ltr'><strong>videre</strong></span> <span class='ocrx_word' id='word_1_699' title='bbox 2615 2924 2721 2977; x_wconf 82' lang='lat' dir='ltr'><strong>dies</strong></span> <span class='ocrx_word' id='word_1_700' title='bbox 2755 2924 2953 2980; x_wconf 87' lang='lat' dir='ltr'><strong>bonos?</strong></span> <span class='ocrx_word' id='word_1_701' title='bbox 2980 2927 3109 2995; x_wconf 90' lang='lat' dir='ltr'><strong>Quis</strong></span> <span class='ocrx_word' id='word_1_702' title='bbox 3137 2939 3219 2982; x_wconf 87' lang='lat' dir='ltr'><strong>cst</strong></span> <span class='ocrx_word' id='word_1_703' title='bbox 3265 2931 3352 2999; x_wconf 90' lang='lat' dir='ltr'><strong>qui</strong></span> <span class='ocrx_word' id='word_1_704' title='bbox 3395 2947 3503 2986; x_wconf 86' lang='lat' dir='ltr'><strong>non</strong></span> 
     </span>
    </p>
   </div>
   <div class='ocr_carea' id='block_1_90' title="bbox 1924 3010 3504 3082">
    <p class='ocr_par' dir='ltr' id='par_1_90' title="bbox 1924 3010 3504 3082">
     <span class='ocr_line' id='line_1_90' title="bbox 1924 3010 3504 3082; baseline 0.006 -16"><span class='ocrx_word' id='word_1_705' title='bbox 1924 3010 2067 3066; x_wconf 86' lang='lat' dir='ltr'><strong>dicat</strong></span> <span class='ocrx_word' id='word_1_706' title='bbox 2098 3027 2112 3064; x_wconf 94' lang='lat'><strong>:</strong></span> <span class='ocrx_word' id='word_1_707' title='bbox 2148 3011 2303 3082; x_wconf 84' lang='lat' dir='ltr'><strong>Ego?</strong></span> <span class='ocrx_word' id='word_1_708' title='bbox 2326 3010 2400 3066; x_wconf 88' lang='lat' dir='ltr'><strong>lbi</strong></span> <span class='ocrx_word' id='word_1_709' title='bbox 2426 3014 2532 3067; x_wconf 78' lang='lat' dir='ltr'><strong>vita</strong></span> <span class='ocrx_word' id='word_1_710' title='bbox 2556 3056 2571 3080; x_wconf 90' lang='lat'><strong>,</strong></span> <span class='ocrx_word' id='word_1_711' title='bbox 2606 3013 2673 3068; x_wconf 89' lang='lat' dir='ltr'><strong>ibi</strong></span> <span class='ocrx_word' id='word_1_712' title='bbox 2695 3014 2811 3069; x_wconf 83' lang='lat' dir='ltr'><strong>dies</strong></span> <span class='ocrx_word' id='word_1_713' title='bbox 2832 3016 2955 3070; x_wconf 88' lang='lat' dir='ltr'><strong>boni</strong></span> <span class='ocrx_word' id='word_1_714' title='bbox 2982 3058 2996 3082; x_wconf 93' lang='lat'><strong>,</strong></span> <span class='ocrx_word' id='word_1_715' title='bbox 3029 3018 3112 3071; x_wconf 88' lang='lat' dir='ltr'><strong>ubi</strong></span> <span class='ocrx_word' id='word_1_716' title='bbox 3148 3020 3163 3048; x_wconf 83' lang='grc'>¹</span> <span class='ocrx_word' id='word_1_717' title='bbox 3199 3019 3331 3074; x_wconf 90' lang='lat' dir='ltr'><strong>nihil</strong></span> <span class='ocrx_word' id='word_1_718' title='bbox 3369 3036 3504 3076; x_wconf 90' lang='lat' dir='ltr'><strong>eon-</strong></span> 
     </span>
    </p>
   </div>
   <div class='ocr_carea' id='block_1_91' title="bbox 1924 3105 3503 3181">
    <p class='ocr_par' dir='ltr' id='par_1_91' title="bbox 1924 3105 3503 3181">
     <span class='ocr_line' id='line_1_91' title="bbox 1924 3105 3503 3181; baseline 0.004 -21"><span class='ocrx_word' id='word_1_719' title='bbox 1924 3105 2152 3174; x_wconf 87' lang='lat' dir='ltr'><strong>cupiscit</strong></span> <span class='ocrx_word' id='word_1_720' title='bbox 2178 3106 2436 3160; x_wconf 83' lang='lat' dir='ltr'><strong>adversus</strong></span> <span class='ocrx_word' id='word_1_721' title='bbox 2458 3106 2700 3176; x_wconf 80' lang='lat' dir='ltr'><strong>Spiritum</strong></span> <span class='ocrx_word' id='word_1_722' title='bbox 2733 3124 2748 3160; x_wconf 87' lang='lat'><strong>:</strong></span> <span class='ocrx_word' id='word_1_723' title='bbox 2777 3107 2863 3161; x_wconf 90' lang='lat' dir='ltr'><strong>ubi</strong></span> <span class='ocrx_word' id='word_1_724' title='bbox 2894 3124 2997 3162; x_wconf 91' lang='lat' dir='ltr'><strong>non</strong></span> <span class='ocrx_word' id='word_1_725' title='bbox 3030 3110 3257 3178; x_wconf 84' lang='lat' dir='ltr'><strong>dicitur,</strong></span> <span class='ocrx_word' id='word_1_726' title='bbox 3289 3111 3503 3181; x_wconf 76' lang='lat' dir='ltr'><strong>Pugna;</strong></span> 
     </span>
    </p>
   </div>
   <div class='ocr_carea' id='block_1_92' title="bbox 1925 3196 3508 3268">
    <p class='ocr_par' dir='ltr' id='par_1_92' title="bbox 1925 3196 3508 3268">
     <span class='ocr_line' id='line_1_92' title="bbox 1925 3196 3508 3268; baseline 0.003 -16"><span class='ocrx_word' id='word_1_727' title='bbox 1925 3198 2020 3252; x_wconf 89' lang='lat' dir='ltr'><strong>sed</strong></span> <span class='ocrx_word' id='word_1_728' title='bbox 2047 3196 2251 3253; x_wconf 83' lang='lat' dir='ltr'><strong>Gaude.</strong></span> <span class='ocrx_word' id='word_1_729' title='bbox 2288 3196 2394 3253; x_wconf 88' lang='lat' dir='ltr'><strong>Sed</strong></span> <span class='ocrx_word' id='word_1_730' title='bbox 2425 3199 2544 3268; x_wconf 90' lang='lat' dir='ltr'><strong>quis</strong></span> <span class='ocrx_word' id='word_1_731' title='bbox 2573 3208 2655 3252; x_wconf 88' lang='lat' dir='ltr'><strong>est</strong></span> <span class='ocrx_word' id='word_1_732' title='bbox 2682 3200 2770 3267; x_wconf 89' lang='lat' dir='ltr'><strong>qui</strong></span> <span class='ocrx_word' id='word_1_733' title='bbox 2805 3200 2901 3253; x_wconf 92' lang='lat' dir='ltr'><strong>hos</strong></span> <span class='ocrx_word' id='word_1_734' title='bbox 2926 3200 3041 3254; x_wconf 89' lang='lat' dir='ltr'><strong>dies</strong></span> <span class='ocrx_word' id='word_1_735' title='bbox 3079 3203 3207 3256; x_wconf 84' lang='lat' dir='ltr'><strong>velit</strong></span> <span class='ocrx_word' id='word_1_736' title='bbox 3233 3205 3252 3234; x_wconf 84' lang='grc'>²</span> <span class='ocrx_word' id='word_1_737' title='bbox 3275 3203 3297 3254; x_wconf 85' lang='lat'><strong>?</strong></span> <span class='ocrx_word' id='word_1_738' title='bbox 3321 3202 3508 3257; x_wconf 89' lang='lat' dir='ltr'><strong>Omnis</strong></span> 
     </span>
    </p>
   </div>
   <div class='ocr_carea' id='block_1_93' title="bbox 1927 3287 3507 3361">
    <p class='ocr_par' dir='ltr' id='par_1_93' title="bbox 1927 3287 3507 3361">
     <span class='ocr_line' id='line_1_93' title="bbox 1927 3287 3507 3361; baseline 0.003 -18"><span class='ocrx_word' id='word_1_739' title='bbox 1927 3289 2087 3344; x_wconf 91' lang='lat' dir='ltr'><strong>homo</strong></span> <span class='ocrx_word' id='word_1_740' title='bbox 2111 3298 2259 3345; x_wconf 89' lang='lat' dir='ltr'><strong>certe</strong></span> <span class='ocrx_word' id='word_1_741' title='bbox 2287 3289 2416 3344; x_wconf 92' lang='lat' dir='ltr'><strong>dicit</strong></span> <span class='ocrx_word' id='word_1_742' title='bbox 2447 3306 2460 3342; x_wconf 91' lang='lat'><strong>:</strong></span> <span class='ocrx_word' id='word_1_743' title='bbox 2493 3287 2627 3360; x_wconf 86' lang='lat' dir='ltr'><strong>Ego.</strong></span> <span class='ocrx_word' id='word_1_744' title='bbox 2672 3290 2810 3343; x_wconf 85' lang='lat' dir='ltr'><strong>Audi</strong></span> <span class='ocrx_word' id='word_1_745' title='bbox 2855 3290 2980 3358; x_wconf 90' lang='lat' dir='ltr'><strong>quid</strong></span> <span class='ocrx_word' id='word_1_746' title='bbox 3028 3293 3288 3361; x_wconf 86' lang='lat' dir='ltr'><strong>sequitur.</strong></span> <span class='ocrx_word' id='word_1_747' title='bbox 3337 3292 3507 3348; x_wconf 91' lang='lat' dir='ltr'><strong>Video</strong></span> 
     </span>
    </p>
   </div>
   <div class='ocr_carea' id='block_1_94' title="bbox 1927 3381 3509 3455">
    <p class='ocr_par' dir='ltr' id='par_1_94' title="bbox 1927 3381 3509 3455">
     <span class='ocr_line' id='line_1_94' title="bbox 1927 3381 3509 3455; baseline 0.003 -20"><span class='ocrx_word' id='word_1_748' title='bbox 1927 3384 2053 3453; x_wconf 87' lang='lat' dir='ltr'><strong>quia</strong></span> <span class='ocrx_word' id='word_1_749' title='bbox 2079 3381 2291 3437; x_wconf 88' lang='lat' dir='ltr'><strong>laboras</strong></span> <span class='ocrx_word' id='word_1_750' title='bbox 2311 3424 2325 3449; x_wconf 91' lang='lat'><strong>,</strong></span> <span class='ocrx_word' id='word_1_751' title='bbox 2350 3381 2507 3437; x_wconf 86' lang='lat' dir='ltr'><strong>video</strong></span> <span class='ocrx_word' id='word_1_752' title='bbox 2533 3383 2653 3452; x_wconf 87' lang='lat' dir='ltr'><strong>quia</strong></span> <span class='ocrx_word' id='word_1_753' title='bbox 2679 3385 2732 3437; x_wconf 89' lang='lat' dir='ltr'><strong>in</strong></span> <span class='ocrx_word' id='word_1_754' title='bbox 2756 3397 2929 3454; x_wconf 85' lang='lat' dir='ltr'><strong>pugna</strong></span> <span class='ocrx_word' id='word_1_755' title='bbox 2950 3426 2964 3451; x_wconf 90' lang='lat'><strong>,</strong></span> <span class='ocrx_word' id='word_1_756' title='bbox 2992 3383 3043 3436; x_wconf 92' lang='lat' dir='ltr'><strong>in</strong></span> <span class='ocrx_word' id='word_1_757' title='bbox 3066 3385 3303 3455; x_wconf 90' lang='lat' dir='ltr'><strong>periculo</strong></span> <span class='ocrx_word' id='word_1_758' title='bbox 3330 3385 3509 3441; x_wconf 83' lang='lat' dir='ltr'><strong>diver-</strong></span> 
     </span>
    </p>
   </div>
   <div class='ocr_carea' id='block_1_95' title="bbox 1929 3472 3505 3546">
    <p class='ocr_par' dir='ltr' id='par_1_95' title="bbox 1929 3472 3505 3546">
     <span class='ocr_line' id='line_1_95' title="bbox 1929 3472 3505 3546; baseline 0 -16"><span class='ocrx_word' id='word_1_759' title='bbox 1929 3476 2098 3531; x_wconf 89' lang='lat' dir='ltr'><strong>saris:</strong></span> <span class='ocrx_word' id='word_1_760' title='bbox 2130 3474 2251 3529; x_wconf 89' lang='lat' dir='ltr'><strong>audi</strong></span> <span class='ocrx_word' id='word_1_761' title='bbox 2283 3472 2407 3542; x_wconf 89' lang='lat' dir='ltr'><strong>quid</strong></span> <span class='ocrx_word' id='word_1_762' title='bbox 2436 3474 2710 3545; x_wconf 89' lang='lat' dir='ltr'><strong>sequitur;</strong></span> <span class='ocrx_word' id='word_1_763' title='bbox 2742 3474 2900 3530; x_wconf 89' lang='lat' dir='ltr'><strong>docet</strong></span> <span class='ocrx_word' id='word_1_764' title='bbox 2928 3490 3115 3530; x_wconf 89' lang='lat' dir='ltr'><strong>manus</strong></span> <span class='ocrx_word' id='word_1_765' title='bbox 3147 3476 3196 3529; x_wconf 90' lang='lat' dir='ltr'><strong>in</strong></span> <span class='ocrx_word' id='word_1_766' title='bbox 3231 3477 3468 3546; x_wconf 78' lang='lat' dir='ltr'><strong>praelium</strong></span> <span class='ocrx_word' id='word_1_767' title='bbox 3489 3521 3505 3544; x_wconf 93' lang='lat'><strong>,</strong></span> 
     </span>
    </p>
   </div>
   <div class='ocr_carea' id='block_1_96' title="bbox 1929 3567 3507 3640">
    <p class='ocr_par' dir='ltr' id='par_1_96' title="bbox 1929 3567 3507 3640">
     <span class='ocr_line' id='line_1_96' title="bbox 1929 3567 3507 3640; baseline -0.001 -16"><span class='ocrx_word' id='word_1_768' title='bbox 1929 3569 2123 3640; x_wconf 79' lang='lat' dir='ltr'><strong>digitos</strong></span> <span class='ocrx_word' id='word_1_769' title='bbox 2153 3568 2207 3624; x_wconf 85' lang='lat' dir='ltr'><strong>in</strong></span> <span class='ocrx_word' id='word_1_770' title='bbox 2236 3567 2454 3622; x_wconf 88' lang='lat' dir='ltr'><strong>bellum.</strong></span> <span class='ocrx_word' id='word_1_771' title='bbox 2483 3567 2693 3622; x_wconf 87' lang='lat' dir='ltr'><strong>Contine</strong></span> <span class='ocrx_word' id='word_1_772' title='bbox 2710 3567 2937 3639; x_wconf 85' lang='lat' dir='ltr'><strong>linguam</strong></span> <span class='ocrx_word' id='word_1_773' title='bbox 2957 3576 3094 3621; x_wconf 78' lang='lat' dir='ltr'><strong>tuam</strong></span> <span class='ocrx_word' id='word_1_774' title='bbox 3118 3586 3147 3620; x_wconf 91' lang='lat' dir='ltr'><strong>a</strong></span> <span class='ocrx_word' id='word_1_775' title='bbox 3169 3569 3301 3623; x_wconf 89' lang='lat' dir='ltr'><strong>malo</strong></span> <span class='ocrx_word' id='word_1_776' title='bbox 3327 3611 3340 3635; x_wconf 93' lang='lat'><strong>,</strong></span> <span class='ocrx_word' id='word_1_777' title='bbox 3368 3580 3412 3624; x_wconf 85' lang='lat' dir='ltr'><strong>et</strong></span> <span class='ocrx_word' id='word_1_778' title='bbox 3430 3570 3507 3624; x_wconf 89' lang='lat' dir='ltr'><strong>la-</strong></span> 
     </span>
    </p>
   </div>
   <div class='ocr_carea' id='block_1_97' title="bbox 1929 3658 3509 3731">
    <p class='ocr_par' dir='ltr' id='par_1_97' title="bbox 1929 3658 3509 3731">
     <span class='ocr_line' id='line_1_97' title="bbox 1929 3658 3509 3731; baseline 0.001 -17"><span class='ocrx_word' id='word_1_779' title='bbox 1929 3660 2012 3714; x_wconf 88' lang='lat' dir='ltr'><strong>bia</strong></span> <span class='ocrx_word' id='word_1_780' title='bbox 2033 3668 2120 3714; x_wconf 87' lang='lat' dir='ltr'><strong>tua</strong></span> <span class='ocrx_word' id='word_1_781' title='bbox 2149 3675 2212 3713; x_wconf 84' lang='lat' dir='ltr'><strong>ne</strong></span> <span class='ocrx_word' id='word_1_782' title='bbox 2231 3659 2500 3729; x_wconf 83' lang='lat' dir='ltr'><strong>loquantur</strong></span> <span class='ocrx_word' id='word_1_783' title='bbox 2524 3660 2735 3722; x_wconf 88' lang='lat' dir='ltr'><strong>dolum;</strong></span> <span class='ocrx_word' id='word_1_784' title='bbox 2764 3658 2962 3712; x_wconf 80' lang='lat' dir='ltr'><strong>declina</strong></span> <span class='ocrx_word' id='word_1_785' title='bbox 2992 3675 3023 3711; x_wconf 91' lang='lat' dir='ltr'><strong>a</strong></span> <span class='ocrx_word' id='word_1_786' title='bbox 3064 3659 3217 3722; x_wconf 74' lang='lat' dir='ltr'><strong>titulo,</strong></span> <span class='ocrx_word' id='word_1_787' title='bbox 3243 3669 3288 3713; x_wconf 87' lang='lat' dir='ltr'><strong>et</strong></span> <span class='ocrx_word' id='word_1_788' title='bbox 3310 3662 3391 3731; x_wconf 77' lang='lat' dir='ltr'><strong>[ac</strong></span> <span class='ocrx_word' id='word_1_789' title='bbox 3417 3660 3509 3715; x_wconf 87' lang='lat' dir='ltr'><strong>bo-</strong></span> 
     </span>
    </p>
   </div>
   <div class='ocr_carea' id='block_1_98' title="bbox 1929 3744 3511 3819">
    <p class='ocr_par' dir='ltr' id='par_1_98' title="bbox 1929 3744 3511 3819">
     <span class='ocr_line' id='line_1_98' title="bbox 1929 3744 3511 3819; baseline -0.001 -12"><span class='ocrx_word' id='word_1_790' title='bbox 1929 3769 2068 3807; x_wconf 86' lang='lat' dir='ltr'><strong>num.</strong></span> <span class='ocrx_word' id='word_1_791' title='bbox 2099 3749 2378 3819; x_wconf 87' lang='lat' dir='ltr'><strong>Quomodo</strong></span> <span class='ocrx_word' id='word_1_792' title='bbox 2404 3750 2543 3804; x_wconf 87' lang='lat' dir='ltr'><strong>enim</strong></span> <span class='ocrx_word' id='word_1_793' title='bbox 2571 3750 2771 3819; x_wconf 86' lang='lat' dir='ltr'><strong>poteris</strong></span> <span class='ocrx_word' id='word_1_794' title='bbox 2801 3749 2977 3805; x_wconf 78' lang='lat' dir='ltr'><strong>facere</strong></span> <span class='ocrx_word' id='word_1_795' title='bbox 3007 3744 3202 3804; x_wconf 84' lang='lat' dir='ltr'><strong>bonum</strong></span> <span class='ocrx_word' id='word_1_796' title='bbox 3223 3792 3238 3817; x_wconf 90' lang='lat'><strong>,</strong></span> <span class='ocrx_word' id='word_1_797' title='bbox 3272 3751 3372 3805; x_wconf 89' lang='lat' dir='ltr'><strong>nisi</strong></span> <span class='ocrx_word' id='word_1_798' title='bbox 3415 3752 3511 3806; x_wconf 87' lang='lat' dir='ltr'><strong>de-</strong></span> 
     </span>
    </p>
   </div>
   <div class='ocr_carea' id='block_1_99' title="bbox 1930 3828 3515 3911">
    <p class='ocr_par' dir='ltr' id='par_1_99' title="bbox 1930 3828 3515 3911">
     <span class='ocr_line' id='line_1_99' title="bbox 1930 3828 3515 3911; baseline -0.003 -12"><span class='ocrx_word' id='word_1_799' title='bbox 1930 3828 2217 3899; x_wconf 79' lang='lat' dir='ltr'><strong>clinaveris</strong></span> <span class='ocrx_word' id='word_1_800' title='bbox 2246 3860 2277 3898; x_wconf 90' lang='lat' dir='ltr'><strong>a</strong></span> <span class='ocrx_word' id='word_1_801' title='bbox 2325 3842 2499 3897; x_wconf 87' lang='lat' dir='ltr'><strong>malo?</strong></span> <span class='ocrx_word' id='word_1_802' title='bbox 2528 3841 2663 3907; x_wconf 85' lang='lat' dir='ltr'><strong>Quid</strong></span> <span class='ocrx_word' id='word_1_803' title='bbox 2717 3857 2901 3911; x_wconf 70' lang='lat' dir='ltr'><strong>qumro</strong></span> <span class='ocrx_word' id='word_1_804' title='bbox 2944 3851 3000 3894; x_wconf 90' lang='lat' dir='ltr'><strong>ut</strong></span> <span class='ocrx_word' id='word_1_805' title='bbox 3028 3842 3220 3894; x_wconf 82' lang='lat' dir='ltr'><strong>vestias</strong></span> <span class='ocrx_word' id='word_1_806' title='bbox 3242 3883 3255 3904; x_wconf 87' lang='lat'><strong>,</strong></span> <span class='ocrx_word' id='word_1_807' title='bbox 3299 3842 3515 3911; x_wconf 87' lang='lat' dir='ltr'><strong>quando</strong></span> 
     </span>
    </p>
   </div>
   <div class='ocr_carea' id='block_1_100' title="bbox 1932 3931 3513 4003">
    <p class='ocr_par' dir='ltr' id='par_1_100' title="bbox 1932 3931 3513 4003">
     <span class='ocr_line' id='line_1_100' title="bbox 1932 3931 3513 4003; baseline -0.002 -13"><span class='ocrx_word' id='word_1_808' title='bbox 1932 3934 2106 3991; x_wconf 88' lang='lat' dir='ltr'><strong>adhuc</strong></span> <span class='ocrx_word' id='word_1_809' title='bbox 2162 3933 2471 4003; x_wconf 79' lang='lat' dir='ltr'><strong>exspolias?</strong></span> <span class='ocrx_word' id='word_1_810' title='bbox 2521 3931 2648 4002; x_wconf 88' lang='lat' dir='ltr'><strong>quid</strong></span> <span class='ocrx_word' id='word_1_811' title='bbox 2692 3946 2873 4002; x_wconf 75' lang='lat' dir='ltr'><strong>quzrro</strong></span> <span class='ocrx_word' id='word_1_812' title='bbox 2921 3942 2978 3985; x_wconf 90' lang='lat' dir='ltr'><strong>nt</strong></span> <span class='ocrx_word' id='word_1_813' title='bbox 3026 3932 3193 3986; x_wconf 79' lang='lat' dir='ltr'><strong>dones</strong></span> <span class='ocrx_word' id='word_1_814' title='bbox 3223 3973 3237 3997; x_wconf 96' lang='lat'><strong>,</strong></span> <span class='ocrx_word' id='word_1_815' title='bbox 3300 3934 3513 4003; x_wconf 87' lang='lat' dir='ltr'><strong>quando</strong></span> 
     </span>
    </p>
   </div>
   <div class='ocr_carea' id='block_1_101' title="bbox 1933 4022 3512 4094">
    <p class='ocr_par' dir='ltr' id='par_1_101' title="bbox 1933 4022 3512 4094">
     <span class='ocr_line' id='line_1_101' title="bbox 1933 4022 3512 4094; baseline -0.004 -13"><span class='ocrx_word' id='word_1_816' title='bbox 1933 4024 2105 4081; x_wconf 90' lang='lat' dir='ltr'><strong>adhuc</strong></span> <span class='ocrx_word' id='word_1_817' title='bbox 2135 4024 2321 4094; x_wconf 83' lang='lat' dir='ltr'><strong>rapis?</strong></span> <span class='ocrx_word' id='word_1_818' title='bbox 2346 4023 2561 4076; x_wconf 81' lang='lat' dir='ltr'><strong>Declina</strong></span> <span class='ocrx_word' id='word_1_819' title='bbox 2581 4039 2613 4075; x_wconf 76' lang='grc' dir='ltr'><strong>ι</strong></span> <span class='ocrx_word' id='word_1_820' title='bbox 2633 4022 2796 4085; x_wconf 84' lang='lat' dir='ltr'><strong>malo,</strong></span> <span class='ocrx_word' id='word_1_821' title='bbox 2830 4030 2876 4075; x_wconf 82' lang='lat' dir='ltr'><strong>et</strong></span> <span class='ocrx_word' id='word_1_822' title='bbox 2899 4024 2982 4093; x_wconf 80' lang='lat' dir='ltr'><strong>fac</strong></span> <span class='ocrx_word' id='word_1_823' title='bbox 3023 4024 3225 4075; x_wconf 86' lang='lat' dir='ltr'><strong>bonum.</strong></span> <span class='ocrx_word' id='word_1_824' title='bbox 3255 4022 3370 4078; x_wconf 90' lang='lat' dir='ltr'><strong>Non</strong></span> <span class='ocrx_word' id='word_1_825' title='bbox 3412 4024 3512 4077; x_wconf 80' lang='lat' dir='ltr'><strong>sub</strong></span> 
     </span>
    </p>
   </div>
   <div class='ocr_carea' id='block_1_102' title="bbox 1935 4114 3513 4188">
    <p class='ocr_par' dir='ltr' id='par_1_102' title="bbox 1935 4114 3513 4188">
     <span class='ocr_line' id='line_1_102' title="bbox 1935 4114 3513 4188; baseline -0.004 -14"><span class='ocrx_word' id='word_1_826' title='bbox 1935 4128 1986 4174; x_wconf 87' lang='lat' dir='ltr'><strong>te</strong></span> <span class='ocrx_word' id='word_1_827' title='bbox 2015 4120 2187 4188; x_wconf 92' lang='lat' dir='ltr'><strong>ploret</strong></span> <span class='ocrx_word' id='word_1_828' title='bbox 2212 4117 2382 4187; x_wconf 88' lang='lat' dir='ltr'><strong>primo</strong></span> <span class='ocrx_word' id='word_1_829' title='bbox 2408 4132 2607 4187; x_wconf 84' lang='lat' dir='ltr'><strong>pauper</strong></span> <span class='ocrx_word' id='word_1_830' title='bbox 2625 4157 2638 4179; x_wconf 90' lang='lat'><strong>,</strong></span> <span class='ocrx_word' id='word_1_831' title='bbox 2667 4123 2725 4169; x_wconf 88' lang='lat' dir='ltr'><strong>ut</strong></span> <span class='ocrx_word' id='word_1_832' title='bbox 2744 4114 2968 4183; x_wconf 83' lang='lat' dir='ltr'><strong>gaudeat</strong></span> <span class='ocrx_word' id='word_1_833' title='bbox 2993 4115 3060 4169; x_wconf 88' lang='lat' dir='ltr'><strong>de</strong></span> <span class='ocrx_word' id='word_1_834' title='bbox 3083 4128 3132 4169; x_wconf 86' lang='lat' dir='ltr'><strong>te</strong></span> <span class='ocrx_word' id='word_1_835' title='bbox 3159 4131 3378 4186; x_wconf 86' lang='lat' dir='ltr'><strong>panper.</strong></span> <span class='ocrx_word' id='word_1_836' title='bbox 3404 4114 3513 4169; x_wconf 83' lang='lat' dir='ltr'><strong>De-</strong></span> 
     </span>
    </p>
   </div>
   <div class='ocr_carea' id='block_1_103' title="bbox 1936 4204 3516 4275">
    <p class='ocr_par' dir='ltr' id='par_1_103' title="bbox 1936 4204 3516 4275">
     <span class='ocr_line' id='line_1_103' title="bbox 1936 4204 3516 4275; baseline -0.004 -12"><span class='ocrx_word' id='word_1_837' title='bbox 1936 4209 2070 4263; x_wconf 86' lang='lat' dir='ltr'><strong>clina</strong></span> <span class='ocrx_word' id='word_1_838' title='bbox 2091 4225 2123 4262; x_wconf 91' lang='lat' dir='ltr'><strong>a</strong></span> <span class='ocrx_word' id='word_1_839' title='bbox 2148 4208 2303 4275; x_wconf 87' lang='lat' dir='ltr'><strong>malo,</strong></span> <span class='ocrx_word' id='word_1_840' title='bbox 2335 4216 2381 4260; x_wconf 89' lang='lat' dir='ltr'><strong>et</strong></span> <span class='ocrx_word' id='word_1_841' title='bbox 2401 4206 2483 4275; x_wconf 81' lang='lat' dir='ltr'><strong>[ac</strong></span> <span class='ocrx_word' id='word_1_842' title='bbox 2508 4205 2713 4259; x_wconf 88' lang='lat' dir='ltr'><strong>bonum.</strong></span> <span class='ocrx_word' id='word_1_843' title='bbox 2741 4205 2853 4271; x_wconf 80' lang='lat' dir='ltr'><strong>Qua</strong></span> <span class='ocrx_word' id='word_1_844' title='bbox 2885 4204 3164 4258; x_wconf 80' lang='lat' dir='ltr'><strong>mercede?</strong></span> <span class='ocrx_word' id='word_1_845' title='bbox 3192 4204 3335 4258; x_wconf 83' lang='lat' dir='ltr'><strong>Nam</strong></span> <span class='ocrx_word' id='word_1_846' title='bbox 3358 4205 3516 4259; x_wconf 84' lang='lat' dir='ltr'><strong>modo</strong></span> 
     </span>
    </p>
   </div>
   <div class='ocr_carea' id='block_1_104' title="bbox 1936 4293 3514 4370">
    <p class='ocr_par' dir='ltr' id='par_1_104' title="bbox 1936 4293 3514 4370">
     <span class='ocr_line' id='line_1_104' title="bbox 1936 4293 3514 4370; baseline -0.003 -18"><span class='ocrx_word' id='word_1_847' title='bbox 1936 4313 2159 4370; x_wconf 82' lang='lat' dir='ltr'><strong>pugnas.</strong></span> <span class='ocrx_word' id='word_1_848' title='bbox 2192 4297 2374 4365; x_wconf 74' lang='lat' dir='ltr'><strong>Quwre</strong></span> <span class='ocrx_word' id='word_1_849' title='bbox 2403 4312 2609 4366; x_wconf 84' lang='lat' dir='ltr'><strong>pacem,</strong></span> <span class='ocrx_word' id='word_1_850' title='bbox 2656 4303 2700 4348; x_wconf 87' lang='lat' dir='ltr'><strong>et</strong></span> <span class='ocrx_word' id='word_1_851' title='bbox 2725 4311 2930 4363; x_wconf 84' lang='lat' dir='ltr'><strong>sequere</strong></span> <span class='ocrx_word' id='word_1_852' title='bbox 2958 4311 3065 4347; x_wconf 81' lang='lat' dir='ltr'><strong>eam</strong></span> <span class='ocrx_word' id='word_1_853' title='bbox 3103 4293 3271 4364; x_wconf 85' lang='lat' dir='ltr'><strong>(Psal.</strong></span> <span class='ocrx_word' id='word_1_854' title='bbox 3316 4310 3476 4347; x_wconf 61' lang='grc' dir='ltr'>χχχιιι</span> <span class='ocrx_word' id='word_1_855' title='bbox 3498 4336 3514 4359; x_wconf 88' lang='grc'><em>,</em></span> 
     </span>
    </p>
   </div>
   <div class='ocr_carea' id='block_1_105' title="bbox 1939 4386 3518 4463">
    <p class='ocr_par' dir='ltr' id='par_1_105' title="bbox 1939 4386 3518 4463">
     <span class='ocr_line' id='line_1_105' title="bbox 1939 4386 3518 4463; baseline -0.006 -15"><span class='ocrx_word' id='word_1_856' title='bbox 1939 4391 2166 4463; x_wconf 73' lang='grc'><strong>12-13).</strong></span> <span class='ocrx_word' id='word_1_857' title='bbox 2215 4390 2398 4455; x_wconf 72' lang='lat' dir='ltr'><strong>Disce,</strong></span> <span class='ocrx_word' id='word_1_858' title='bbox 2449 4389 2566 4453; x_wconf 85' lang='lat' dir='ltr'><strong>dic,</strong></span> <span class='ocrx_word' id='word_1_859' title='bbox 2620 4386 2972 4441; x_wconf 71' lang='lat' dir='ltr'><strong>Misericordia</strong></span> <span class='ocrx_word' id='word_1_860' title='bbox 3019 4402 3129 4439; x_wconf 86' lang='lat' dir='ltr'><strong>mea</strong></span> <span class='ocrx_word' id='word_1_861' title='bbox 3167 4396 3212 4439; x_wconf 83' lang='lat' dir='ltr'><strong>et</strong></span> <span class='ocrx_word' id='word_1_862' title='bbox 3267 4387 3518 4457; x_wconf 79' lang='lat' dir='ltr'><strong>refugiunt</strong></span> 
     </span>
    </p>
   </div>
   <div class='ocr_carea' id='block_1_106' title="bbox 1938 4484 3519 4551">
    <p class='ocr_par' dir='ltr' id='par_1_106' title="bbox 1938 4484 3519 4551">
     <span class='ocr_line' id='line_1_106' title="bbox 1938 4484 3519 4551; baseline -0.006 -14"><span class='ocrx_word' id='word_1_863' title='bbox 1938 4500 2133 4550; x_wconf 86' lang='lat' dir='ltr'><strong>meum,</strong></span> <span class='ocrx_word' id='word_1_864' title='bbox 2164 4489 2420 4551; x_wconf 80' lang='lat' dir='ltr'><strong>susceptor</strong></span> <span class='ocrx_word' id='word_1_865' title='bbox 2446 4494 2583 4534; x_wconf 84' lang='lat' dir='ltr'><strong>meus</strong></span> <span class='ocrx_word' id='word_1_866' title='bbox 2607 4485 2654 4531; x_wconf 89' lang='lat' dir='ltr'><strong>et</strong></span> <span class='ocrx_word' id='word_1_867' title='bbox 2689 4485 2855 4532; x_wconf 84' lang='lat' dir='ltr'><strong>erutor</strong></span> <span class='ocrx_word' id='word_1_868' title='bbox 2877 4493 3044 4544; x_wconf 84' lang='lat' dir='ltr'><strong>meus,</strong></span> <span class='ocrx_word' id='word_1_869' title='bbox 3085 4484 3333 4547; x_wconf 80' lang='lat' dir='ltr'><strong>protector</strong></span> <span class='ocrx_word' id='word_1_870' title='bbox 3357 4492 3519 4529; x_wconf 71' lang='lat' dir='ltr'><strong>rimis.</strong></span> 
     </span>
    </p>
   </div>
   <div class='ocr_carea' id='block_1_107' title="bbox 1940 4569 3519 4645">
    <p class='ocr_par' dir='ltr' id='par_1_107' title="bbox 1940 4569 3519 4645">
     <span class='ocr_line' id='line_1_107' title="bbox 1940 4569 3519 4645; baseline -0.007 -14"><span class='ocrx_word' id='word_1_871' title='bbox 1940 4574 2220 4645; x_wconf 77' lang='lat' dir='ltr'><strong>Susceptor</strong></span> <span class='ocrx_word' id='word_1_872' title='bbox 2243 4614 2256 4636; x_wconf 91' lang='lat'><strong>,</strong></span> <span class='ocrx_word' id='word_1_873' title='bbox 2286 4588 2355 4628; x_wconf 90' lang='lat' dir='ltr'><strong>ne</strong></span> <span class='ocrx_word' id='word_1_874' title='bbox 2382 4572 2602 4637; x_wconf 88' lang='lat' dir='ltr'><strong>cadam;</strong></span> <span class='ocrx_word' id='word_1_875' title='bbox 2631 4579 2830 4634; x_wconf 87' lang='lat' dir='ltr'><strong>erutor,</strong></span> <span class='ocrx_word' id='word_1_876' title='bbox 2860 4584 2928 4623; x_wconf 89' lang='lat' dir='ltr'><strong>ne</strong></span> <span class='ocrx_word' id='word_1_877' title='bbox 2953 4569 3181 4623; x_wconf 74' lang='lat' dir='ltr'><strong>ltmrcam</strong></span> <span class='ocrx_word' id='word_1_878' title='bbox 3205 4587 3218 4632; x_wconf 86' lang='lat'><strong>;</strong></span> <span class='ocrx_word' id='word_1_879' title='bbox 3248 4579 3519 4640; x_wconf 77' lang='lat' dir='ltr'><strong>protector,</strong></span> 
     </span>
    </p>
   </div>
   <div class='ocr_carea' id='block_1_108' title="bbox 1940 4661 3521 4745">
    <p class='ocr_par' dir='ltr' id='par_1_108' title="bbox 1940 4661 3521 4745">
     <span class='ocr_line' id='line_1_108' title="bbox 1940 4661 3521 4745; baseline -0.006 -22"><span class='ocrx_word' id='word_1_880' title='bbox 1940 4683 2008 4745; x_wconf 78' lang='lat' dir='ltr'><strong>ne</strong></span> <span class='ocrx_word' id='word_1_881' title='bbox 2034 4666 2211 4723; x_wconf 83' lang='lat' dir='ltr'><strong>feriar.</strong></span> <span class='ocrx_word' id='word_1_882' title='bbox 2238 4664 2503 4719; x_wconf 84' lang='lat' dir='ltr'><strong>Protector</strong></span> <span class='ocrx_word' id='word_1_883' title='bbox 2523 4678 2681 4730; x_wconf 87' lang='lat' dir='ltr'><strong>meus,</strong></span> <span class='ocrx_word' id='word_1_884' title='bbox 2698 4663 2811 4715; x_wconf 87' lang='lat' dir='ltr'><strong>etin</strong></span> <span class='ocrx_word' id='word_1_885' title='bbox 2834 4662 2943 4732; x_wconf 86' lang='lat' dir='ltr'><strong>ipso</strong></span> <span class='ocrx_word' id='word_1_886' title='bbox 2968 4661 3184 4731; x_wconf 82' lang='lat' dir='ltr'><strong>sperari.</strong></span> <span class='ocrx_word' id='word_1_887' title='bbox 3220 4661 3276 4715; x_wconf 88' lang='lat' dir='ltr'><strong>In</strong></span> <span class='ocrx_word' id='word_1_888' title='bbox 3299 4661 3378 4715; x_wconf 90' lang='lat' dir='ltr'><strong>his</strong></span> <span class='ocrx_word' id='word_1_889' title='bbox 3399 4677 3485 4715; x_wconf 88' lang='lat' dir='ltr'><strong>om</strong></span> <span class='ocrx_word' id='word_1_890' title='bbox 3503 4691 3521 4701; x_wconf 90' lang='lat'><em>-</em></span> 
     </span>
    </p>
   </div>
   <div class='ocr_carea' id='block_1_109' title="bbox 1942 4750 3517 4826">
    <p class='ocr_par' dir='ltr' id='par_1_109' title="bbox 1942 4750 3517 4826">
     <span class='ocr_line' id='line_1_109' title="bbox 1942 4750 3517 4826; baseline -0.009 -10"><span class='ocrx_word' id='word_1_891' title='bbox 1942 4761 2131 4826; x_wconf 90' lang='lat' dir='ltr'><strong>nibus,</strong></span> <span class='ocrx_word' id='word_1_892' title='bbox 2164 4757 2219 4812; x_wconf 90' lang='lat' dir='ltr'><strong>in</strong></span> <span class='ocrx_word' id='word_1_893' title='bbox 2250 4766 2362 4812; x_wconf 88' lang='lat' dir='ltr'><strong>toto</strong></span> <span class='ocrx_word' id='word_1_894' title='bbox 2391 4755 2573 4811; x_wconf 86' lang='lat' dir='ltr'><strong>labore</strong></span> <span class='ocrx_word' id='word_1_895' title='bbox 2596 4768 2716 4808; x_wconf 89' lang='lat' dir='ltr'><strong>meo</strong></span> <span class='ocrx_word' id='word_1_896' title='bbox 2750 4795 2764 4818; x_wconf 95' lang='lat'><strong>,</strong></span> <span class='ocrx_word' id='word_1_897' title='bbox 2790 4752 2841 4807; x_wconf 91' lang='lat' dir='ltr'><strong>in</strong></span> <span class='ocrx_word' id='word_1_898' title='bbox 2869 4752 3116 4806; x_wconf 90' lang='lat' dir='ltr'><strong>omnibus</strong></span> <span class='ocrx_word' id='word_1_899' title='bbox 3138 4750 3332 4820; x_wconf 71' lang='lat' dir='ltr'><strong>prmliis</strong></span> <span class='ocrx_word' id='word_1_900' title='bbox 3363 4751 3517 4810; x_wconf 86' lang='lat' dir='ltr'><strong>meis,</strong></span> 
     </span>
    </p>
   </div>
   <div class='ocr_carea' id='block_1_110' title="bbox 1944 4838 3525 4912">
    <p class='ocr_par' dir='ltr' id='par_1_110' title="bbox 1944 4838 3525 4912">
     <span class='ocr_line' id='line_1_110' title="bbox 1944 4838 3525 4912; baseline -0.011 -2"><span class='ocrx_word' id='word_1_901' title='bbox 1944 4857 1996 4910; x_wconf 91' lang='lat' dir='ltr'><strong>in</strong></span> <span class='ocrx_word' id='word_1_902' title='bbox 2028 4850 2279 4907; x_wconf 90' lang='lat' dir='ltr'><strong>omnibus</strong></span> <span class='ocrx_word' id='word_1_903' title='bbox 2307 4846 2707 4903; x_wconf 83' lang='lat' dir='ltr'><strong>dillicultatibus</strong></span> <span class='ocrx_word' id='word_1_904' title='bbox 2733 4844 2866 4899; x_wconf 89' lang='lat' dir='ltr'><strong>meis</strong></span> <span class='ocrx_word' id='word_1_905' title='bbox 2907 4843 2958 4897; x_wconf 89' lang='lat' dir='ltr'><strong>in</strong></span> <span class='ocrx_word' id='word_1_906' title='bbox 2991 4845 3105 4912; x_wconf 90' lang='lat' dir='ltr'><strong>ipso</strong></span> <span class='ocrx_word' id='word_1_907' title='bbox 3149 4841 3377 4911; x_wconf 82' lang='lat' dir='ltr'><strong>speravi.</strong></span> <span class='ocrx_word' id='word_1_908' title='bbox 3422 4838 3525 4905; x_wconf 83' lang='lat' dir='ltr'><strong>Qui</strong></span> 
     </span>
    </p>
   </div>
   <div class='ocr_carea' id='block_1_111' title="bbox 1944 4933 3524 5011">
    <p class='ocr_par' dir='ltr' id='par_1_111' title="bbox 1944 4933 3524 5011">
     <span class='ocr_line' id='line_1_111' title="bbox 1944 4933 3524 5011; baseline -0.01 -13"><span class='ocrx_word' id='word_1_909' title='bbox 1944 4944 2111 4999; x_wconf 84' lang='lat' dir='ltr'><strong>subdit</strong></span> <span class='ocrx_word' id='word_1_910' title='bbox 2136 4941 2156 4973; x_wconf 85' lang='grc'>⁸</span> <span class='ocrx_word' id='word_1_911' title='bbox 2184 4939 2426 5011; x_wconf 80' lang='lat' dir='ltr'><strong>populum</strong></span> <span class='ocrx_word' id='word_1_912' title='bbox 2464 4952 2628 4990; x_wconf 88' lang='lat' dir='ltr'><strong>meum</strong></span> <span class='ocrx_word' id='word_1_913' title='bbox 2656 4934 2745 4990; x_wconf 86' lang='lat' dir='ltr'><strong>sub</strong></span> <span class='ocrx_word' id='word_1_914' title='bbox 2780 4950 2876 4988; x_wconf 85' lang='lat' dir='ltr'><strong>me.</strong></span> <span class='ocrx_word' id='word_1_915' title='bbox 2909 4933 3045 4987; x_wconf 85' lang='lat' dir='ltr'><strong>Ecce</strong></span> <span class='ocrx_word' id='word_1_916' title='bbox 3082 4942 3240 5000; x_wconf 88' lang='lat' dir='ltr'><strong>caput</strong></span> <span class='ocrx_word' id='word_1_917' title='bbox 3282 4938 3524 4984; x_wconf 85' lang='lat' dir='ltr'><strong>nostrum</strong></span> 
     </span>
    </p>
   </div>
   <div class='ocr_carea' id='block_1_112' title="bbox 1945 5031 2503 5107">
    <p class='ocr_par' dir='ltr' id='par_1_112' title="bbox 1945 5031 2503 5107">
     <span class='ocr_line' id='line_1_112' title="bbox 1945 5031 2503 5107; baseline -0.018 -16"><span class='ocrx_word' id='word_1_918' title='bbox 1945 5036 2179 5107; x_wconf 85' lang='lat' dir='ltr'><strong>loquitur</strong></span> <span class='ocrx_word' id='word_1_919' title='bbox 2207 5031 2503 5086; x_wconf 77' lang='lat' dir='ltr'><strong>nobiscum.</strong></span> 
     </span>
    </p>
   </div>
   <div class='ocr_carea' id='block_1_113' title="bbox 2017 5106 3526 5200">
    <p class='ocr_par' dir='ltr' id='par_1_113' title="bbox 2017 5106 3526 5200">
     <span class='ocr_line' id='line_1_113' title="bbox 2017 5106 3526 5200; baseline -0.012 -16"><span class='ocrx_word' id='word_1_920' title='bbox 2017 5129 2103 5184; x_wconf 75' lang='grc'>10.</span> <span class='ocrx_word' id='word_1_921' title='bbox 2135 5124 2286 5200; x_wconf 86' lang='lat' dir='ltr'><strong>[vers.</strong></span> <span class='ocrx_word' id='word_1_922' title='bbox 2312 5122 2390 5195; x_wconf 80' lang='grc' dir='ltr'><strong>5ο]</strong></span> <span class='ocrx_word' id='word_1_923' title='bbox 2418 5122 2648 5183; x_wconf 85' lang='lat' dir='ltr'><strong>Domine,</strong></span> <span class='ocrx_word' id='word_1_924' title='bbox 2676 5118 2796 5191; x_wconf 85' lang='lat' dir='ltr'><strong>quid</strong></span> <span class='ocrx_word' id='word_1_925' title='bbox 2820 5127 2888 5170; x_wconf 79' lang='lat' dir='ltr'><strong>est</strong></span> <span class='ocrx_word' id='word_1_926' title='bbox 2918 5117 3065 5168; x_wconf 77' lang='lat' dir='ltr'><strong>homo</strong></span> <span class='ocrx_word' id='word_1_927' title='bbox 3083 5157 3098 5180; x_wconf 94' lang='lat'><strong>,</strong></span> <span class='ocrx_word' id='word_1_928' title='bbox 3120 5106 3355 5185; x_wconf 86' lang='lat' dir='ltr'><strong>quoniam</strong></span> <span class='ocrx_word' id='word_1_929' title='bbox 3379 5114 3526 5167; x_wconf 81' lang='lat' dir='ltr'><strong>inno-</strong></span> 
     </span>
    </p>
   </div>
   <div class='ocr_carea' id='block_1_114' title="bbox 1946 5205 3526 5284">
    <p class='ocr_par' dir='ltr' id='par_1_114' title="bbox 1946 5205 3526 5284">
     <span class='ocr_line' id='line_1_114' title="bbox 1946 5205 3526 5284; baseline -0.011 -9"><span class='ocrx_word' id='word_1_930' title='bbox 1946 5220 2085 5275; x_wconf 86' lang='lat' dir='ltr'><strong>tuisti</strong></span> <span class='ocrx_word' id='word_1_931' title='bbox 2111 5218 2196 5272; x_wconf 85' lang='lat' dir='ltr'><strong>ei?</strong></span> <span class='ocrx_word' id='word_1_932' title='bbox 2225 5217 2415 5270; x_wconf 87' lang='lat' dir='ltr'><strong>Totum</strong></span> <span class='ocrx_word' id='word_1_933' title='bbox 2438 5212 2578 5284; x_wconf 90' lang='lat' dir='ltr'><strong>quod</strong></span> <span class='ocrx_word' id='word_1_934' title='bbox 2601 5220 2683 5266; x_wconf 76' lang='lat' dir='ltr'><strong>est</strong></span> <span class='ocrx_word' id='word_1_935' title='bbox 2704 5251 2719 5276; x_wconf 94' lang='lat'><strong>,</strong></span> <span class='ocrx_word' id='word_1_936' title='bbox 2749 5208 2849 5262; x_wconf 87' lang='lat' dir='ltr'><strong>hoe</strong></span> <span class='ocrx_word' id='word_1_937' title='bbox 2879 5215 2959 5260; x_wconf 87' lang='lat' dir='ltr'><strong>cst</strong></span> <span class='ocrx_word' id='word_1_938' title='bbox 2992 5207 3230 5275; x_wconf 86' lang='lat' dir='ltr'><strong>quoniam</strong></span> <span class='ocrx_word' id='word_1_939' title='bbox 3266 5205 3526 5258; x_wconf 84' lang='lat' dir='ltr'><strong>innotuiin</strong></span> 
     </span>
    </p>
   </div>
   <div class='ocr_carea' id='block_1_115' title="bbox 1947 5297 3532 5378">
    <p class='ocr_par' dir='ltr' id='par_1_115' title="bbox 1947 5297 3532 5378">
     <span class='ocr_line' id='line_1_115' title="bbox 1947 5297 3532 5378; baseline -0.011 -12"><span class='ocrx_word' id='word_1_940' title='bbox 1947 5313 2011 5366; x_wconf 82' lang='lat' dir='ltr'><strong>ei.</strong></span> <span class='ocrx_word' id='word_1_941' title='bbox 2061 5308 2197 5378; x_wconf 81' lang='lat' dir='ltr'><strong>Quid</strong></span> <span class='ocrx_word' id='word_1_942' title='bbox 2226 5317 2297 5363; x_wconf 86' lang='lat' dir='ltr'><strong>est</strong></span> <span class='ocrx_word' id='word_1_943' title='bbox 2343 5307 2527 5369; x_wconf 87' lang='lat' dir='ltr'><strong>homo,</strong></span> <span class='ocrx_word' id='word_1_944' title='bbox 2578 5300 2813 5373; x_wconf 85' lang='lat' dir='ltr'><strong>quoniam</strong></span> <span class='ocrx_word' id='word_1_945' title='bbox 2845 5297 3107 5350; x_wconf 85' lang='lat' dir='ltr'><strong>innotuisti</strong></span> <span class='ocrx_word' id='word_1_946' title='bbox 3131 5297 3175 5349; x_wconf 85' lang='lat' dir='ltr'><strong>ei</strong></span> <span class='ocrx_word' id='word_1_947' title='bbox 3191 5297 3216 5350; x_wconf 84' lang='lat'><strong><em>?</em></strong></span> <span class='ocrx_word' id='word_1_948' title='bbox 3261 5305 3347 5349; x_wconf 87' lang='lat' dir='ltr'><strong>aut</strong></span> <span class='ocrx_word' id='word_1_949' title='bbox 3388 5297 3532 5365; x_wconf 71' lang='lat' dir='ltr'><strong>[ilius</strong></span> 
     </span>
    </p>
   </div>
   <div class='ocr_carea' id='block_1_116' title="bbox 1949 5389 3527 5474">
    <p class='ocr_par' dir='ltr' id='par_1_116' title="bbox 1949 5389 3527 5474">
     <span class='ocr_line' id='line_1_116' title="bbox 1949 5389 3527 5474; baseline -0.013 -14"><span class='ocrx_word' id='word_1_950' title='bbox 1949 5405 2163 5460; x_wconf 81' lang='lat' dir='ltr'><strong>hominis</strong></span> <span class='ocrx_word' id='word_1_951' title='bbox 2181 5447 2198 5469; x_wconf 87' lang='lat'><strong>,</strong></span> <span class='ocrx_word' id='word_1_952' title='bbox 2225 5400 2460 5474; x_wconf 88' lang='lat' dir='ltr'><strong>quoniam</strong></span> <span class='ocrx_word' id='word_1_953' title='bbox 2491 5396 2709 5450; x_wconf 80' lang='lat' dir='ltr'><strong>wstimas</strong></span> <span class='ocrx_word' id='word_1_954' title='bbox 2736 5392 2888 5447; x_wconf 83' lang='lat' dir='ltr'><strong>eum?</strong></span> <span class='ocrx_word' id='word_1_955' title='bbox 2915 5390 3169 5446; x_wconf 66' lang='lat' dir='ltr'><strong>Estimas</strong></span> <span class='ocrx_word' id='word_1_956' title='bbox 3198 5405 3315 5442; x_wconf 86' lang='lat' dir='ltr'><strong>eum</strong></span> <span class='ocrx_word' id='word_1_957' title='bbox 3340 5429 3355 5453; x_wconf 96' lang='lat'><strong>,</strong></span> <span class='ocrx_word' id='word_1_958' title='bbox 3400 5389 3527 5442; x_wconf 85' lang='lat' dir='ltr'><strong>tanti</strong></span> 
     </span>
    </p>
   </div>
   <div class='ocr_carea' id='block_1_117' title="bbox 1951 5484 3528 5564">
    <p class='ocr_par' dir='ltr' id='par_1_117' title="bbox 1951 5484 3528 5564">
     <span class='ocr_line' id='line_1_117' title="bbox 1951 5484 3528 5564; baseline -0.015 -8"><span class='ocrx_word' id='word_1_959' title='bbox 1951 5501 2109 5564; x_wconf 78' lang='lat' dir='ltr'><strong>lacis,</strong></span> <span class='ocrx_word' id='word_1_960' title='bbox 2152 5498 2278 5553; x_wconf 89' lang='lat' dir='ltr'><strong>tanti</strong></span> <span class='ocrx_word' id='word_1_961' title='bbox 2329 5491 2516 5563; x_wconf 85' lang='lat' dir='ltr'><strong>pendis</strong></span> <span class='ocrx_word' id='word_1_962' title='bbox 2550 5487 2803 5542; x_wconf 86' lang='lat' dir='ltr'><strong>:ordinas</strong></span> <span class='ocrx_word' id='word_1_963' title='bbox 2829 5528 2843 5551; x_wconf 93' lang='lat'><strong>,</strong></span> <span class='ocrx_word' id='word_1_964' title='bbox 2875 5484 3013 5539; x_wconf 87' lang='lat' dir='ltr'><strong>nosti</strong></span> <span class='ocrx_word' id='word_1_965' title='bbox 3067 5484 3164 5537; x_wconf 87' lang='lat' dir='ltr'><strong>sub</strong></span> <span class='ocrx_word' id='word_1_966' title='bbox 3194 5500 3298 5553; x_wconf 88' lang='lat' dir='ltr'><strong>quo</strong></span> <span class='ocrx_word' id='word_1_967' title='bbox 3330 5496 3492 5552; x_wconf 84' lang='lat' dir='ltr'><strong>ponas</strong></span> <span class='ocrx_word' id='word_1_968' title='bbox 3513 5522 3528 5544; x_wconf 93' lang='lat'><strong>,</strong></span> 
     </span>
    </p>
   </div>
   <div class='ocr_carea' id='block_1_118' title="bbox 2013 5619 3222 5691">
    <p class='ocr_par' dir='ltr' id='par_1_118' title="bbox 2013 5619 3222 5691">
     <span class='ocr_line' id='line_1_118' title="bbox 2013 5619 3222 5691; baseline -0.017 -7"><span class='ocrx_word' id='word_1_969' title='bbox 2013 5641 2028 5670; x_wconf 77' lang='grc' dir='ltr'><strong>ι</strong></span> <span class='ocrx_word' id='word_1_970' title='bbox 2054 5632 2187 5691; x_wconf 65' lang='grc' dir='ltr'><strong>πόει..</strong></span> <span class='ocrx_word' id='word_1_971' title='bbox 2211 5627 2291 5679; x_wconf 85' lang='lat' dir='ltr'><strong>ubi</strong></span> <span class='ocrx_word' id='word_1_972' title='bbox 2312 5620 2588 5691; x_wconf 80' lang='lat' dir='ltr'><strong>caro_niltil,</strong></span> <span class='ocrx_word' id='word_1_973' title='bbox 2610 5619 2894 5691; x_wconf 33' lang='lat' dir='ltr'><strong>etczuabcst,</strong></span> <span class='ocrx_word' id='word_1_974' title='bbox 2911 5628 3044 5673; x_wconf 84' lang='lat' dir='ltr'><strong>caro,</strong></span> <span class='ocrx_word' id='word_1_975' title='bbox 3065 5628 3093 5663; x_wconf 91' lang='lat' dir='ltr'><strong>a</strong></span> <span class='ocrx_word' id='word_1_976' title='bbox 3119 5623 3222 5663; x_wconf 61' lang='lat' dir='ltr'><strong>Mss.</strong></span> 
     </span>
    </p>
   </div>
   <div class='ocr_carea' id='block_1_119' title="bbox 2013 5680 2756 5745">
    <p class='ocr_par' dir='ltr' id='par_1_119' title="bbox 2013 5680 2756 5745">
     <span class='ocr_line' id='line_1_119' title="bbox 2013 5680 2756 5745; baseline -0.024 1"><span class='ocrx_word' id='word_1_977' title='bbox 2013 5702 2032 5732; x_wconf 81' lang='grc'>²</span> <span class='ocrx_word' id='word_1_978' title='bbox 2055 5680 2131 5745; x_wconf 63' lang='lat' dir='ltr'><strong>sic</strong></span> <span class='ocrx_word' id='word_1_979' title='bbox 2153 5680 2252 5740; x_wconf 56' lang='lat' dir='ltr'><strong>uss.</strong></span> <span class='ocrx_word' id='word_1_980' title='bbox 2280 5697 2330 5737; x_wconf 76' lang='grc' dir='ltr'>Αι</span> <span class='ocrx_word' id='word_1_981' title='bbox 2354 5685 2485 5737; x_wconf 81' lang='lat' dir='ltr'><strong>Edd.,</strong></span> <span class='ocrx_word' id='word_1_982' title='bbox 2510 5680 2756 5745; x_wconf 74' lang='lat' dir='ltr'><strong>nonvelit.</strong></span> 
     </span>
    </p>
   </div>
   <div class='ocr_carea' id='block_1_120' title="bbox 2018 5737 3067 5819">
    <p class='ocr_par' dir='ltr' id='par_1_120' title="bbox 2018 5737 3067 5819">
     <span class='ocr_line' id='line_1_120' title="bbox 2018 5737 3067 5819; baseline -0.019 -12"><span class='ocrx_word' id='word_1_983' title='bbox 2018 5763 2037 5793; x_wconf 74' lang='grc' dir='ltr'><strong>ι</strong></span> <span class='ocrx_word' id='word_1_984' title='bbox 2059 5737 2251 5819; x_wconf 50' lang='lat' dir='ltr'><strong>magis</strong></span> <span class='ocrx_word' id='word_1_985' title='bbox 2272 5760 2399 5811; x_wconf 71' lang='lat' dir='ltr'><strong>\tss.,</strong></span> <span class='ocrx_word' id='word_1_986' title='bbox 2422 5742 2656 5798; x_wconf 72' lang='lat' dir='ltr'><strong>subdidit.</strong></span> <span class='ocrx_word' id='word_1_987' title='bbox 2689 5741 2872 5800; x_wconf 60' lang='lat' dir='ltr'><strong>matres,</strong></span> <span class='ocrx_word' id='word_1_988' title='bbox 2890 5737 3067 5789; x_wconf 72' lang='grc' dir='ltr'><strong>διιοίίίε.</strong></span> 
     </span>
    </p>
   </div>
  </div>
