4038 6460
1754 322 1811 381 S.
1852 316 2214 379 AUGUSTINI
2254 318 2553 377 EPISCOPI
3648 334 3785 395 18M

2209 434 2442 491 arrideat
2462 478 2477 504 ,
2523 445 2691 493 totum
2722 438 3014 497 timendum
3051 451 3107 499 et
3140 445 3459 515 gemendum
3494 457 3615 514 est,
3645 465 3782 521 quo-

530 342 670 402 1865

529 470 689 527 supra
715 453 841 525 quid
874 463 1056 522 ponas.
1085 442 1390 503 Estimatio
1418 440 1560 498 enim
1587 446 1669 494 est
1687 478 1703 503 ,
1741 436 1923 507 quanti
1945 433 2097 527 pretii

530 523 1067 616 sitquidqueQuanti
1085 533 1364 591 aestimavit
1380 531 1673 593 hominem,
1692 528 1779 597 qui
1795 541 1890 595 pro
1906 539 1970 579 eo
1984 523 2103 578 Uni-

530 641 579 694 ci
596 639 904 707 sanguinem
922 630 1090 686 fudit?
1114 627 1246 695 Quid
1283 634 1354 679 est
1369 625 1515 678 homo
1535 663 1550 687 ,
1586 620 1823 692 quoniam
1848 616 2104 671 innotuisti

540 730 627 784 ei?
673 727 802 793 Cui,
850 724 970 793 quis
1016 719 1364 776 innotuisli?‘
1392 716 1527 784 Quid
1575 722 1658 769 est
1684 713 1820 783 ﬁlius
1864 710 2099 774 hominis,

531 817 768 888 quoniam
805 815 1023 869 arstimas
1051 810 1203 865 eum?
1229 808 1486 877 Quoniam
1517 804 1647 859 tanti
1693 816 1814 858 eum
1872 800 2057 870 pendis
2081 840 2098 866 ,

529 907 661 962 tanti
682 919 803 960 eum
824 904 1056 957 aestimas
1074 942 1090 968 ,
1117 899 1403 970 pretiosum
1426 893 1676 966 quiddam
1698 906 1817 949 esse
1837 889 2097 946 ostendis.

529 997 646 1051 Non
668 994 808 1050 enim
829 993 969 1047 Deus
993 992 1070 1047 sic
1094 990 1320 1044 aestimat
1347 987 1637 1052 hominem,
1656 981 1921 1054 quomodo
1940 980 2100 1036 homo

531 1086 760 1141 testimat
786 1077 1317 1149 hominemzquaudo
1345 1075 1543 1130 invenit
1579 1088 1787 1129 servum
1818 1071 2055 1127 venalem
2081 1112 2097 1138 ,

526 1176 701 1231 carius
714 1173 843 1228 emit
860 1186 1075 1241 equum,
1097 1185 1253 1241 quam
1271 1168 1560 1222 hominem.
1580 1166 1671 1219 Ille
1689 1164 1869 1235 quanti
1886 1171 1936 1218 te
1956 1162 2098 1216 testi-

528 1275 636 1320 met
660 1264 799 1329 vide,
829 1272 887 1316 ut
913 1262 1081 1331 possis
1098 1260 1275 1314 dicere
1298 1277 1310 1312 :
1333 1258 1392 1313 Si
1412 1256 1547 1309 Deus
1568 1271 1659 1325 pro
1676 1254 1835 1319 nobis,
1854 1252 1966 1322 quis
1981 1270 2100 1306 cono

531 1366 605 1408 ινα
636 1353 767 1407 nos?
795 1353 858 1405 Et
881 1351 1061 1420 quanti
1089 1358 1140 1405 te
1168 1347 1446 1403 aestimavit
1467 1386 1481 1410 ,
1503 1345 1587 1415 qui
1614 1343 1749 1397 Filio
1770 1343 1973 1412 proprio
1996 1358 2097 1394 non

534 1444 791 1514 pepercit,
842 1442 928 1495 sed
958 1457 1049 1511 pro
1096 1439 1237 1493 nobis
1276 1438 1505 1492 omnibus
1546 1434 1751 1487 tradidit
1778 1432 1933 1486 cum?
1961 1432 2099 1498 Quo-

529 1534 680 1588 modo
708 1550 808 1587 non
830 1541 875 1586 et
904 1548 1018 1585 cum
1041 1531 1131 1584 illo
1152 1529 1320 1582 omnia
1345 1527 1487 1579 nobis
1530 1523 1732 1577 donavit
1763 1522 1936 1596 (Rom.
1964 1537 2056 1575 vnt
2077 1561 2093 1587 ,

526 1627 616 1691 3|,
643 1623 771 1692 32)?
790 1623 887 1690 Qui
907 1622 1043 1676 hanc
1057 1634 1318 1675 annonam
1345 1617 1492 1673 dedit
1524 1614 1804 1687 pugnanti,
1830 1613 1953 1683 quid
1983 1628 2093 1668 ser-

529 1726 619 1772 vat
663 1714 938 1770 vincenti?
986 1712 1099 1783 Ego
1128 1728 1242 1765 sum
1266 1752 1281 1778 ,
1330 1710 1533 1779 inquit,
1557 1708 1703 1778 panis
1730 1707 1887 1771 vivus,
1924 1705 2011 1774 qui
2034 1704 2097 1757 de

525 1807 651 1861 ccelo
688 1804 919 1859 descendi
946 1801 1120 1872 (Joan.
1154 1817 1225 1868 Vl,
1269 1801 1384 1871 4|).
1417 1800 1539 1854 Haec
1573 1807 1655 1853 est
1701 1812 1910 1852 annona
1958 1810 2097 1866 pra:-

526 1898 767 1952 liantium
792 1937 808 1963 ,
862 1895 928 1950 de
964 1894 1169 1948 horreis
1211 1894 1417 1947 invecta
1446 1890 1726 1945 dominicis
1749 1931 1765 1957 ,
1809 1888 1948 1961 unde
2000 1901 2094 1956 pa-

526 1997 745 2043 scuntur
774 1986 959 2054 Angeli
990 2003 1003 2039 :
1035 1985 1154 2054 quia
1176 2024 1190 2047 ,
1216 1983 1407 2037 Panem
1436 1980 1741 2051 Angelorum
1777 1978 2095 2032 manducavit

527 2080 674 2133 homo
700 2080 717 2147 (
739 2077 882 2131 Psal.
938 2090 1110 2129 Lxxvu
1138 2117 1152 2140 ,
1200 2073 1317 2139 25).
1346 2073 1472 2127 Post
1498 2071 1679 2141 prtulia
1700 2083 1826 2125 vero
1868 2078 1923 2124 et
1957 2068 2094 2122 hanc

523 2183 789 2224 annonam
835 2166 961 2238 quid
1015 2165 1228 2221 servat?
1282 2165 1407 2235 quid
1447 2163 1594 2218 dabit
1642 2161 1962 2227 victoribus,
1992 2159 2093 2215 nisi

524 2262 665 2333 quod
693 2263 745 2316 iu
772 2262 875 2315 alio
904 2259 1108 2330 psalmo
1130 2258 1322 2312 dicitur
1353 2275 1366 2311 :
1403 2256 1568 2311 Unam
1613 2256 1730 2325 petii
1754 2272 1785 2308 a
1830 2253 2049 2311 Domino
2072 2294 2089 2320 ,

522 2353 651 2406 hanc
678 2352 928 2420 requiram
946 2390 961 2413 ,
989 2357 1045 2402 ut
1077 2348 1349 2402 inhabitem
1378 2348 1430 2400 in
1454 2346 1603 2399 domo
1635 2345 1838 2400 Domim
1865 2360 1954 2413 per
1981 2359 2092 2396 om-

520 2462 608 2499 nes
636 2444 741 2497 dies
761 2443 872 2496 vita:
890 2455 1047 2505 metu;
1071 2448 1124 2492 ut
1143 2438 1445 2508 contempler
1464 2436 1838 2490 delectationem
1862 2433 2087 2499 Domini,

520 2545 567 2590 ct
612 2544 844 2606 protegar
878 2532 1116 2603 templum
1150 2528 1448 2601 ejus(Psal.
1485 2544 1641 2593 χχιιι,
1693 2527 1787 2599 4)ἳ
1834 2526 1967 2588 Quid
2017 2535 2089 2580 est

523 2627 671 2679 homo
695 2666 711 2690 ,
742 2624 979 2693 quoniam
1005 2621 1263 2675 innotuiin
1287 2621 1376 2675 ei?
1400 2628 1489 2673 aut
1516 2620 1653 2689 ﬁlius
1674 2617 1891 2673 hominis
1914 2657 1928 2682 ,
1956 2632 2085 2687 quo-

519 2717 653 2769 niam
680 2716 895 2769 aestimas
920 2713 1078 2767 eum!

590 2806 676 2860 ιι.
707 2803 856 2876 [vers.
884 2802 962 2875 4.]
994 2802 1158 2857 Domo
1181 2800 1386 2854 vanitati
1410 2798 1589 2855 similis
1609 2804 1773 2871 factus
1799 2808 1907 2865 est;
1933 2807 1985 2853 ct
2012 2808 2089 2853 la-

517 2912 639 2950 mcn
670 2895 941 2949 inuotuisti
968 2894 1037 2960 ei,
1060 2902 1114 2948 et
1139 2894 1369 2947 mstimas
1401 2908 1543 2947 eum.
1592 2890 1760 2945 Homo
1780 2890 1989 2945 vanitati
2012 2891 2085 2944 si-

519 2985 652 3039 milis
692 2989 854 3055 [actus
894 2993 986 3037 est.
1025 2983 1122 3037 Cui
1160 2982 1416 3036 vanitati?
1440 2980 1788 3052 Temporibus
1808 2981 2084 3051 praeterla-

520 3074 768 3128 bentihus
793 3081 847 3127 et
873 3071 1369 3143 praeterﬂuentihus.
1402 3072 1613 3127 Vanitas
1641 3071 1782 3127 enim
1825 3072 1924 3127 ista
1950 3071 2084 3127 dici-

526 3173 611 3217 tur
643 3163 695 3217 iu
736 3163 1131 3233 comparatione
1173 3177 1386 3232 semper
1426 3161 1692 3216 manentis
1726 3170 1781 3217 et
1819 3176 2083 3231 nunquam

518 3254 814 3309 deficientis
835 3255 1091 3309 veritatis.
1121 3252 1250 3308 Nam
1269 3261 1323 3308 et
1352 3254 1449 3308 ista
1474 3262 1714 3307 creatura
1742 3261 1825 3309 est
1849 3253 1950 3308 loci
1980 3254 2083 3308 sui.

515 3345 750 3417 Implevit
776 3346 917 3400 enim
940 3344 1076 3400 Deus
1101 3355 1313 3410 terram,
1354 3345 1489 3398 sicut
1516 3343 1768 3414 scriptum
1797 3352 1878 3399 est
1896 3385 1913 3411 ,
1944 3344 2085 3398 bonis

513 3439 619 3491 suis
649 3435 834 3508 (Eccli.
863 3452 948 3491 xvt
969 3476 985 3502 ,
1011 3434 1121 3508 50).
1148 3434 1282 3502 Quid
1313 3443 1393 3490 est
1413 3475 1428 3501 ,
1457 3434 1606 3488 suis?
1632 3434 1743 3490 Sibi
1784 3450 2083 3506 congruen—

516 3530 674 3583 tibus.
699 3528 804 3583 Sed
826 3529 938 3583 hinc
959 3528 1136 3582 omnia
1165 3536 1392 3594 terrena,
1438 3526 1661 3582 volatica
1685 3567 1700 3591 ,
1745 3526 2043 3581 transitoria
2064 3568 2080 3593 ,

515 3620 559 3673 si
581 3626 954 3689 comparentur
979 3619 1055 3673 illi
1078 3618 1307 3685 veritati,
1335 3618 1425 3673 ubi
1445 3619 1642 3673 dictum
1669 3627 1750 3674 est
1770 3660 1785 3685 ,
1818 3617 1932 3689 Ego
1971 3635 2083 3673 sum

512 3711 598 3779 qui
621 3726 731 3764 sum
756 3708 949 3779 (Exod.
981 3725 1033 3764 ιιι
1054 3750 1070 3777 ,
1101 3709 1223 3782 lt);
1257 3718 1423 3764 totum
1451 3709 1553 3765 hoc
1573 3709 1713 3780 quod
1737 3711 1953 3776 transit,
1989 3726 2081 3765 va-

513 3802 650 3855 nitas
675 3800 887 3855 dicitur.
915 3800 1193 3856 Evauescit
1238 3800 1383 3855 enim
1414 3815 1508 3871 per
1535 3810 1743 3870 tempus
1762 3842 1777 3866 ,
1829 3809 2080 3871 tanquam

515 3893 568 3948 in
589 3907 746 3947 auras
768 3892 963 3947 fumus.
989 3892 1054 3947 Et
1076 3893 1201 3964 quid
1226 3893 1395 3949 dicam
1417 3893 1666 3962 amplius,
1684 3909 1839 3964 quam
1866 3893 1916 3948 id
1942 3893 2083 3965 quod

513 3981 789 4051 apostolus
818 3981 1050 4037 Jacohus
1069 3982 1230 4048 dixit,
1250 3983 1435 4037 volens
1463 3982 1707 4037 homines
1735 3984 1992 4052 superbos
2016 3984 2081 4037 ad

514 4070 865 4127 humilitatem
918 4072 1193 4143 redigere?
1238 4072 1365 4139 Qua:
1412 4082 1485 4127 est
1512 4074 1641 4126 enim
1673 4112 1689 4140 ,
1738 4074 1934 4144 inquit,
1984 4075 2085 4127 vita

514 4161 725 4215 vestra?
784 4160 954 4231 Vapor
997 4170 1068 4216 est
1119 4161 1186 4214 ad
1236 4163 1484 4216 modicum
1526 4180 1819 4234 apparens;
1852 4165 2084 4235 deinceps

515 4254 927 4307 exterminabitur
958 4254 976 4325 (
1005 4252 1186 4309 Jacobi
1212 4270 1262 4309 tv
1286 4296 1302 4321 ,
1337 4254 1445 4325 15).
1475 4254 1638 4325 Ergo,
1680 4255 1848 4309 Ilomo
1877 4258 2084 4311 vanitati

515 4343 693 4398 similis
719 4347 885 4414 factus
911 4354 1004 4399 est.
1052 4345 1327 4400 Peccaudo
1355 4347 1565 4400 vanitati
1597 4347 1774 4402 similis
1802 4352 1965 4420 factus
1989 4358 2080 4403 est.

515 4434 646 4490 Nam
677 4436 889 4506 quando
912 4446 996 4492 est
1047 4438 1274 4507 primum
1320 4438 1595 4504 conditus,
1635 4439 1845 4495 veritati
1894 4440 2084 4497 similis

515 4525 682 4590 factus
702 4535 784 4581 est
806 4543 821 4592 ;
849 4527 942 4581 sed
967 4528 1088 4596 quia
1117 4528 1391 4598 peccavit,
1446 4530 1567 4605 quia
1590 4531 1610 4561 ⁸
1646 4530 1846 4600 recepit
1884 4529 2040 4600 digna
2063 4571 2080 4597 ,

512 4615 724 4669 vanitati
741 4616 918 4669 similis
948 4621 1112 4687 factus
1155 4628 1247 4671 est.
1286 4618 1394 4672 Pro
1422 4619 1680 4691 iniquitate
1708 4621 1847 4675 enim
1877 4621 2086 4675 erudisti

517 4705 802 4771 hominem,
831 4704 963 4759 dixit
986 4706 1037 4758 iu
1068 4706 1171 4760 alio
1194 4708 1419 4776 psalmo,
1440 4718 1485 4761 et
1516 4709 1763 4763 tabescere
1782 4706 1943 4777 fecisti
1957 4710 2086 4764 sicut

519 4812 760 4850 araneam
785 4797 1007 4850 animam
1030 4798 1157 4861 eius.
1194 4796 1320 4853 Inde
1344 4806 1399 4853 et
1420 4800 1519 4853 hoc
1537 4840 1551 4864 ,
1588 4798 1753 4854 Homo
1787 4802 1994 4855 vanitati
2015 4801 2087 4855 si-

523 4887 658 4941 milis
679 4891 843 4957 factus
869 4896 961 4941 est.
988 4888 1060 4941 lbi
1082 4888 1206 4957 quid
1238 4890 1311 4943 ait
1336 4930 1351 4955 ,
1385 4888 1516 4943 Ecce
1535 4899 1717 4945 veteres
1744 4893 1953 4962 posuisti
1978 4892 2084 4947 dies

520 4995 655 5032 meos
674 4977 847 5049 (Psal.
875 4995 1096 5045 xxxvnt,
1118 4980 1290 5051 12,6).
1315 4981 1409 5036 Hic
1430 4982 1552 5051 quid
1570 4982 1677 5037 ait?
1695 4982 1815 5038 Dies
1834 4986 1940 5051 eius
1960 4985 2086 5040 sicut

518 5071 697 5123 umbra
728 5080 1048 5140 praetereunt.
1076 5074 1325 5126 Attendat
1352 5074 1450 5127 sibi
1478 5074 1637 5127 homo
1666 5074 1717 5128 in
1741 5075 1924 5131 diebus
1969 5094 2088 5132 um-

515 5161 627 5213 bra:
649 5176 790 5225 atim,
825 5170 881 5215 ut
902 5160 1284 5232 faciataliquid
1334 5164 1549 5233 dignum
1592 5165 1904 5223 desiderata:
1952 5169 2086 5224 lucis

518 5265 664 5315 suae;
694 5259 748 5305 et
776 5252 819 5304 si
848 5251 897 5305 in
936 5254 1107 5307 noctis
1137 5254 1321 5309 umbra
1354 5263 1468 5320 est,
1511 5265 1715 5325 quierat
1754 5258 1916 5312 diem.
1963 5259 2085 5314 Dies

520 5342 663 5397 enim
694 5342 851 5412 hujus
877 5345 1123 5398 vanitatis
1147 5388 1162 5411 ,
1210 5349 1547 5416 cognoscenti
1577 5348 1806 5417 homini,
1852 5351 1965 5406 dies
2004 5362 2085 5407 est

514 5432 904 5499 tribulationis;
931 5434 1040 5489 sive
1061 5436 1231 5505 aliqua
1256 5438 1687 5493 incommoditate
1708 5449 1759 5494 et
1778 5440 1950 5510 aliqua
1970 5457 2085 5497 mo-

519 5520 675 5576 lestia
700 5531 888 5576 noceat
915 5524 1096 5590 nobis,
1130 5527 1244 5580 sive
1271 5527 1440 5596 aliqua
1468 5520 1818 5599 prosperitate
1858 5531 2084 5587 mundus

578 5653 597 5723 ξ
622 5658 686 5701 Ita
710 5655 925 5723 qumque
955 5661 1061 5723 Mss.
1090 5665 1143 5706 At
1166 5658 1295 5707 Edd.:
1322 5659 1426 5723 Cui,
1452 5662 1567 5723 quid
1590 5662 1869 5717 innotuisti?

577 5716 597 5745 ’
623 5715 752 5777 Apud
778 5715 856 5762 er.
876 5718 1020 5780 Lugd.
1050 5726 1166 5767 \‘en.
1193 5727 1244 5770 et
1266 5727 1373 5771 Lov.
1399 5715 1569 5786 deest,
1593 5727 1722 5786 quia.
1789 5735 1846 5778 ιιι.

2208 527 2350 581 niam
2377 529 2599 584 tentatio
2624 539 2704 586 est
2724 531 2828 585 vita
2848 532 3077 588 humana
3098 548 3261 605 super
3306 547 3500 594 terram
3521 540 3641 607 (Job
3668 546 3742 597 vn
3759 584 3775 608 ,

2208 615 2261 686 1)
2291 635 2304 671 :
2336 618 2477 674 unde
2517 620 2711 676 dicitur
2742 622 2786 687 ⁸,
2815 622 2945 678 Tota
2971 625 3055 679 die
3094 629 3419 684 contristatus
3455 632 3777 688 ambulabant

2207 704 2380 776 (Psal.
2426 725 2632 775 xxxvu,
2678 712 2757 781 7).
2802 712 3017 770 Solatiis
3044 731 3180 787 opus
3207 718 3499 786 habemus,
3541 707 3597 777 et
3620 724 3777 793 quid-

2207 797 2333 866 quid
2361 800 2515 855 nobis
2536 816 2674 857 nunc
2689 803 2903 859 exhibet
2929 806 3087 873 Deus,
3109 822 3230 863 eum
3254 825 3511 881 prospere
3532 812 3773 881 exhibet,

2206 901 2313 943 non
2338 896 2422 943 est
2446 890 2691 959 gaudium
2741 893 3014 950 beatorum
3034 938 3051 963 ,
3077 897 3171 952 sed
3208 901 3503 956 consolatio
3538 903 3773 959 misero-

2204 994 2345 1034 rum.
2372 978 2553 1051 ltaque
2579 990 2702 1053 agat
2724 984 2924 1055 aliquid
2946 1025 2963 1050 ,
2994 986 3208 1059 inquam
3225 1028 3239 1052 ,
3268 989 3429 1046 homo
3442 991 3665 1063 dignum
3685 993 3777 1050 de-

2201 1070 2427 1126 siderata
2462 1072 2579 1129 luce
2605 1073 2659 1128 in
2688 1074 2801 1131 istis
2825 1077 3013 1133 diebus
3048 1078 3247 1135 umbras
3283 1095 3393 1136 sua:
3411 1121 3430 1142 .
3460 1092 3515 1138 et
3539 1084 3591 1140 in
3619 1096 3774 1143 nocte

2202 1160 2429 1232 inquirat
2458 1164 2643 1232 Deum,
2672 1166 2809 1220 sicut
2826 1167 3078 1237 scriptum
3101 1179 3185 1224 est
3209 1188 3223 1225 :
3249 1170 3317 1225 In
3340 1171 3423 1227 die
3436 1174 3772 1232 tribulationis

2202 1269 2325 1307 mea:
2350 1253 2512 1308 Deum
2540 1256 2779 1323 exquisivi
2817 1258 3045 1312 manibus
3072 1261 3194 1313 meis
3222 1270 3364 1315 nocte
3399 1277 3571 1316 coram
3599 1281 3661 1319 eo
3680 1306 3696 1329 ,
3725 1276 3771 1319 et

2201 1361 2302 1399 non
2327 1361 2437 1400 sum
2461 1346 2695 1417 deceptus
2721 1346 2904 1420 (Psal.
2933 1366 3108 1417 Lxxvr,
3137 1352 3172 1406 3
3212 1351 3253 1423 ).
3286 1353 3454 1421 Quam
3474 1353 3605 1411 dicit
3627 1356 3767 1414 diem

2203 1435 2574 1505 tribulationis,
2591 1439 2689 1494 nisi
2708 1454 2866 1509 quam
2889 1440 3016 1496 dicit
3040 1451 3095 1496 et
3118 1446 3364 1499 noctem?
3390 1444 3629 1502 Manibus
3649 1447 3767 1504 meis

2199 1537 2342 1581 nocte
2360 1544 2530 1582 coram
2558 1546 2635 1583 eo.
2662 1530 2851 1587 Adhuc
2880 1532 2930 1587 iu
2958 1542 3114 1589 nocte
3138 1550 3341 1602 sumus,
3372 1538 3510 1593 etad
3537 1540 3767 1609 prophe-

2201 1616 2284 1671 tia:
2311 1617 2577 1673 lucernam
2604 1618 2897 1690 vigilamus.
2940 1622 3152 1692 Aliquid
3182 1626 3498 1694 promissum
3520 1636 3605 1683 est
3628 1630 3765 1698 quod

2198 1707 2371 1763 adhuc
2411 1718 2786 1779 exspectatur:
2823 1711 2917 1766 sed
2949 1713 3075 1782 quid
3120 1715 3195 1768 ait
3234 1716 3503 1785 apostolus
3536 1718 3765 1775 Petrus?

2199 1798 2456 1855 Habemus
2483 1803 2740 1857 certiorem
2764 1804 3108 1876 prapheticum
3132 1788 3429 1875 sermonem,
3452 1810 3535 1864 cui
3562 1816 3765 1882 benefa-

2197 1894 2305 1948 citis
2338 1895 2668 1961 intendentes,
2710 1905 2948 1965 tanquam
2988 1898 3204 1952 lucernte
3234 1899 3417 1953 lucenti
3457 1899 3511 1953 in
3556 1902 3764 1955 obscuro

2198 1978 2325 2044 loco,
2355 1979 2511 2034 donec
2539 1981 2645 2035 dies
2667 1980 2899 2047 lucescat,
2936 1991 2984 2035 et
3025 1984 3206 2052 lucifer
3243 1984 3432 2037 oriatur
3458 1984 3510 2038 in
3534 1986 3764 2041 cordibus

2196 2069 2369 2123 vestris
2394 2070 2461 2139 (Il
2493 2069 2631 2126 Petr.
2658 2088 2695 2136 ι,
2723 2071 2832 2143 19).
2867 2071 2981 2141 Ipse
2999 2072 3111 2127 dies
3134 2074 3404 2142 praemium
3427 2085 3670 2130 nostrum
3694 2077 3762 2132 ibi

2196 2169 2296 2215 est.
2337 2159 2493 2214 Mane
2524 2163 2759 2216 exaudies
2788 2178 2955 2217 vocem
2987 2178 3182 2228 meam;
3221 2180 3367 2219 mane
3386 2166 3561 2220 astabo
3586 2168 3696 2234 tibi,
3720 2177 3763 2221 et

2194 2253 2566 2323 contemplabor
2593 2257 2611 2326 (
2633 2255 2777 2311 Psal.
2808 2272 2859 2323 v,
2887 2258 2941 2322 4,
2970 2256 3049 2327 5).
3093 2256 3232 2327 Ergo
3254 2273 3495 2328 operare,
3523 2262 3763 2330 quamvis

2197 2346 2247 2401 iu
2276 2356 2449 2416 nocte,
2480 2348 2722 2405 manibus
2744 2349 2877 2414 tuis;
2907 2349 2957 2403 id
2983 2357 3083 2413 est,
3113 2350 3263 2405 bonis
3282 2352 3532 2419 operibus
3559 2352 3761 2422 inquire

2196 2438 2382 2505 Deum,
2411 2448 2690 2509 antequam
2732 2440 2907 2495 veniat
2945 2440 3058 2495 dies
3087 2440 3175 2497 ille
3199 2442 3288 2511 qui
3328 2450 3381 2497 te
3416 2442 3668 2506 ltetiticet,
3696 2460 3761 2499 ne

2194 2534 2370 2588 veniat
2408 2535 2494 2604 qui
2535 2542 2589 2590 te
2628 2534 2948 2592 mtestilieet.
2996 2535 3127 2592 Vide
3165 2537 3306 2593 enim
3342 2554 3500 2610 quam
3542 2555 3759 2596 securus

2192 2628 2447 2698 opereris,
2473 2630 2595 2699 quia
2632 2645 2737 2685 nou
2780 2629 3047 2686 desereris
3084 2630 3153 2686 ab
3188 2631 3281 2686 illo
3321 2646 3475 2702 quem
3522 2634 3754 2703 quaeris:

2194 2721 2432 2776 Manibus
2474 2723 2617 2790 meis,
2654 2722 2841 2793 inquit,
2868 2722 3032 2777 Deum
3056 2723 3295 2793 exquisivi
3319 2733 3463 2777 nocte
3488 2739 3659 2777 coram
3680 2740 3753 2778 eo.

2191 2813 2259 2870 Ut
2279 2813 2437 2871 Pater
2464 2824 2583 2871 tuus
2604 2816 2690 2885 qui
2715 2815 2856 2871 videt
2880 2816 2934 2870 in
2958 2815 3183 2881 occulto,
3210 2815 3397 2871 reddat
3421 2816 3516 2872 tibi
3547 2816 3752 2888 (Matth.

2190 2919 2261 2971 γι,
2294 2906 2386 2976 4);
2437 2905 2574 2971 ideo,
2601 2922 2771 2960 coram
2791 2922 2867 2960 eo.
2910 2906 3055 2961 Intus
3079 2905 3275 2962 habeas
3299 2906 3713 2963 misericordiam
3735 2948 3752 2971 ,

2188 2996 2534 3065 charitatem;
2584 3013 2651 3054 ne
2687 2998 2885 3069 aliquid
2930 2998 3091 3054 facias
3127 3000 3276 3069 quasi
3305 2998 3479 3054 studio
3516 2998 3753 3068 placendi

2190 3086 2511 3142 hominibus.
2555 3088 2791 3144 Manibus
2812 3089 2963 3163 meis,
2986 3089 3234 3159 operibus
3257 3090 3392 3145 meis
3419 3107 3435 3145 :
3462 3090 3515 3143 in
3548 3091 3751 3153 umbra,

2190 3178 2242 3233 in
2272 3177 2372 3233 hac
2400 3180 2505 3233 vita
2536 3196 2550 3234 :
2575 3179 2663 3234 ubi
2704 3179 2817 3249 ipse
2841 3179 3000 3245 videt,
3033 3196 3137 3235 non
3164 3178 3252 3235 ubi
3286 3180 3498 3250 placere
3531 3179 3759 3235 homini-

2188 3269 2287 3325 bus
2310 3269 2518 3326 studeo.
2555 3271 2621 3325 Et
2657 3271 2783 3342 quid
2821 3272 3090 3341 sequitur?
3136 3271 3199 3326 Et
3225 3288 3324 3326 non
3355 3288 3467 3325 sum
3502 3272 3753 3341 deceptus.

2154 3356 2159 3359 ’
2191 3352 2357 3408 Homo
2382 3354 2591 3409 vanitati
2624 3356 2801 3409 similis
2841 3359 3006 3427 {actus
3040 3365 3151 3420 cst;
3188 3356 3295 3410 dies
3338 3356 3477 3410 illius
3518 3365 3755 3423 tanquam

2186 3446 2362 3499 umbra
2397 3454 2700 3501 transeunt:
2726 3454 2782 3502 et
2809 3454 2981 3502 tamen
3015 3445 3288 3502 iunotuisti
3324 3445 3394 3513 ei,
3433 3456 3487 3503 et
3523 3447 3757 3502 aestimas

2185 3551 2344 3677 enini
2377 3620 2523 3694 [vers.
2553 3621 2630 3695 5.]
2663 3621 2900 3688 Domine,
2930 3623 3121 3679 inclina
3142 3622 3292 3679 caelos
3317 3632 3444 3690 tuos,
3468 3631 3515 3677 et
3538 3622 3753 3676 descen-

2186 3715 2288 3770 de:
2312 3725 2458 3787 tange
2495 3726 2715 3783 montes,
2746 3726 2793 3770 et
2819 3715 3152 3788 fumigabunt.
3199 3716 3415 3771 Corusca
3450 3714 3754 3769 coruscatio-

2187 3819 2319 3870 nem,
2342 3814 2388 3859 et
2411 3804 2666 3876 dispergas
2691 3821 2811 3870 eos;
2837 3806 3002 3860 emitte
3027 3806 3235 3876 sagittas
3260 3815 3391 3866 tuas,
3418 3814 3465 3857 et
3488 3804 3754 3857 conturba-

2186 3892 2259 3946 bis
2296 3909 2398 3947 eos.
2439 3892 2624 3947 Emitte
2649 3911 2853 3948 manum
2891 3904 3027 3948 tuam
3054 3912 3118 3949 ea:
3145 3896 3285 3962 altos
3310 3904 3356 3949 et
3376 3895 3536 3948 exime
3561 3910 3673 3955 nte,
3709 3903 3752 3947 et

2187 4000 2302 4039 erue
2329 4001 2407 4039 me
2427 3985 2490 4039 de
2511 3986 2655 4055 aquis
2681 3986 2871 4040 multis.
2902 3984 3106 4057 Corpus
3131 3986 3323 4041 Christi
3346 4026 3361 4052 ,
3407 3984 3626 4041 humilis
3655 3985 3752 4039 Da-

2186 4074 2291 4139 vid,
2322 4075 2489 4145 gratia
2516 4075 2733 4144 plenus,
2775 4075 2841 4129 de
2872 4076 2980 4131 Deo
3010 4062 3336 4145 praesumens
3358 4115 3374 4141 ,
3420 4089 3659 4145 pugnans
3701 4075 3750 4128 in

2188 4165 2288 4221 hoc
2330 4165 2555 4231 saeculo,
2599 4166 2809 4220 invocat
2844 4166 3162 4236 adiutorium
3200 4167 3291 4221 Dei
3322 4182 3335 4218 :
3364 4164 3571 4220 Incliua
3608 4167 3752 4219 cretes

2187 4267 2317 4323 tuos,
2340 4267 2387 4311 et
2410 4258 2669 4313 descende.
2691 4258 2790 4325 Qui
2815 4266 2936 4311 sunt
2958 4259 3077 4314 caeli
3100 4257 3364 4313 inclinati?
3393 4256 3632 4327 Apostoli
3661 4256 3753 4309 hu-

2188 4349 2392 4405 miliati.
2421 4350 2510 4405 Isti
2540 4352 2680 4405 enim
2703 4351 2815 4407 ctuti
2833 4362 3070 4406 enarrant
3096 4353 3309 4424 gloriam
3333 4350 3428 4406 Dei
3451 4367 3469 4404 :
3496 4360 3552 4404 et
3578 4349 3647 4405 de
3675 4349 3753 4403 his

2186 4442 2338 4503 oculis
2365 4445 2735 4501 enarrantibus
2754 4444 2973 4516 gloriam
3000 4445 3093 4500 Dei
3114 4460 3237 4499 mox
3261 4443 3473 4508 dicitur,
3498 4440 3621 4496 Non
3642 4452 3754 4497 sunt

2187 4538 2400 4609 loquelae
2426 4554 2583 4607 neque
2613 4553 2895 4604 sermones,
2935 4553 3147 4606 quorum
3176 4552 3277 4590 non
3305 4535 3580 4589 audiantur
3618 4548 3754 4588 voces

2187 4645 2357 4684 eorum
2378 4645 2397 4683 :
2424 4629 2477 4683 in
2506 4644 2702 4683 omnem
2721 4638 2905 4682 terram
2931 4628 3080 4682 exivit
3103 4641 3255 4680 sonus
3274 4640 3462 4690 eorum,
3488 4632 3535 4679 et
3558 4624 3611 4676 in
3632 4623 3754 4692 ﬁnes

2187 4721 2320 4776 orbis
2365 4730 2510 4776 terra:
2546 4722 2692 4775 verba
2734 4736 2904 4775 eorum
2942 4718 3109 4790 (Psal.
3137 4732 3292 4782 xvm,
3323 4715 3377 4781 2,
3410 4718 3474 4782 ι,
3511 4713 3592 4786 5).
3623 4712 3752 4769 Cum

2188 4826 2314 4883 ergo
2341 4812 2423 4867 isti
2453 4812 2570 4867 caeli
2592 4813 2895 4868 emitterent
2916 4824 3074 4865 voces
3093 4823 3215 4864 suas
3235 4822 3332 4879 per
3353 4820 3540 4862 omnes
3563 4814 3751 4866 terras.

2188 4914 2241 4960 et
2268 4904 2504 4960 facerent
2528 4903 2810 4968 mirabilia,
2837 4909 3148 4957 coruscante
3172 4900 3241 4955 de
3270 4900 3375 4954 illis
3402 4906 3456 4953 et
3480 4897 3755 4951 intonante

2188 5000 2413 5053 Domino
2435 4998 2699 5053 miraculis
2720 5003 2774 5051 et
2792 4995 3090 5065 praeceptis,
3115 4993 3276 5064 putati
3291 5000 3415 5047 sunt
3433 4990 3503 5046 dii
3528 4989 3756 5045 descen-

2187 5088 2329 5144 disse
2354 5088 2420 5143 de
2445 5088 2580 5143 etelo
2616 5087 2683 5143 ad
2712 5087 2972 5141 homines.
3008 5084 3139 5139 Nam
3165 5082 3377 5154 quidam
3405 5097 3467 5137 ex
3499 5080 3755 5135 Gentibus

2190 5180 2289 5235 hoc
2318 5188 2596 5250 putantes,
2642 5179 2718 5233 eis
2746 5180 2905 5233 etiam
2950 5178 3248 5232 sacriﬁcare
3274 5174 3574 5229 voluerunt.
3608 5172 3753 5226 Tunc

2190 5272 2263 5326 illi
2291 5273 2530 5327 videntes
2553 5271 2653 5324 sibi
2678 5270 2872 5325 deferri
2896 5268 3184 5324 indebitum
3213 5268 3492 5330 honorem,
3515 5273 3570 5317 et
3593 5277 3728 5332 expa

2191 5371 2484 5426 vescentes,
2518 5370 2571 5415 et
2597 5360 2937 5427 detestantes,
2966 5370 3019 5414 et
3040 5374 3133 5414 eos
3159 5357 3347 5428 quisic
3366 5354 3616 5410 errabant
3637 5369 3754 5407 cor-

2188 5452 2439 5522 rigentes,
2472 5461 2528 5506 ut
2545 5451 2884 5507 ostenderent
2904 5452 2981 5507 eis
3007 5460 3204 5506 motum
3232 5448 3392 5503 animi
3417 5446 3520 5513 sui,
3547 5444 3751 5501 consci-

2188 5543 2377 5599 derunt
2402 5545 2712 5599 vestimenta
2737 5559 2850 5610 sua,
2877 5552 2931 5599 et
2959 5543 3223 5606 dixerunt,
3257 5540 3392 5608 Quid
3433 5538 3528 5591 hoc
3554 5534 3752 5607 facitis!

2190 5659 2539 5773 ὺαὲιῖξὴιυςά.
2576 5669 2692 5713 \‘en.
2716 5668 2767 5711 et
2802 5668 2932 5723 Lata,
2961 5662 3086 5712 unde
3121 5657 3247 5710 enim
3270 5654 3508 5707 (flatur...
3545 5647 3751 5700 ambutav
