4038 6522
312 552 320 559 .
350 496 475 555 1865

350 612 576 667 Homines
598 616 647 665 et
671 624 762 665 nos
788 621 959 666 sumus
988 606 1245 680 passibiles
1262 647 1280 677 ,
1310 604 1440 662 sicut
1464 615 1515 663 et
1546 623 1652 662 sos.
1694 605 1761 662 Et
1787 617 1901 661 cm-

344 714 523 778 perunt
551 704 652 760 sub
677 705 759 760 his
784 705 963 762 verbis
1002 702 1376 761 commendare
1399 701 1766 760 excellentiam
1794 698 1903 755 Do-

345 797 463 854 mini
488 798 654 852 nostri
678 797 802 853 Jesu
831 796 1028 853 Christi
1060 796 1192 869 (Act.
1222 812 1332 861 xiv,
1360 794 1532 865 7-H),
1564 792 1903 849 humilianles

343 903 398 943 se
422 898 475 942 ut
492 888 953 943 commendaretur
978 888 1118 943 Deus
1142 905 1156 953 ;
1187 887 1307 958 quia
1329 885 1563 941 inclinati
1591 891 1741 939 erant
1759 882 1899 949 ouili,

344 990 397 1037 ut
420 980 764 1037 descenderet
800 981 960 1035 Deus.
992 980 1194 1034 Inclina
1218 994 1346 1049 ergo
1372 978 1521 1033 calas
1562 986 1705 1041 tuos,
1736 985 1782 1029 et
1820 976 1907 1030 de-

341 1072 531 1128 scende.
572 1071 788 1127 Factum
832 1080 933 1126 est.
972 1070 1143 1142 Tange
1188 1080 1410 1137 montes,
1459 1078 1506 1123 et
1549 1067 1862 1140 fumigabunt
1885 1081 1908 1123 :
1978 1070 1981 1071 ⁷

343 1168 541 1217 montes
568 1162 843 1231 superbos,
872 1162 1130 1217 elationes
1158 1172 1415 1227 terrenas,
1443 1159 1669 1215 tumidas
1693 1157 1909 1227 grandi:

343 1261 505 1307 tates:
538 1251 740 1324 Tange,
784 1253 979 1323 inquit,
1031 1262 1179 1324 tange
1222 1254 1350 1307 istos
1389 1260 1617 1314 montes;
1646 1250 1713 1305 de
1740 1251 1908 1321 gratia

342 1352 425 1399 tua
448 1344 512 1399 da
540 1345 653 1399 istis
676 1344 979 1400 montibus:
1013 1354 1057 1399 et
1083 1343 1432 1415 fumigabunt;
1460 1343 1581 1413 quia
1608 1341 1909 1397 fatebuntur

344 1443 548 1505 peccata
580 1450 693 1490 sua.
734 1434 933 1490 Fumus
957 1434 1321 1490 conﬁtentium
1363 1441 1699 1503 peccatorum
1726 1440 1908 1486 extor-

340 1528 514 1597 quebit
541 1536 596 1582 et
623 1528 881 1599 Iacrymas
916 1527 1312 1582 humiliatorum
1339 1525 1708 1594 superborum.
1737 1521 1913 1594 Tange

341 1626 545 1687 montes,
573 1627 617 1674 et
648 1620 983 1690 fumigabunt.
1012 1616 1270 1686 Quamdiu
1297 1630 1404 1671 non
1430 1616 1579 1680 taeti,
1610 1614 1785 1684 magni
1810 1612 1912 1669 sibi

337 1710 601 1766 videntur.
636 1711 834 1765 Dicturi
861 1720 1017 1775 sunt,
1057 1709 1136 1764 'I'u
1173 1723 1427 1777 magnus,
1467 1706 1687 1761 Domine
1727 1704 1909 1776 (Psal.

338 1818 496 1870 vau,
527 1802 623 1875 2);
654 1802 847 1859 dicturi
874 1811 999 1858 sunt
1026 1811 1081 1858 et
1110 1809 1337 1867 montes,
1368 1798 1450 1855 Tu
1479 1800 1616 1855 salus
1639 1798 1913 1853 altissimus

336 1911 485 1964 super
514 1911 710 1949 omnem
741 1906 919 1949 terram
947 1892 1117 1961 (Psal.
1149 1908 1353 1957 Lxxxu,
1386 1891 1500 1957 l9).

407 1988 477 2041 i3
514 1986 663 2058 [vers.
712 1984 790 2058 6.]
829 1985 933 2041 Sed
960 1994 1083 2039 sunt
1109 1984 1324 2055 quidam
1351 1981 1717 2053 conspirantes
1741 2022 1755 2049 ,
1786 1994 1914 2037 con-

334 2078 611 2133 venientes
642 2077 694 2131 in
733 2092 894 2131 unum
926 2076 1181 2130 adversus
1226 2074 1507 2129 Dominum
1531 2113 1547 2137 ,
1579 2079 1636 2127 et
1660 2070 1917 2127 adversus

334 2170 605 2225 Christum
631 2169 747 2239 ejus
775 2167 955 2241 (Psal.
996 2184 1054 2235 ιι,
1083 2167 1153 2231 2;
1182 2166 1295 2220 Act.
1328 2179 1396 2231 iv,
1427 2164 1497 2220 26
1515 2206 1530 2231 ,
1559 2162 1686 2235 27).
1713 2160 1918 2218 Conve-

334 2270 555 2325 nerunt,
586 2262 1041 2330 conspiraverunt.
1072 2258 1292 2313 Corusca
1310 2256 1711 2319 coruscationes,
1739 2263 1785 2311 et
1814 2254 1918 2309 dis-

334 2371 514 2426 pergee
559 2370 661 2409 eos.
692 2353 984 2408 Crebresce
1008 2352 1278 2406 miraculis
1309 2351 1430 2416 tuis,
1452 2358 1507 2403 et
1534 2349 1767 2404 solvetur
1785 2362 1919 2403 con-

331 2448 560 2517 spiratio
581 2462 785 2502 eortim.
819 2445 1038 2500 Coruscu
1062 2444 1446 2507 coruscationes,
1471 2451 1514 2496 et
1539 2441 1793 2512 disperges
1812 2456 1915 2495 eos.

331 2540 452 2595 Jam
483 2539 757 2595 miraculis
781 2538 971 2603 territi,
991 2552 1098 2591 non
1125 2535 1395 2591 audebunt
1416 2534 1615 2604 aliquid
1640 2543 1820 2589 contra
1846 2542 1918 2599 te,

332 2642 390 2687 et
420 2633 473 2686 in
508 2633 639 2702 ipsis
664 2632 934 2686 miraculis
965 2636 1376 2699 expavescentes
1406 2626 1747 2682 haesitabunt.
1792 2626 1923 2696 Quis

334 2732 423 2778 est
452 2724 555 2778 iste
583 2725 672 2794 qui
704 2732 846 2777 tanta
874 2723 1085 2793 potest?
1122 2721 1239 2792 quis
1264 2728 1347 2775 est
1373 2720 1472 2774 iste
1496 2720 1583 2789 qui
1612 2720 1691 2775 sic
1719 2718 1922 2775 exalta-

335 2823 447 2881 tur,
475 2814 628 2883 cujus
652 2831 844 2870 nomen
874 2823 1074 2870 tantum
1100 2814 1277 2869 valet?
1306 2811 1437 2868 Cum
1467 2812 1668 2877 dicunt,
1690 2812 1821 2880 Quis
1842 2820 1926 2868 est

332 2904 478 2972 iste,
508 2904 761 2960 credituri
805 2916 927 2960 sunt
957 2924 969 2958 :
999 2905 1284 2962 coruscasti
1315 2904 1615 2970 miraculis,
1643 2911 1698 2959 et
1721 2903 1927 2973 disper-

333 2996 456 3052 sisti
479 2997 672 3053 malam
692 3001 1096 3053 consensionem
1118 3012 1322 3052 eorum.
1353 2995 1538 3051 Emitte
1558 2996 1766 3065 sagittas
1790 3004 1922 3063 tuas,

331 3098 382 3143 et
411 3088 737 3143 conturbabis
765 3106 866 3143 eos.
900 3089 1111 3160 Sagitta:
1150 3088 1363 3160 potentis
1388 3096 1547 3141 acuta
1573 3086 1591 3161 (
1608 3086 1751 3142 Psal.
1780 3102 1923 3155 eux,

332 3179 437 3250 4);
470 3191 736 3249 priecepta
762 3189 846 3233 tua
869 3218 885 3245 ,
907 3179 1045 3234 dicta
1069 3189 1154 3234 tua
1181 3180 1369 3234 feriant
1399 3192 1493 3233 cor
1510 3192 1715 3231 eorum.
1741 3177 1928 3232 Emitte

329 3277 557 3341 sagittas
578 3280 711 3337 tuas,
726 3280 772 3325 et
791 3270 1106 3325 conturbabis
1125 3286 1227 3323 eos.
1252 3268 1609 3323 Vulnerentur
1627 3268 1766 3322 male
1787 3267 1923 3334 sani,

336 3373 399 3418 ut
428 3372 693 3419 sanentur
716 3364 854 3419 bene
879 3363 1170 3428 vulnerati;
1200 3371 1254 3418 et
1275 3363 1453 3417 dicant
1475 3364 1583 3432 jam
1612 3362 1664 3416 in
1689 3359 1940 3416 Ecclesia

330 3465 389 3510 et
415 3455 473 3508 in
501 3470 729 3525 corpore
752 3454 948 3509 Christi
976 3454 1265 3519 constituti,
1295 3452 1475 3507 dicant
1498 3467 1617 3507 cum
1651 3450 1925 3507 Ecclesia:

332 3546 604 3613 Quoniam
630 3546 886 3599 uulnerata
912 3545 1152 3598 charitate
1179 3560 1268 3615 ego
1292 3560 1405 3598 sum
1432 3543 1451 3612 (
1473 3540 1623 3599 Cant.
1654 3558 1710 3607 tt,
1742 3541 1797 3609 5,
1823 3558 1925 3598 sec.

327 3636 480 3691 LXX
510 3636 557 3707 ).
587 3636 777 3690 Emitte
800 3637 1012 3708 sagittas
1038 3647 1171 3702 tuas,
1203 3645 1248 3690 et
1272 3636 1588 3690 conturbabis
1610 3651 1713 3691 eos.

405 3728 501 3782 i4.
537 3724 689 3799 [vers.
711 3726 787 3799 7.]
805 3725 992 3781 Emitte
1015 3734 1219 3781 manum
1243 3735 1380 3781 tuam
1395 3742 1457 3780 ea:
1474 3727 1597 3780 alto.
1623 3725 1759 3792 Quid
1782 3734 1929 3796 post-

322 3833 393 3872 ea
416 3819 441 3871 ?
473 3817 610 3887 quid
664 3820 715 3872 in
772 3818 911 3873 line?
940 3816 1216 3885 Quomodo
1245 3818 1407 3871 vincit
1434 3832 1626 3886 corpus
1652 3817 1843 3871 Christi
1876 3815 1930 3870 ‘1’

324 3907 565 3964 Caelesﬁ
595 3908 875 3978 adjutorio.
925 3908 1113 3962 Veniet
1154 3908 1296 3963 enim
1326 3909 1433 3977 ipse
1460 3907 1708 3962 Dominus
1733 3907 1786 3961 in
1813 3922 1930 3961 voce

321 3998 675 4067 archangeli,
709 4007 755 4051 et
783 3999 835 4051 in
861 3998 981 4052 tuba
1014 3997 1110 4051 Dei
1138 3998 1398 4051 descendet
1424 3998 1485 4051 de
1513 3996 1637 4051 cmlo
1667 3997 1721 4069 (I
1750 3997 1925 4053 Thess.

321 4106 403 4158 iv,
426 4090 530 4158 15)
555 4104 570 4153 ;
595 4089 707 4158 ipse
727 4087 966 4144 Salvator
986 4090 1243 4158 corporis,
1269 4104 1454 4144 manus
1472 4091 1582 4144 Dei.
1610 4089 1795 4144 Emitte
1823 4108 1929 4145 ma-

321 4197 455 4235 num
485 4189 634 4231 tuam
650 4193 712 4232 ex
727 4178 863 4244 alto;
892 4188 935 4233 et
955 4180 1116 4233 exime
1142 4195 1239 4247 me,
1259 4189 1305 4234 et
1338 4196 1454 4234 erue
1477 4196 1555 4234 me
1570 4180 1633 4235 de
1650 4182 1792 4251 aquis
1809 4183 1930 4236 mul-

322 4273 409 4325 tis.
434 4268 587 4338 Quid
609 4280 708 4334 est,
728 4270 788 4323 de
807 4272 949 4340 aquis
966 4271 1134 4325 multis
1151 4274 1175 4326 .9
1191 4273 1266 4327 De
1288 4272 1495 4343 pOpuIis
1515 4273 1713 4328 multis.
1729 4273 1929 4341 Quibus

320 4362 602 4433 populis?
623 4362 964 4433 Alienigenis,
989 4363 1307 4431 inﬁdelibus,
1334 4365 1446 4419 sive
1470 4365 1598 4419 foris
1621 4380 1931 4437 oppugnan-

322 4456 504 4521 tibus,
536 4454 653 4509 sive
674 4454 814 4509 iutus
842 4454 1228 4511 insidiantibus.
1257 4454 1437 4511 Exime
1455 4472 1532 4511 me
1556 4458 1619 4511 de
1637 4459 1779 4527 aquis
1798 4459 1929 4514 mul-

318 4548 408 4612 tis,
445 4547 506 4599 in
539 4545 734 4615 quibus
759 4561 843 4600 me
868 4547 1154 4601 exercebas
1180 4588 1192 4610 ,
1226 4547 1277 4600 in
1304 4547 1494 4617 quibus
1519 4563 1604 4603 me
1632 4548 1700 4604 ad
1724 4564 1927 4604 exuen-

318 4639 461 4692 dum
495 4652 528 4691 a
561 4636 805 4692 sordibus
834 4638 1103 4693 volvebas.
1131 4637 1257 4694 Haec
1285 4648 1367 4695 est
1392 4639 1478 4694 illa
1504 4654 1635 4711 aqua
1656 4642 1928 4697 contradi-

317 4730 600 4787 dictionis
621 4730 639 4800 (
662 4728 818 4784 Num.
842 4746 930 4797 xx,
952 4731 1075 4801 15).
1099 4728 1282 4787 Exime
1297 4748 1395 4798 me,
1411 4741 1458 4786 et
1478 4748 1596 4787 erue
1613 4749 1691 4787 me
1710 4733 1937 4805 deaquis

316 4824 539 4877 multis.

364 4926 367 4927 '
398 4917 503 4970 i5.
542 4912 712 4987 [vers.
742 4912 837 4986 8.]
880 4913 1165 4969 Audiamus
1181 4914 1289 4985 jam
1320 4914 1387 4972 de
1413 4914 1529 4970 istis
1549 4918 1700 4988 aquis
1726 4919 1925 4988 multis,

312 5023 343 5062 a
370 5007 591 5078 quibus
608 5012 755 5060 eruet
783 5004 923 5059 Deus
947 5020 1140 5075 corpus
1163 5003 1358 5061 Christi
1379 5006 1481 5073 sui,
1511 5021 1541 5059 a
1565 5008 1756 5078 quibus
1778 5016 1931 5066 eruet

314 5098 477 5154 Deus
508 5097 868 5151 humilitatem
910 5098 1095 5153 David.
1129 5097 1265 5165 Quid
1295 5106 1413 5163 est,
1443 5098 1507 5151 de
1547 5100 1690 5169 aquis
1715 5100 1930 5156 multis?

312 5190 470 5257 Quid
500 5188 709 5253 dixisti,
740 5204 806 5244 ne
834 5205 983 5259 aqua:
1009 5190 1161 5244 aliter
1186 5190 1578 5259 intelligantur?
1602 5191 1725 5260 quid
1747 5190 1925 5247 dixisti
1976 5224 1977 5227 η

311 5299 503 5353 aquas
534 5282 772 5337 multas?
798 5281 932 5348 Quid
960 5282 1091 5349 dixi,
1116 5282 1260 5337 audi.
1289 5281 1365 5336 De
1386 5299 1538 5337 manu
1557 5283 1782 5351 ﬁliorum
1806 5285 1932 5339 alie-

309 5390 552 5428 norum.
587 5371 814 5439 Audite,
844 5372 1065 5439 fratres,
1097 5374 1235 5427 inter
1259 5387 1393 5444 quos
1422 5372 1609 5439 simus,
1639 5372 1777 5427 inter
1796 5389 1930 5444 quos

308 5467 609 5529 vivamus,
638 5480 667 5517 a
691 5464 882 5533 quibus
906 5464 1021 5520 erui
1050 5463 1439 5519 desideremus.
1471 5465 1694 5532 Quorum
1719 5482 1774 5519 os
1799 5465 1932 5521 lacu-

304 5566 429 5610 tum
461 5562 553 5609 est
592 5555 879 5608 vanitatem.
910 5554 1078 5609 Hodie
1106 5568 1201 5609 vos
1239 5570 1426 5610 omnes
1447 5596 1465 5623 ,
1494 5556 1537 5610 si
1578 5572 1683 5610 non
1719 5555 1786 5611 ad
1817 5556 1930 5611 hinc

306 5648 520 5703 divina
556 5647 859 5716 spectacula
887 5645 1032 5701 verbi
1072 5646 1164 5702 Dei
1190 5647 1492 5718 congregati
1518 5649 1741 5715 essetis,
1773 5655 1827 5702 et
1852 5649 1932 5704 cis

377 5762 397 5792 ι
433 5768 560 5822 Am.
588 5764 638 5808 et
660 5764 754 5819 Er.,
779 5756 1013 5822 quomodo
1035 5756 1206 5822 inquit.
1243 5764 1376 5822 _Lov.,
1414 5762 1652 5821 quomoda
1831 5757 1932 5810 Flo-

296 5792 754 5890 είροὲἕὲᾇζίιέἷῗ
772 5792 1012 5890 ὅέξὶἕξόἂίιῖ
1027 5792 1235 5890 Ἀ
1243 5792 1935 5890 ἦζξρἰιιὲἕὲίὶῖῖιὲἱπὶὅέὃ

297 5881 441 5933 lss‘nc
486 5887 552 5943 ut
573 5880 759 5943 corpus
786 5880 991 5931 'Christi.
1036 5887 1087 5930 Et
1118 5880 1351 5940 nonnulli,
1387 5882 1620 5942 quomodo
1641 5880 1721 5931 hic
1736 5887 1789 5943 fut
1806 5895 1934 5943 icor-

296 5955 415 6023 για
440 5939 643 5994 Christi
670 5939 686 5992 ἓ
711 5943 799 5993 sed
826 5944 871 5991 in
895 5943 970 5991 his
988 5944 1246 6004 postremis
1266 5939 1458 5995 additur
1482 5944 1703 6006 verbum,
1724 5942 1929 6007 indiget.

533 6023 767 6095 Sutor.
814 6028 1093 6086 Aueusr.
1138 6025 1246 6088 IV.

1390 486 1788 553 ENARRA’I‘IO
1824 485 1893 546 IN
1931 484 2251 550 PSALMUM
2288 488 2516 551 CXLIII.

3437 500 3580 566 1860

2013 602 2112 660 hac
2141 604 2270 661 hora
2315 609 2559 676 permixti
2589 607 2834 666 viveretis
2856 650 2873 679 ,
2902 619 3123 681 quantas
3146 612 3403 670 vanitates
3431 614 3585 672 audi-

2009 698 2137 752 retis
2164 698 2178 752 l
2214 697 2438 766 Quorum
2468 718 2523 756 os
2548 701 2769 757 locutum
2805 713 2879 757 est
2919 704 3206 759 vanitatem.
3233 706 3454 773 Quando
3480 707 3583 766 do-

2010 788 2170 859 nique
2190 790 2473 861 loquentes
2495 793 2570 848 illi
2594 794 2901 862 vanitatem,
2926 796 3169 851 audirent
3186 812 3279 851 vos
3304 797 3584 868 loquentes

2009 880 2318 936 veritatem?
2342 881 2567 949 Quorum
2586 900 2643 938 os
2667 884 2887 938 locutum
2913 895 2983 939 est
3006 886 3290 953 vanitatem,
3310 897 3357 941 et
3380 887 3584 944 dextera

2011 986 2180 1026 eorum
2204 974 2406 1029 dextera
2433 975 2726 1045 iniquitatis.

2083 1062 2172 1118 16.
2202 1063 2350 1138 [νει-ε.
2380 1065 2459 1140 9.]
2498 1068 2631 1135 Quid
2665 1081 2719 1125 tu
2744 1070 2883 1126 inter
2902 1086 2992 1126 eos
3019 1086 3137 1127 cum
3158 1088 3283 1129 vase
3308 1075 3584 1144 pastorali,

2015 1152 2242 1212 habente
2277 1160 2511 1229 quinque
2538 1162 2776 1231 lapides?
2816 1164 2908 1218 Die
2944 1165 3075 1219 mihi
3114 1165 3312 1221 aliter:
3341 1168 3587 1223 eamdem

2014 1243 2207 1317 Legem
2236 1264 2392 1317 quam
2424 1252 2729 1321 signiﬁcasti
2761 1255 2989 1325 quinque
3021 1255 3280 1325 lapidibus
3304 1299 3317 1323 ,
3347 1258 3588 1329 signiﬁca

2013 1344 2068 1390 et
2086 1336 2258 1392 aliter.
2285 1338 2441 1407 Deus,
2467 1344 2715 1397 canticum
2740 1360 2920 1399 novum
2944 1346 3154 1400 cantabo
3180 1348 3286 1401 tibi.
3313 1347 3590 1406 Canticum

2015 1441 2236 1496 novum,
2259 1430 2441 1499 gratiae
2470 1443 2551 1487 est
2578 1434 2593 1464 ¹
2620 1451 2635 1500 ;
2663 1436 2927 1492 canticum
2957 1452 3176 1505 novum,
3211 1438 3439 1494 hominis
3468 1440 3591 1498 novi

2015 1528 2124 1584 est;
2141 1521 2401 1575 canticum
2420 1538 2636 1590 novum,
2651 1525 3115 1584 TestamentiNovi
3127 1539 3229 1587 est.
3246 1530 3593 1587 Cantabotibt-

2018 1608 2203 1681 inquit,
2234 1614 2481 1667 canticum
2509 1632 2710 1671 nonum.
2742 1616 2845 1674 Sed
2876 1634 2944 1674 ne
2971 1627 3122 1690 putes
3142 1622 3363 1692 gratiam
3393 1639 3422 1677 a
3451 1622 3595 1693 Lege

2017 1700 2309 1771 discedere,
2342 1720 2463 1759 cum
2494 1707 2661 1778 magis
2685 1723 2778 1778 per
2799 1714 3020 1779 gratiam
3048 1712 3157 1767 Lex
3186 1714 3501 1783 impleatur:
3528 1714 3597 1769 In

2018 1793 2255 1861 psalterio
2299 1794 2468 1850 decem
2509 1799 2815 1852 chordarum
2855 1802 3073 1871 psallam
3118 1803 3223 1856 tibi.
3259 1804 3322 1858 In
3353 1806 3592 1874 psalterio

2019 1883 2186 1938 decem
2214 1886 2518 1941 chordarum
2540 1931 2554 1957 ,
2590 1891 2641 1943 in
2669 1889 2810 1962 Lege
2850 1890 3034 1947 decem
3064 1906 3448 1965 praeceptorum
3477 1914 3489 1950 :
3522 1897 3595 1954 ibi

2023 1972 2115 2029 tibi
2131 1976 2370 2045 psallam,
2390 1978 2464 2033 ibi
2487 1979 2576 2035 tibi
2597 1981 2877 2050 gaudeam,
2896 1983 2966 2037 ibi
2992 1984 3084 2038 tibi
3101 1994 3307 2041 cantem
3330 1988 3595 2043 canticum

2021 2080 2253 2133 novum;
2282 2068 2402 2137 quia
2434 2070 2701 2139 plenitudo
2728 2071 2885 2143 Legis
2909 2073 3140 2130 charitas
3163 2085 3244 2131 est
3274 2077 3450 2146 (Rom.
3479 2094 3598 2143 .xm,

2024 2156 2144 2227 10).
2184 2158 2442 2214 Caeterum
2487 2162 2578 2231 qui
2620 2178 2725 2219 non
2772 2164 2966 2220 habent
3003 2166 3314 2224 charitatem
3340 2211 3355 2236 ,
3391 2181 3601 2240 portare

2025 2248 2329 2318 psalterium
2356 2262 2597 2321 possunt,
2625 2264 2841 2310 cantare
2862 2272 2964 2309 non
2994 2267 3232 2327 possunt.
3263 2259 3376 2330 Ego
3401 2262 3599 2331 itaque,

2025 2338 2216 2411 inquit,
2248 2342 2387 2399 inter
2414 2359 2581 2414 aquas
2608 2347 3044 2405 contradictionis
3062 2352 3287 2405 cantabo
3311 2353 3403 2407 tibi
3431 2354 3603 2409 canti-

2025 2444 2145 2485 cum
2176 2447 2406 2498 novum;
2448 2444 2503 2490 et
2544 2452 2812 2508 nunquam
2842 2440 3066 2508 strepitu
3094 2455 3192 2495 suo
3217 2441 3415 2498 facient
3450 2459 3602 2515 aqua!

2026 2520 2478 2589 contradictionis,
2508 2534 2564 2579 ut
2592 2526 2926 2583 obtumescat
2954 2530 3264 2599 psalterium
3290 2547 3467 2589 meum
3495 2551 3507 2589 :
3536 2533 3604 2590 In

2028 2609 2266 2680 psalterio
2292 2613 2462 2667 decem
2498 2615 2801 2670 chordarum
2831 2619 3047 2688 psallam
3072 2621 3178 2675 tibi.

2100 2702 2187 2758 i7.
2217 2700 2365 2776 [vers.
2393 2704 2461 2761 10
2483 2747 2499 2772 ,
2532 2705 2645 2780 Η.]
2687 2708 2784 2775 Qui
2812 2710 2900 2763 dat
2925 2712 2945 2743 ²
2973 2712 3189 2768 salutem
3225 2717 3421 2786 regibus
3445 2734 3466 2773 :
3494 2718 3606 2788 jam

2029 2790 2353 2849 fumantibus
2373 2796 2661 2854 montibus.
2690 2800 2790 2867 Qui
2812 2800 3012 2857 redimit
3034 2802 3203 2859 David
3221 2823 3415 2862 servum
3432 2826 3606 2866 suum.

2029 2885 2327 2954 Agnoscitis
2358 2887 2522 2943 David
2547 2930 2561 2951 ,
2595 2899 2765 2947 estote
2795 2892 2980 2948 David.
3018 2894 3172 2952 Unde
3195 2898 3407 2955 redimit
3445 2901 3610 2964 David

2029 2987 2245 3029 servum
2275 2978 2465 3031 suum?
2492 2980 2631 3035 unde
2658 2981 2871 3037 redimit
2897 2984 3208 3042 Christum?
3234 2991 3374 3047 unde
3398 2993 3611 3056 redimit

2029 3082 2224 3139 corpus
2249 3068 2485 3125 Christi?
2512 3071 2590 3126 De
2614 3073 2787 3144 gladio
2812 3077 3035 3149 maligno
3056 3096 3172 3135 erue
3193 3097 3291 3136 me.
3318 3083 3396 3139 De
3414 3085 3608 3156 gladia,
3684 3120 3693 3125 -

2032 3174 2136 3213 non
2164 3161 2394 3226 sufﬁcit;
2425 3163 2590 3230 addit,
2627 3167 2870 3236 maligno.
2900 3168 3092 3224 Procul
3116 3170 3275 3227 dubio
3300 3184 3382 3228 est
3405 3175 3611 3244 gladius

2030 3248 2310 3316 benignus.
2338 3250 2468 3317 Quis
2490 3262 2571 3306 est
2589 3253 2798 3322 gladius
2820 3255 3114 3328 benignus?
3136 3259 3211 3314 De
3230 3277 3335 3329 quo
3355 3262 3610 3321 Dominus

2031 3338 2159 3392 dicit
2187 3356 2199 3390 :
2232 3337 2352 3393 Non
2382 3342 2490 3394 veni
2520 3359 2693 3413 pacem
2722 3347 2915 3401 mittere
2941 3348 2995 3401 in
3023 3358 3244 3416 terram,
3274 3353 3361 3407 sed
3383 3357 3609 3424 gladium

2035 3426 2057 3495 (
2075 3428 2262 3489 Matth.
2284 3446 2335 3495 x,
2356 3430 2476 3503 54).
2523 3432 2874 3503 Separaturus
2887 3439 3029 3495 enim
3051 3450 3168 3495 erat
3198 3442 3380 3499 ﬁdeles
3400 3448 3469 3502 ab
3493 3449 3610 3504 inﬁ~

2031 3517 2256 3588 delibus,
2286 3520 2423 3577 ﬁlios
2450 3536 2479 3576 a
2509 3526 2830 3593 parentibus,
2859 3537 2915 3584 et
2938 3541 3158 3587 caeteras
3192 3537 3611 3598 necessitudines

2030 3607 2409 3681 dirempturus,
2428 3614 2604 3685 gladio
2633 3620 2965 3688 putredincm
2993 3624 3356 3696 abscindente,
3376 3634 3612 3693 membra

2031 3710 2209 3757 autem
2243 3702 2438 3761 Christi
2466 3718 2708 3765 sanante.
2746 3709 2842 3765 Est
2866 3726 2994 3784 ergo
3022 3714 3275 3787 benignus
3300 3719 3506 3789 gladius
3530 3724 3614 3781 bii

2032 3803 2235 3861 acutus,
2252 3804 2473 3867 utroque
2488 3801 2729 3857 acumine
2747 3813 3064 3874 praepotens,
3083 3807 3285 3864 Veteris
3300 3820 3354 3865 et
3368 3813 3496 3870 Novi
3518 3816 3614 3872 Te-

2032 3889 2299 3955 stamenti,
2324 3894 2624 3949 narratione
2650 3896 3035 3964 prmteritorum
3061 3908 3115 3954 et
3138 3904 3493 3971 promissione
3522 3907 3611 3963 fu-

2035 3988 2293 4035 turorum.
2328 3982 2423 4037 Est
2451 4000 2575 4055 ergo
2604 3986 2703 4040 iste
2729 3986 2937 4056 gladius
2962 3990 3220 4061 benignus
3261 4012 3274 4049 :
3314 3995 3405 4051 ille
3431 4006 3610 4055 autem

2034 4069 2294 4140 malignus
2323 4083 2403 4126 est
2440 4089 2547 4159 quo
2584 4075 2656 4129 illi
2696 4076 2983 4145 loquuntur
3008 4082 3293 4138 vanitatem
3319 4102 3334 4149 ;
3366 4089 3489 4156 quia
3519 4088 3609 4145 be-

2033 4161 2223 4232 nignus
2242 4172 2344 4231 est,
2367 4179 2471 4236 quo
2500 4165 2639 4221 Deus
2662 4168 2893 4238 loquitur
2913 4172 3210 4229 veritatem.
3244 4177 3401 4247 Ergo,
3430 4178 3475 4233 Α
3493 4180 3610 4250 gla-

2033 4253 2119 4308 dio
2144 4256 2364 4328 maligno
2393 4275 2508 4313 erue
2537 4277 2632 4316 me.
2667 4259 2789 4315 Filii
2816 4264 3010 4333 quippe
3039 4265 3296 4323 hominum
3325 4271 3493 4327 dentes
3520 4289 3609 4328 eo-

2033 4360 2146 4397 rum
2175 4362 2318 4399 arma
2346 4356 2392 4402 et
2433 4350 2629 4420 sagitta:
2651 4392 2665 4417 ,
2694 4360 2740 4405 et
2777 4352 2951 4425 lingua
2992 4373 3163 4411 eorum
3206 4361 3405 4430 gladius
3434 4374 3613 4421 acutus

2035 4430 2215 4505 (Psal.
2263 4452 2365 4503 Lvi,
2413 4439 2485 4508 5)
2526 4456 2539 4492 :
2583 4441 2649 4496 ab
2686 4441 2789 4498 hoc
2830 4444 3005 4513 gladio
3054 4449 3283 4520 maligno
3326 4468 3453 4509 erue
3497 4470 3606 4512 me.

2035 4524 2201 4593 Quem
2231 4528 2367 4584 dixit
2395 4531 2551 4586 modo
2574 4533 2826 4603 gladium,
2857 4536 2997 4607 ipsas
3022 4541 3263 4609 superius
3289 4543 3421 4601 dixit
3448 4562 3617 4618 aquas

2034 4618 2227 4674 multas
2263 4639 2275 4675 :
2316 4620 2453 4678 Erue
2490 4641 2568 4678 me
2604 4625 2667 4680 de
2705 4629 2848 4697 aquis
2885 4630 3075 4686 multis.
3118 4633 3261 4701 Quas
3296 4636 3409 4693 dixi
3448 4655 3618 4710 aquas

2035 4710 2226 4766 multas
2250 4753 2264 4777 ,
2294 4712 2463 4781 ipsum
2508 4717 2626 4770 dico
2667 4718 2898 4787 gladium
2930 4724 3237 4794 malignum.
3284 4728 3517 4800 Denique
3541 4732 3611 4788 de

2034 4803 2186 4871 aquis
2206 4804 2384 4861 multis
2405 4821 2524 4860 cum
2551 4807 2812 4877 dixisset;
2837 4822 3051 4869 secutus
3074 4824 3175 4878 est,
3199 4816 3275 4871 De
3298 4835 3451 4872 manu
3467 4822 3606 4888 ﬁlio-

2035 4908 2146 4947 rum
2166 4891 2463 4963 alienorum,
2490 4914 2703 4967 quorum
2728 4917 2784 4955 os
2808 4902 3031 4957 locutum
3054 4914 3128 4959 est
3144 4907 3429 4965 vanitatem.
3458 4910 3525 4965 Et
3550 4922 3608 4967 ut

2036 4984 2249 5039 noveris
2275 4985 2417 5055 ipsos
2438 4986 2539 5041 dici
2565 5009 2579 5054 ;
2609 5004 2729 5045 cum
2757 5001 2809 5045 et
2836 4991 2922 5048 hic
2946 4994 3183 5059 dixisset,
3212 4997 3286 5051 De
3302 5000 3473 5069 gladio
3497 5019 3611 5058 nia-

2036 5074 2173 5145 ligno
2196 5090 2313 5130 erue
2341 5094 2436 5140 me,
2455 5088 2667 5136 secutus
2692 5090 2793 5147 est,
2816 5081 2884 5136 Et
2911 5084 3070 5139 exime
3098 5102 3175 5139 me
3200 5089 3263 5141 de
3288 5105 3439 5144 manu
3468 5093 3609 5159 [ilio-

2034 5181 2147 5218 rum
2172 5167 2450 5221 alicnornm
2471 5209 2484 5234 ,
2510 5186 2721 5241 quorum
2748 5190 2802 5228 os
2826 5174 3049 5229 locutum
3088 5187 3159 5232 est
3186 5181 3453 5235 agilitatem
3481 5199 3500 5236 :
3528 5185 3605 5238 si-

2036 5257 2231 5311 militer
2258 5258 2398 5313 sicut
2436 5261 2524 5315 ibi.
2569 5261 2633 5316 Et
2681 5262 2820 5333 quod
2865 5264 3134 5335 sequitur.
3175 5268 3396 5324 Dextera
3433 5290 3608 5329 eorum

2036 5348 2240 5403 dextera
2264 5352 2571 5421 iniquitatis;
2602 5355 2702 5409 hoc
2727 5364 2779 5409 et
2806 5369 2963 5425 supra
2992 5372 3257 5427 posuerat,
3287 5366 3496 5431 quando
3512 5381 3611 5423 eos

2035 5439 2242 5495 dixerat
2262 5458 2427 5513 aquas
2450 5443 2664 5499 multas.
2690 5445 2766 5499 Tu
2787 5446 2927 5500 enim
2952 5463 3018 5501 ne
3040 5463 3204 5519 aquas
3229 5453 3422 5509 multas
3441 5455 3615 5513 Ironas

2037 5543 2285 5601 putares,
2326 5534 2569 5606 exposuit
2593 5550 2684 5591 eas
2722 5536 2775 5593 in
2812 5537 2990 5608 gladio
3017 5540 3267 5613 maligno.
3305 5543 3457 5602 Nunc
3480 5562 3612 5620 ergo

2037 5635 2264 5694 exponat
2292 5625 2430 5695 quod
2459 5625 2609 5691 dixit,
2643 5626 2869 5695 Quorum
2897 5645 2953 5684 os
2972 5630 3196 5687 locutum
3220 5644 3296 5690 est
3316 5639 3609 5707 sanitatem,

2106 5762 2122 5827 ξ
2148 5760 2431 5827 tta_quidam
2455 5768 2561 5827 Mss.
2579 5769 2643 5827 Δ[ιι
2664 5763 2799 5827 de.,
2822 5764 2984 5827 gratia
3010 5773 3098 5819 est.

2101 5822 2278 5896 (addi,
2302 5823 2386 5896 dat
2407 5832 2501 5896 ;.et
2523 5822 2664 5896 infra,
2688 5822 2908 5896 redemit.
2932 5835 3001 5896 MA
3020 5835 3127 5896 μεθ.
3166 5830 3370 5896 aliquot,
3390 5832 3518 5896 das;
3539 5847 3613 5896 at

2129 5891 2233 5956 ica:
2260 5882 2479 5956 redemit.
2506 5882 3132 5956 V_e.‘v.i€derzzisu._Quidam,
3158 5882 3608 5955 άωςῖξῃξέάξῆατ

2040 5947 2181 6011 juxta
2202 5951 2349 5996 Graec.
2374 5954 2501 6009 Lxx,
2527 5947 2573 5998 to
2593 5947 2797 6009 didanti,
2824 5952 2872 6000 to
2892 5947 3202 6005 lutroume’no.

2755 6033 3349 6123 (ﬂagitante-ueni.)
