4080 6468
474 460 615 525 1867

476 592 527 640 et
556 581 762 635 dextera
796 587 972 630 eorum
994 568 1199 623 dextera
1225 557 1520 633 iniquitatis.
1567 554 1735 625 Quam
1767 551 2059 608 vanitatem

482 674 720 732 locutum
741 674 823 723 est
842 680 902 719 os
921 659 1145 720 eorum?
1169 669 1224 715 et
1244 652 1510 727 queinodo
1529 651 1735 707 dextera
1754 659 1930 702 eorum
1950 642 2067 696 dea:-

482 776 592 822 tera
620 755 937 829 iniquitatis?
1840 803 1846 809 .

542 858 650 915 is.
679 854 841 929 [υθη.
874 844 1103 919 1244.]
1145 844 1372 911 Quorum
1414 838 1508 909 ﬁlii
1541 837 1766 931 ipsorum
1802 828 1933 931 velut
1969 842 2064 879 no-

485 952 631 1008 vella:
656 927 985 1004 cbitstabititte
1024 941 1078 995 in
1113 940 1372 1009 juventute
1408 949 1519 987 sua.
1551 927 1881 985 Felicitatem
1921 927 2065 988 ipso-

480 1060 609 1103 rum
635 1040 749 1096 vult
776 1048 1107 1093 enumerare.
1144 1026 1429 1089 Attendite,
1461 1022 1553 1077 lilii
1583 1016 1737 1081 lucis,
1762 1013 1853 1069 lilii
1886 1010 2063 1103 pacis;

482 1102 744 1191 attendite
769 1172 782 1196 ,
816 1128 907 1183 ﬁlii
936 1124 1223 1188 Ecclesiae,
1266 1118 1501 1174 membra
1545 1110 1741 1166 Christi
1767 1124 1781 1173 ;
1813 1102 2068 1160 attendite

484 1241 623 1297 quos
648 1224 791 1280 dicat
818 1219 1162 1287 alienigenas,
1191 1226 1324 1283 quos
1348 1208 1492 1265 dicat
1523 1204 1659 1259 filiOs
1687 1200 1909 1297 alienos,
1934 1205 2068 1297 quos

485 1285 631 1376 dicat
650 1328 815 1386 aquas
836 1285 1269 1367 eoruradictionis
1292 1345 1307 1371 ,
1335 1316 1469 1371 quos
1496 1292 1905 1389 dicatgladium.
1921 1285 2069 1389 mali-

480 1424 669 1481 gnum.
695 1377 969 1461 'Attendite
990 1442 1003 1466 ,
1034 1400 1289 1461 obsecro;
1322 1393 1441 1464 quia
1473 1391 1609 1443 inter
1636 1386 1767 1440 istos
1798 1377 2066 1481 periclita-

486 1474 659 1566 rnini,
706 1499 842 1553 inter
884 1495 1073 1550 horum
1121 1490 1328 1557 linguas
1372 1483 1627 1538 adversus
1672 1474 1846 1531 carnis
1878 1478 2069 1566 vestras

487 1561 752 1648 desideria
789 1587 1095 1643 dimicans:
1131 1583 1267 1636 inter
1312 1578 1500 1632 liora-ni
1545 1573 1751 1639 linguas
1788 1564 1987 1635 positas
2016 1561 2069 1615 in

487 1698 651 1739 manu
679 1681 876 1737 diaboli
900 1718 916 1745 ,
946 1678 1013 1733 de
1041 1676 1233 1747 quibus
1258 1676 1457 1741 pugnat
1475 1708 1489 1732 ,
1516 1659 1942 1720 colluctationem
1974 1655 2069 1707 ba-

488 1776 647 1841 betis,
677 1792 779 1830 non
808 1773 1044 1827 adversus
1071 1783 1272 1822 carnem
1302 1774 1347 1817 et
1374 1759 1686 1830 sanguinem,
1718 1752 1806 1807 sed
1833 1749 2071 1841 adversus

485 1870 743 1940 principes
766 1877 811 1921 et
834 1871 1118 1937 potestates,
1140 1868 1185 1915 et
1212 1866 1426 1912 rectores
1450 1850 1623 1905 mundi
1646 1840 2072 1944 tenebrammiha-

487 1932 601 2015 runt
631 1932 861 2030 (Ep/tes.
883 1974 933 2012 Vi
952 1997 967 2022 ,
994 1954 1096 2021 12)
1119 1993 1131 2015 ,
1158 1952 1259 2004 hoc
1285 1956 1398 2011 est,
1428 1943 1750 2012 iniquorum.
1778 1932 2068 2030 Atteiidite,

488 2062 551 2106 ut
570 2024 883 2107 discernatis
906 2062 1039 2111 vos;
1067 2041 1344 2103 attendite,
1375 2052 1441 2091 ne
1472 2032 1665 2104 putetis
1689 2042 1870 2083 veram
1902 2024 2070 2080 felici-

486 2154 654 2201 tatem
681 2157 820 2207 esse,
851 2156 1013 2211 quam
1038 2137 1139 2192 sibi
1166 2143 1351 2205 optant
1377 2128 1620 2183 homines
1643 2134 1733 2178 aut
1762 2119 1957 2176 inﬁrmi
1982 2126 2073 2170 ant

488 2238 727 2308 maligni.
761 2235 918 2299 Ecce,
950 2231 1161 2295 fratres,
1186 2234 1332 2280 certe
1365 2222 1501 2276 filios
1529 2212 1902 2310 alienosdixit,
1927 2218 2073 2310 certe

488 2305 655 2403 aquas
684 2330 897 2393 multas,
930 2334 1075 2380 certe
1102 2320 1332 2393 gladium
1364 2314 1680 2407 malignum.
1705 2305 1893 2407 Videte

488 2399 657 2481 vatem
681 2435 840 2491 quam
868 2420 1172 2486 loquuntur,
1204 2422 1257 2466 et
1284 2416 1470 2464 cavete
1495 2421 1563 2459 ne
1592 2402 1715 2456 talia
1744 2399 2068 2491 loquamini,

488 2523 674 2572 cavete
701 2486 767 2568 ne
794 2512 917 2565 talia
956 2509 1231 2578 loquentes
1257 2496 1554 2556 imitemini.
1589 2494 1817 2560 Quorum
1853 2500 1909 2541 os
1935 2486 2073 2578 locn-

493 2618 597 2662 tum
625 2614 698 2662 est
724 2604 1011 2665 vanitatem,
1029 2577 1093 2652 iet
1116 2596 1321 2650 dextera
1349 2604 1518 2645 eorum
1545 2587 1749 2640 dextera
1774 2577 2069 2649 iniquitatis.

468 2726 469 2729 η
487 2703 659 2769 Quam
682 2698 965 2753 vanitatem
988 2692 1218 2747 intentum
1239 2693 1320 2740 est
1339 2698 1399 2737 es
1419 2693 1626 2742 eorum,
1645 2685 1834 2769 et
1856 2671 2074 2769 dextera

490 2762 677 2849 tam.
719 2787 1015 2858 iniquitatis
1050 2790 1135 2837 est
1170 2777 1438 2834 dextera?
1479 2772 1613 2828 Audi
1658 2785 1670 2823 τ
1713 2767 1940 2835 Quorum
1980 2762 2074 2858 [itii

489 2888 719 2958 ipsorum
743 2854 874 2938 velut
899 2876 1109 2934 novella:
1126 2871 1457 2931 constabilitai
1480 2886 1512 2921 a
1526 2867 1786 2938 jnventute
1809 2874 1933 2924 sua;
1955 2854 2076 2958 ﬁlia:

490 2948 665 3034 eorum
695 2976 986 3047 composita
1005 3016 1019 3039 ,
1050 2978 1097 3025 et
1141 2976 1333 3023 ornata:
1368 2965 1496 3018 sicut
1538 2956 1817 3047 similitudo
1858 2948 2031 3019 templi
2055 2966 2074 3003 :

492 3070 704 3125 cellaria
752 3046 923 3122 cornua
968 3065 1115 3135 plena
1140 3102 1154 3128 ,
1199 3058 1476 3114 eructantia
1512 3070 1572 3108 ea:
1602 3052 1693 3105 hoc
1720 3050 1771 3101 in
1801 3046 1892 3100 hoc
1917 3061 1935 3097 :
1964 3057 2076 3096 oves

495 3180 673 3218 eorum
692 3157 939 3231 fecundte,
968 3156 1360 3224 multiplicantes
1380 3150 1432 3202 in
1463 3144 1739 3218 egressibus
1764 3140 1864 3195 suis
1888 3153 1905 3201 ,'
1933 3136 2076 3189 boves

493 3273 665 3312 eorum
693 3255 849 3309 crassi
882 3267 899 3304 :
926 3264 1027 3304 non
1065 3255 1139 3301 est
1173 3245 1323 3299 ruina
1361 3242 1492 3312 scpis
1515 3281 1530 3307 ,
1572 3254 1661 3292 nec
1689 3236 1881 3295 exitus;
1921 3244 2079 3298 neque

491 3349 686 3401 clamor
714 3346 766 3398 in
801 3342 978 3415 plateis
1013 3352 1202 3393 eorum.
1244 3334 1382 3404 Ergo
1423 3346 1528 3386 non
1569 3336 1650 3382 est
1680 3327 1781 3381 ista
1811 3318 2077 3379 felicitas?

494 3439 769 3511 Interrogo
795 3436 929 3491 ﬁlios
962 3434 1109 3504 regni
1139 3431 1391 3487 titulorum
1415 3469 1427 3491 ,
1461 3424 1729 3491 interrogo
1768 3415 2076 3511 progeniem

494 3507 905 3590 resurrectionis
928 3528 984 3581 in
1014 3532 1291 3585 aeternum,
1323 3521 1590 3584 interrogo
1621 3524 1813 3581 corpus
1839 3507 2033 3564 Christi
2061 3548 2075 3572 ,

490 3624 734 3680 membra
765 3619 995 3683 Christi,
1023 3613 1276 3683 templum
1309 3609 1401 3664 Dei
1429 3625 1441 3659 :
1472 3607 1610 3675 Ergo
1640 3616 1745 3658 non
1771 3608 1854 3656 est
1879 3600 1978 3654 ista
2006 3598 2081 3654 le-

495 3719 669 3785 licjtas
691 3759 704 3783 ,
736 3716 932 3770 habere
962 3711 1100 3765 filios
1129 3707 1421 3763 incolumes
1445 3745 1458 3767 ,
1490 3701 1621 3784 illius
1649 3704 1861 3752 ornatas
1880 3738 1893 3758 ,
1921 3694 2079 3766 plena

496 3811 734 3873 cellaria,
764 3802 1083 3860 abundantia
1115 3811 1325 3869 pecora,
1357 3793 1552 3848 nullam
1577 3790 1806 3853 ruinam,
1832 3801 1934 3842 non
1963 3785 2080 3841 dico

497 3901 737 3973 parietis,
761 3898 852 3951 sed
879 3910 979 3950 nec
1000 3893 1171 3963 scpis;
1194 3890 1394 3944 nullum
1418 3884 1705 3940 tumultum
1715 3887 1772 3964 et
1790 3880 2080 3973 clamorem

497 3970 554 4046 in
578 3991 783 4060 plateis,
810 3988 902 4041 sed
930 3984 1180 4053 quietem,
1209 3994 1414 4050 pacem,
1448 3973 1843 4035 abundantiam,
1876 3970 2079 4040 copiam

498 4098 679 4139 rerum
723 4083 772 4135 in
803 4077 1079 4140 domibus,
1114 4074 1164 4128 in
1198 4069 1530 4127 civitatibus?
1565 4067 1701 4136 Ergo
1731 4080 1836 4119 non
1864 4071 1944 4118 εει
1982 4064 2081 4116 ista

501 4173 765 4228 felicitas?
792 4180 879 4223 aut
908 4168 1104 4222 debent
1132 4178 1246 4219 eam
1277 4160 1403 4231 justi
1431 4156 1723 4227 defugere?
1749 4161 1839 4209 aut
1864 4168 1972 4207 non
1998 4152 2083 4206 in-

503 4266 654 4319 venis
675 4271 728 4316 et
751 4261 965 4315 domum
987 4256 1112 4327 justi
1138 4252 1492 4308 abundantem
1525 4248 1684 4303 rebus
1712 4246 1793 4299 his
1814 4242 2080 4309 omnibus,

502 4360 712 4432 plenam
736 4355 831 4409 ista
860 4347 1147 4407 felicitate?
1173 4346 1288 4401 Non
1320 4351 1433 4399 erat
1457 4342 1646 4396 domus
1672 4336 1895 4432 Abrahae
1918 4334 2084 4391 abun-

505 4428 638 4507 dans
659 4464 805 4509 auro,
829 4450 1071 4515 argento,
1097 4440 1238 4504 filiis,
1266 4436 1483 4501 familia,
1513 4432 1790 4502 pecoribus
1817 4428 1963 4501 (Gen.
1988 4436 2079 4493 xu,

507 4546 540 4598 δ
565 4562 578 4609 ;
607 4551 649 4594 et
684 4554 791 4601 xlii,
820 4535 995 4604 2-6)?
1030 4532 1217 4588 Nonne
1246 4527 1408 4584 Jacob
1437 4533 1652 4580 sanctus
1685 4518 1977 4591 patriarcha
2008 4516 2090 4572 fu-

504 4638 657 4705 giens
682 4646 710 4685 a
743 4629 874 4683 facie
901 4626 1038 4681 Esau
1077 4622 1258 4678 fratris
1286 4621 1367 4674 sui
1399 4620 1449 4673 in
1481 4614 1909 4686 Mesopotamiam
1932 4655 1944 4679 ,
1975 4622 2086 4665 ser-

507 4731 658 4783 viens
683 4726 878 4780 ditatus
898 4762 913 4789 ,
953 4730 1226 4789 regressus
1254 4723 1334 4771 est
1358 4756 1371 4779 ,
1412 4723 1465 4768 et
1492 4711 1598 4780 egit
1639 4708 1833 4776 gratias
1864 4706 2086 4759 Domino

510 4824 620 4875 Deo
639 4834 755 4883 suo,
772 4816 892 4886 quia
916 4814 968 4868 in
981 4813 1123 4881 virga
1144 4822 1239 4865 sua
1262 4805 1468 4862 transiit
1489 4804 1725 4865 ﬂuvium,
1746 4810 1797 4855 et
1815 4812 2088 4869 regressus

511 4920 596 4969 est
617 4926 735 4965 cum
760 4914 903 4962 tanta
924 4901 1243 4960 abundantia
1266 4910 1516 4969 pecorum
1544 4904 1701 4969 atque
1726 4893 1949 4947 ﬁliorum
1976 4888 2083 4962 (Id.

511 5018 659 5069 sm,
692 5001 853 5065 18;et
879 5012 1045 5060 χχχιι,
1067 4991 1271 5061 7-10)?
1300 4989 1434 5058 Quid
1462 4985 1729 5043 dicimus?
1758 5000 1863 5040 non
1888 4994 1967 5039 est
1991 4984 2086 5038 ista

510 5092 780 5152 felicitas?
818 5090 899 5146 Sit
926 5088 1088 5151 licet,
1116 5084 1213 5140 sed
1256 5083 1488 5137 sinistra.
1536 5079 1671 5146 Quid
1699 5088 1779 5131 est
1802 5118 1817 5144 ,
1850 5076 2085 5131 sinislra.

514 5183 865 5256 'l‘einporalis,
894 5177 1152 5241 mortalis,
1185 5172 1493 5245 corporalis.
1527 5170 1657 5224 Nolo
1688 5169 1828 5223 illam
1853 5167 1960 5237 jam
1991 5165 2091 5221 dif-

512 5279 707 5350 !ngias,
732 5274 825 5332 sed
849 5286 1020 5342 neque
1047 5268 1322 5325 dexteram
1354 5275 1525 5334 putes.
1550 5261 1664 5315 Non
1693 5260 1833 5315 enim
1865 5257 1949 5311 isti
1971 5257 2092 5312 ideo

514 5347 750 5441 maligni,
783 5368 902 5421 ideo
931 5363 1073 5427 vani,
1106 5359 1228 5431 quia
1260 5358 1344 5412 bis
1373 5353 1737 5416 abundabant;
1768 5349 1859 5405 sed
1890 5352 2009 5419 quia
2037 5347 2089 5402 id

514 5464 653 5534 quod
682 5459 950 5514 sinistrum
974 5468 1091 5510 esse
1111 5451 1312 5515 debuit,
1338 5450 1387 5503 in
1415 5448 1631 5503 dextera
1653 5443 1940 5516 ponebant.
1969 5441 2092 5497 Ideo

514 5567 559 5611 et
590 5557 792 5607 dextera
818 5562 988 5604 eorum
1013 5547 1216 5600 dextera
1247 5540 1560 5611 iniquitatis;
1591 5537 1709 5593 ideo
1738 5552 1791 5590 os
1817 5551 1987 5590 eorum
2019 5534 2094 5588 ιο⁴

513 5656 685 5702 cntum
711 5653 782 5700 est
806 5644 1072 5697 vanitatem
1104 5653 1121 5692 :
1149 5638 1271 5707 quia
1303 5634 1404 5690 hoc
1441 5633 1493 5687 in
1521 5631 1737 5687 dextera
1766 5637 2089 5699 posuerunt,

519 5740 663 5812 quod
688 5743 737 5790 in
764 5737 971 5791 sinistra
1001 5732 1196 5787 habere
1218 5730 1535 5784 debuerunt.
1563 5724 1698 5791 Quid
1725 5724 1866 5777 enim
1895 5724 1945 5776 in
1963 5720 2094 5775 dex-

515 5840 631 5888 tera
662 5842 859 5901 ponere
900 5821 1231 5880 debuerunt?
1272 5822 1434 5873 Deum
1462 5860 1476 5885 ,
1507 5818 1856 5872 atternitatem
1883 5858 1897 5883 ,
1924 5828 2094 5869 annos

512 5924 614 5985 Dei
652 5940 757 5980 non
799 5915 1142 5985 deficientes,
1174 5915 1243 5997 de
1269 5913 1461 5984 quibus
1500 5909 1729 5978 dicitur,
1762 5907 1829 5964 Et
1870 5908 1993 5965 anni
2020 5907 2096 5963 tati

1713 435 1770 494 S.
1810 422 2174 495 AUGUSTINI
2212 424 2517 487 EPISCOPI

3604 425 3750 489 1868

2162 564 2268 603 non
2291 543 2714 620 dcﬁcicnt(Pui.
2737 561 2807 614 ei,
2833 544 2941 619 28)
2962 565 2976 603 :
2995 546 3068 606 ibi
3086 547 3335 617 (latera,
3357 544 3430 607 ibi
3451 550 3754 609 medcbet

2164 640 2493 697 desiderium
2516 648 2781 699 nostrum.
2805 641 3029 698 Sinistra
3050 648 3262 698 utamur
3282 643 3351 699 ad
3373 652 3601 714 tempus,
3621 644 3757 701 dex-

2168 740 2338 790 teram
2366 734 2734 791 desideremus
2762 734 2812 791 in
2853 745 3135 791 internum.
3165 735 3371 791 Divitiae
3394 735 3441 791 si
3465 735 3652 804 ﬂuant,
3683 748 3757 794 ne

2169 830 2447 897 apportatis
2473 842 2564 885 cor
2589 822 2764 899 (Psat.
2794 844 2900 897 LXI,
2931 830 2991 884 Η
3016 831 3057 901 ).
3097 828 3155 885 8i
3189 829 3333 885 enim
3358 830 3558 885 divitiis
3584 829 3756 887 ﬂuen-

2169 921 2310 976 tibus
2336 937 2431 977 cor
2460 923 2814 991 apposueritis
2837 963 2853 989 ,
2884 921 3027 993 quod
3051 923 3323 977 sinistrum
3360 931 3443 978 est
3463 965 3476 988 ,
3506 922 3757 981 destrum

2170 1012 2394 1068 facietis.
2428 1012 2689 1085 Corrigite
2714 1028 2811 1069 vos
2834 1054 2848 1082 ,
2881 1014 3153 1085 agnoscite
3193 1015 3509 1085 sapientiam
3551 1017 3760 1087 arripie-

2125 1124 2127 1127 ·
2168 1115 2405 1161 etentem
2432 1121 2568 1172 vos;
2601 1108 2685 1163 cui
2713 1108 2911 1164 dictum
2942 1117 3025 1165 est
3046 1150 3060 1175 ,
3095 1106 3319 1164 Sinistra
3346 1111 3459 1180 eius
3480 1111 3569 1165 sub
3595 1112 3759 1182 rapite

2170 1215 2302 1265 meo,
2327 1207 2375 1254 et
2401 1200 2607 1256 dextera
2627 1203 2739 1272 ejus
2760 1202 3118 1273 complectetur
3141 1214 3223 1259 me
3247 1201 3419 1278 (Cant.
3452 1206 3513 1273 ii,
3541 1204 3576 1261 6
3596 1206 3635 1275 ).
3666 1202 3762 1261 Vi-

2169 1291 2294 1347 dete
2314 1294 2573 1348 amatoria
2601 1294 2781 1350 sancta
2808 1295 3049 1362 antica;
3080 1296 3255 1352 videte
3279 1296 3498 1353 Cantica
3526 1298 3764 1354 cantico~

2170 1400 2312 1454 rum,
2346 1387 2647 1458 nuptiarum
2676 1388 2976 1445 caelestium
3003 1390 3203 1445 Christi
3232 1398 3284 1445 et
3316 1390 3591 1446 Ecclesia.
3621 1390 3762 1460 Quid

2172 1478 2300 1533 dicit
2330 1494 2525 1549 sponsa
2556 1480 2623 1535 de
2649 1482 2887 1550 sponso?
2919 1481 3141 1536 Sinistra
3179 1483 3287 1553 ejus
3312 1481 3403 1537 sub
3427 1482 3591 1553 capite
3617 1498 3759 1551 meo,

2174 1580 2224 1623 et
2260 1570 2465 1626 densere
2500 1573 2610 1641 ejus
2647 1574 3005 1644 conplesset”
3034 1590 3131 1628 me.
3157 1572 3384 1631 Sinistra
3425 1576 3524 1630 sub
3550 1574 3724 1647 capite
3745 1618 3761 1645 ,

2172 1662 2402 1718 dextera
2419 1676 2582 1733 super
2604 1674 2780 1735 caput.
2809 1664 3193 1736 Amplectentis
3219 1668 3362 1723 enim
3384 1666 3616 1738 desuper
3636 1667 3763 1723 bra-

2173 1755 2353 1810 chium
2380 1769 2542 1826 super
2569 1766 2761 1828 caput,
2796 1758 3008 1813 sinistra
3050 1766 3227 1814 autem
3256 1758 3441 1815 subter
3470 1766 3645 1830 caput.
3678 1755 3767 1816 Si-

2176 1851 2334 1903 nistra
2355 1892 2368 1915 ,
2402 1850 2571 1921 inquit
2597 1892 2610 1915 ,
2641 1852 2752 1922 ejus
2781 1853 2870 1905 sub
2901 1852 3064 1923 capite
3090 1868 3220 1907 meo.
3247 1851 3363 1907 Non
3390 1853 3532 1907 enim
3563 1868 3649 1909 me
3673 1851 3768 1909 de-

2175 1954 2322 1998 seret
2361 1944 2412 1997 in
2453 1945 2837 2014 temporalibus
2883 1947 3199 2003 necessariis
3242 1948 3381 2003 :sed
3430 1958 3605 2004 tamen
3648 1949 3765 2020 ipsa

2174 2035 2390 2089 sinistra
2418 2035 2518 2090 sub
2552 2038 2727 2106 capite
2753 2036 2892 2103 erit;
2937 2053 3041 2092 non
3070 2037 3228 2110 capiti
3256 2045 3597 2110 praepetit-tur
3621 2082 3634 2107 ,
3670 2040 3767 2095 sed

2174 2125 2279 2180 erit
2312 2125 2412 2180 sub
2453 2126 2661 2195 capite;
2708 2135 2766 2181 ut
2806 2126 3027 2183 dextera
3070 2129 3185 2199 ejus
3231 2130 3613 2202 complectatur
3640 2138 3760 2200 me,

2175 2215 2435 2285 pollicens
2454 2217 2617 2271 vitam
2638 2225 2913 2274 teternam.
2948 2219 3022 2273 Ita
3047 2221 3188 2275 enim
3215 2219 3427 2276 sinistra
3451 2223 3548 2277 sub
3569 2222 3764 2293 capite,

2175 2308 2223 2362 si
2251 2307 2471 2363 dextera
2494 2323 2657 2379 super
2675 2319 2833 2381 caput
2858 2328 2873 2378 ;
2902 2312 3255 2383 impleturque
3280 2314 3422 2385 quod
3444 2314 3462 2347 ¹
3488 2316 3554 2371 ad
3580 2314 3767 2373 Timo-

2175 2403 2359 2458 meum
2388 2402 2646 2473 scriptum
2674 2414 2757 2460 est
2796 2421 2808 2459 :
2852 2406 3245 2462 Promissiunem
3284 2408 3470 2465 habens
3497 2408 3611 2466 vin
3637 2426 3771 2481 pror-

2176 2496 2331 2549 sentts
2354 2504 2401 2548 ei
2429 2498 2615 2565 futuris
2640 2494 2846 2567 (lTim.
2868 2510 2941 2563 tv,
2967 2497 3052 2567 8).
3096 2496 3491 2554 Promissionem
3510 2544 3525 2569 ,
3559 2498 3765 2573 inquit,

2178 2586 2367 2641 habens
2390 2588 2505 2641 sine
2533 2589 2793 2658 prementis
2817 2598 2864 2643 et
2890 2590 3091 2660 futuris.
3124 2590 3259 2659 Quid
3287 2591 3342 2647 in
3370 2595 3663 2663 praesenti?
3690 2594 3773 2651 Si-

2177 2680 2341 2734 nistra
2368 2682 2457 2734 sub
2484 2683 2665 2752 capite.
2696 2682 2833 2751 Quid
2856 2684 2907 2737 in
2934 2682 3153 2739 futuro?
3178 2684 3400 2740 Dextera
3424 2688 3532 2758 ejus
3556 2688 3772 2760 comple-

2176 2781 2338 2826 ctetur
2361 2786 2458 2826 me.
2491 2773 2739 2843 Temperi
2769 2778 3067 2830 necessaria
3094 2776 3369 2847 qumritis?
3412 2780 3633 2845 Qamﬁte
3658 2784 3769 2852 pri-

2178 2878 2315 2919 mm
2355 2880 2563 2936 regnum
2603 2866 2736 2935 Dei,
2767 2866 2819 2923 id
2862 2878 2976 2938 est,
3009 2870 3318 2939 dexteram;
3366 2880 3413 2927 et
3458 2871 3563 2929 Itth
3600 2879 3771 2932 omnia

2178 2969 2497 3029 opponentur
2536 2959 2671 3013 vobis
2726 2959 2957 3033 (Matth.
3006 2976 3099 3029 Vi,
3147 2963 3273 3035 5'5).
3320 2960 3593 3023 Habebitis
3637 2966 3768 3038 hic,

2181 3050 2381 3121 lnqnit,
2417 3060 2469 3105 ct
2492 3051 2709 3107 divitias
2730 3060 2783 3107 et
2812 3054 3029 3124 gloriam
3059 3097 3070 3119 ,
3104 3060 3155 3109 et
3182 3056 3234 3110 in
3264 3054 3438 3112 futuro
3464 3057 3659 3114 scretth
3688 3061 3771 3114 vi-

2181 3149 2289 3196 tam
2318 3153 2570 3198 aeternam
2602 3160 2616 3198 :
2643 3154 2697 3198 et
2727 3146 2941 3201 sinistra
2968 3148 3251 3203 continebo
3280 3147 3640 3207 inﬁrmitatem
3671 3169 3768 3210 ve-

2180 3242 2346 3288 stram
2374 3274 2387 3300 ,
2417 3242 2472 3290 et
2518 3234 2739 3291 dextera
2785 3238 3050 3293 coronabo
3098 3238 3479 3310 perfectionem
3512 3248 3767 3299 veSIram.

2183 3329 2265 3381 An
2292 3327 2430 3383 forte
2458 3328 2696 3398 Apostoli
2726 3331 3087 3401 relinquentes
3109 3334 3286 3388 omnia
3312 3344 3427 3401 sua,
3455 3344 3547 3390 aut
3573 3351 3774 3409 paupe-

2182 3419 2330 3474 ribus
2349 3421 2489 3489 qnod
2516 3420 2782 3476 habebant
2806 3422 3205 3491 distribuentes,
3229 3424 3347 3483 sine
3373 3426 3568 3484 divitiis
3595 3430 3646 3484 in
3669 3430 3774 3486 hoc

2180 3513 2381 3566 Breculo
2410 3514 2820 3567 remanserunt?
2856 3513 2925 3569 Et
2953 3515 3040 3569 ubi
3070 3524 3153 3571 est
3186 3514 3275 3571 illa
3317 3519 3601 3587 promissio
3638 3519 3772 3575 sini-

2184 3614 2308 3658 Sll‘tI!
2334 3621 2347 3658 :
2370 3603 2593 3675 Aecipiet
2618 3605 2669 3659 in
2698 3607 2792 3659 hoc
2821 3608 3005 3661 siccato
3032 3608 3212 3679 septies
3237 3611 3775 3683 tantum’?Multipli-

2185 3695 2448 3751 rationem
2475 3698 2733 3765 promisit.
2762 3698 2828 3752 Et
2857 3710 3063 3767 revera,
3095 3700 3219 3772 quid
3246 3702 3384 3759 desit
3410 3696 3609 3759 homini
3634 3703 3777 3761 Dei?

2184 3784 2241 3843 Si
2270 3788 2389 3858 quis
2432 3789 2567 3844 forte
2606 3788 2836 3845 inﬁdelis
2876 3800 2957 3845 est
2980 3833 2994 3858 ,
3028 3806 3185 3848 unam
3214 3792 3432 3850 domum
3462 3802 3552 3851 aut
3578 3812 3776 3867 paucas

2185 3880 2343 3936 habet
2385 3902 2397 3935 :
2428 3880 2622 3937 Fidelis
2663 3883 2879 3938 hominis
2922 3892 3054 3939 totus
3089 3886 3305 3942 mundus
3336 3889 3623 3944 divitiarum
3658 3900 3732 3944 est
3753 3889 3775 3921 ³
3812 3890 3819 3893 ’

2184 3970 2375 4044 (Prov.
2405 3986 2543 4040 xvu,
2570 3974 2604 4028 6
2627 4016 2640 4040 ,
2670 3974 2809 4045 apud
2834 3972 2969 4030 LXX
2990 3975 3029 4049 ).
3053 3976 3187 4033 Vide
3226 3979 3495 4035 sinistram
3526 3980 3642 4051 eius
3663 3980 3775 4053 ple-

2185 4080 2307 4119 nam
2332 4066 2430 4121 sub
2456 4067 2627 4136 capite
2656 4085 2669 4121 :
2700 4068 2920 4139 Accipiet
2944 4071 2994 4123 in
3024 4069 3116 4125 hoc
3140 4075 3324 4127 swculo
3351 4074 3530 4144 septies
3555 4084 3773 4129 tantum.

2191 4159 2326 4216 Vide
2357 4160 2629 4216 dexteram
2673 4164 3111 4233 complectentem
3151 4184 3163 4218 :
3210 4164 3280 4220 Et
3305 4169 3357 4221 in
3385 4172 3555 4239 futuro
3589 4169 3776 4223 ειεσιιιο

2186 4255 2340 4309 vitam
2366 4264 2605 4309 (sternant
2632 4253 2854 4326 (Matth.
2876 4266 2983 4320 xix,
3005 4254 3120 4329 29).
3145 4256 3334 4313 Merito
3360 4267 3413 4313 et
3436 4260 3541 4314 alio
3567 4259 3685 4315 loco
3707 4259 3776 4315 de

2188 4346 2301 4418 ipsa
2328 4346 2593 4417 Sapientia
2624 4347 2815 4403 dicitur
2842 4366 2853 4401 :
2887 4347 2950 4402 In
2976 4351 3179 4404 dextera
3207 4353 3316 4419 ejus
3345 4351 3467 4404 anni
3496 4352 3627 4417 vitm,
3656 4362 3702 4406 et
3724 4352 3777 4406 in

2185 4440 2394 4494 sinistra
2420 4442 2529 4511 cjtts
2556 4440 2740 4495 divitiae
2766 4452 2812 4494 et
2840 4443 2999 4496 honor
3027 4443 3044 4514 (
3072 4441 3223 4498 Prov.
3256 4460 3332 4510 in,
3368 4444 3485 4513 l6).

2265 4530 2349 4586 19.
2399 4530 2565 4603 [vers
2616 4531 2745 4604 15.]
2792 4533 2944 4589 Unde
2989 4551 3114 4605 ergo
3146 4535 3233 4590 isti
3266 4535 3582 4605 vaniloqni?
3612 4552 3778 4605 quare

2190 4624 2477 4680 vanitatem
2509 4625 2739 4679 locutum
2772 4634 2851 4679 est
2883 4628 2942 4680 os
2966 4642 3148 4682 eorum
3172 4628 3194 4678 ?
3219 4626 3353 4695 Quia
3375 4628 3581 4683 dextera
3602 4645 3779 4681 eorum

2192 4716 2393 4771 dextera
2420 4717 2713 4787 iniquitatis.
2758 4713 2872 4771 Non
2901 4734 3027 4788 ergo
3054 4724 3147 4773 eos
3173 4734 3359 4790 arguo,
3391 4720 3516 4791 quia
3562 4720 3653 4773 lilii
3681 4735 3778 4775 eo-

2192 4826 2308 4865 rum
2339 4810 2485 4865 velut
2526 4810 2751 4865 novella:
2780 4811 3128 4866 constabilitas
3153 4829 3182 4867 a
3210 4813 3487 4883 juventute
3517 4828 3634 4882 sua,
3676 4829 3779 4869 nec

2192 4906 2311 4977 quia
2341 4903 2459 4959 ﬁliai
2501 4910 2684 4959 eorum
2714 4913 2913 4959 ornatae
2955 4904 3089 4961 sicut
3120 4905 3407 4961 similitudo
3439 4908 3643 4977 templi,
3674 4922 3778 4963 nec

2193 4998 2314 5068 qtiia
2362 5003 2553 5052 eartcra
2599 4995 2919 5051 abundantia
2948 5002 3002 5051 et
3043 5011 3143 5066 pax
3179 5006 3389 5052 terrena
3436 4998 3622 5052 aderat
3650 4998 3732 5052 eis
3764 5015 3776 5053 :

2194 5086 2289 5143 sed
2333 5102 2494 5158 quare
2520 5088 2728 5159 arguo?
2756 5084 2969 5141 Beatum
3011 5087 3247 5142 dixerunt
3290 5088 3534 5159 populum
3559 5090 3640 5143 cui
3672 5090 3782 5145 hac

2195 5191 2329 5236 sunt.
2363 5180 2407 5236 Ο
2434 5180 2713 5252 loquentes
2754 5180 2997 5237 homines
3033 5182 3356 5237 vanitatem!
3390 5181 3603 5236 Beatum
3634 5185 3782 5238 dixe-

2193 5284 2311 5330 runt
2336 5275 2575 5347 populum
2605 5274 2684 5330 cui
2710 5274 2816 5329 han:
2839 5281 2973 5329 sunt.
3005 5272 3360 5331 Perdiderunt
3386 5290 3567 5331 veram
3594 5272 3782 5331 dexte-

2263 5479 2279 5510 ι
2307 5476 2531 5541 Plerique
2554 5482 2681 5541 Mss:
2714 5483 2785 5526 Ita
2807 5473 3157 5541 enimsimstra
3177 5475 3266 5528 sub
3284 5474 3455 5541 capite,
3477 5475 3682 5527 dextera
3704 5487 3784 5525 stt-

2196 5552 2283 5604 per
2308 5536 2467 5600 caput,
2492 5536 2717 5601 impletur
2742 5539 2870 5604 quod
2889 5538 2971 5597 ad,
3000 5547 3092 5588 etc.

2262 5604 2282 5633 ²
2308 5596 2517 5659 Quatuor
2542 5596 2877 5670 siss.,__eentie_s
2913 5596 3112 5651 tantum.
3155 5599 3239 5670 alii
3275 5612 3389 5670 eum
3414 5600 3551 5670 ωτι,

2198 5670 2382 5713 ιαηιηηι
2411 5676 2427 5711 ;
2454 5670 2503 5711 et
2527 5664 2595 5711 sic
2629 5662 2745 5726 alias
2778 5664 2932 5713 refert
2952 5665 3263 5726 (Augustinus
3284 5664 3413 5726 bune
3449 5660 3696 5726 Evangelii
3720 5660 3787 5726 lo-

2197 5738 2356 5836 c321,!)
2346 5726 2575 5836 (Eime
2592 5738 2678 5787 [ιι-ο
2688 5720 3367 5790 ehetontoplusiona,'babebat
3390 5725 3438 5773 in
3456 5720 3632 5787 graecis
3651 5720 3787 5779 lilu'ia

2405 5804 2428 5836 8
2543 5825 2552 5835 .

2213 5794 2552 5853 ερμφιαδτοῑζα.

2267 5852 2287 5882 ³
2305 5842 2436 5909 ὼγ.,
2459 5848 2628 5912 plenus
2652 5850 2927 5901 dititiarum
2964 5858 3051 5902 est.
3079 5860 3197 5909 Vox,
3221 5849 3405 5911 plenus,
3440 5848 3502 5898 ab
3524 5842 3641 5902 md.
3660 5842 3786 5911 (111$.

2200 5918 2257 5965 et
2278 5924 2306 5964 α
2330 5918 2432 5962 Mss.
2460 5913 2615 5975 abest,
2638 5925 2798 5976 neque
2813 5916 3060 5977 reperitur
3092 5914 3141 5963 in
3161 5922 3322 5967 (λείως)
3346 5919 3473 5965 Lxx.
