4038 6460
479 448 608 505 ιδῖι

480 566 537 619 ἰιι
558 558 781 615 Domino
804 553 911 604 Deo
940 553 1048 609 tuo,
1072 539 1254 597 audies
1269 535 1530 593 dicentem
1557 530 1883 602 Scripturam
1906 526 2041 581 :De—

480 656 661 709 lecture
689 651 741 700 in
762 644 975 698 Domino
1001 635 1169 703 (Psal.
1200 645 1380 691 xxx“,
1409 628 1487 699 4).
1514 625 1680 679 Tanto
1704 623 1903 676 ﬁrmius
1923 633 2047 688 gau-

460 732 649 804 debis,
674 746 869 810 quanto
891 739 972 787 est
995 729 1081 783 ille
1107 724 1304 780 Certior
1326 722 1376 775 in
1402 733 1508 789 quo
1528 713 1798 787 gaudebis.
1832 710 1885 765 Si
1907 710 2047 764 enim

465 834 678 909 gaudes
707 830 773 884 de
804 837 1042 887 nummo,
1076 820 1229 873 times
1257 814 1457 877 furem;
1488 810 1529 863 si
1560 820 1731 862 autem
1762 802 1960 875 gaudes
1985 800 2050 854 de

483 891 612 991 Deo,
657 920 782 992 quid
810 913 1004 971 times?
1033 911 1108 965 Ne
1151 908 1242 963 tibi
1285 904 1561 975 quisquam
1600 897 1804 953 auferat
1844 891 2051 948 Deum?

482 1021 649 1075 Deum
683 1014 773 1069 tibi
805 1022 962 1065 nemo
1006 1004 1230 1065 auferet,
1277 999 1320 1053 si
1353 1009 1405 1052 tu
1452 1010 1571 1050 eum
1618 1008 1723 1046 non
1767 985 2049 1043 dimiseris.

483 1113 597 1168 Non
637 1110 774 1164 enim
806 1105 883 1159 sic
924 1108 1004 1155 est
1048 1098 1212 1161 Deus,
1257 1089 1519 1161 quomodo
1567 1087 1656 1140 lux
1696 1084 1794 1138 ista
1825 1081 1891 1135 de
1918 1078 2055 1134 caelo

484 1208 709 1275 fulgens.
738 1199 851 1255 Non
878 1193 1089 1265 quando
1110 1189 1352 1243 volumus
1380 1183 1443 1237 ad
1470 1195 1585 1235 eam
1613 1176 1913 1232 accedimus
1936 1171 2055 1241 quia

486 1271 591 1352 non
635 1296 689 1349 in
716 1289 858 1345 omni
910 1287 1027 1341 loco
1073 1283 1234 1336 lucet.
1281 1277 1383 1332 Per
1427 1271 1781 1326 inﬁrmitatem
1825 1274 2057 1317 nostram

490 1390 623 1443 forte
653 1386 728 1443 ﬁt.
778 1390 835 1434 ut
876 1379 1049 1432 hieme
1090 1387 1187 1427 nos
1216 1369 1442 1423 delectet
1481 1377 1598 1418 esse
1646 1359 1697 1413 in
1749 1357 1860 1426 ipsa
1903 1355 2056 1407 luce:

490 1495 629 1535 nunc
672 1460 845 1530 autem
879 1486 971 1540 per
1000 1472 1236 1521 aestatem
1268 1457 1459 1513 videtis
1484 1454 1604 1524 quia
1634 1450 1799 1519 magis
1829 1460 1950 1501 eum
1979 1444 2061 1497 lo-

476 1560 610 1627 cum
638 1566 997 1639 quaesivimus,
1047 1566 1103 1610 ut
1148 1556 1197 1607 in
1227 1553 1337 1621 ipsa
1376 1549 1493 1603 luce
1538 1558 1643 1598 non
1690 1549 1971 1595 staremus.
2005 1532 2062 1587 In

492 1666 601 1719 Deo
621 1624 794 1715 alitem
816 1666 904 1709 tuo
930 1647 1139 1721 quando
1166 1654 1293 1706 stas,
1324 1650 1377 1696 et
1404 1639 1454 1692 in
1480 1635 1676 1690 lumine
1695 1628 1930 1686 veritatis
1950 1624 2067 1694 ejus

493 1736 794 1817 delectaris,
832 1763 935 1801 non
965 1741 1158 1813 qumvis
1184 1738 1357 1791 locum
1401 1746 1505 1800 quo
1547 1726 1613 1781 ad
1641 1740 1761 1780 eum
1802 1717 2063 1781 accedas;

480 1847 589 1915 sed
615 1836 937 1899 conscientia
967 1830 1188 1890 accedit,
1220 1814 1784 1881 conscientiareecdit.
1815 1809 1963 1878 Quod
1983 1808 2066 1862 di-

484 1932 639 1994 ‘ctum
680 1944 779 1997 est,
826 1926 1055 1981 Accedite
1091 1922 1157 1974 ad
1204 1934 1335 1981 eum,
1382 1922 1428 1966 et
1471 1905 1831 1963 illuminamini
1880 1896 2065 1972 (Psal.

484 2020 683 2091 'xxxm,
718 2026 770 2094 6)
806 2040 820 2076 :
849 2020 1025 2073 animo
1061 2014 1257 2068 dictum
1284 2016 1386 2072 est,
1419 2018 1524 2057 non
1558 1996 1839 2059 vehiculo;
1870 1983 2070 2046 allecti?

498 2124 599 2180 bus
627 2083 823 2176 dictum
863 2120 964 2175 est,
993 2123 1097 2164 non
1131 2104 1370 2175 pedibus.
1418 2098 1632 2153 Etcum
1679 2092 1729 2145 in
1758 2102 1824 2143 eo
1868 2083 2032 2140 stabis
2054 2122 2069 2147 ,

490 2210 663 2269 aestus
692 2224 796 2264 non
829 2173 1064 2275 patieris.
1095 2173 1323 2266 spiritus
1350 2190 1493 2246 enim
1512 2182 1735 2256 spirabit
1761 2177 1950 2243 tibi,et
1976 2173 2074 2228 sub

502 2307 599 2362 alis
626 2303 741 2372 ejus
781 2288 1219 2375 sperabis.(Psal.
1254 2299 1345 2348 xc,
1377 2278 1455 2352 6).

490 2394 500 2465 γ’
575 2399 627 2453 4.
654 2361 826 2450 'vmc;
856 2404 986 2458 ergo
1024 2361 1232 2438 'liabere
1262 2387 1313 2433 te
1353 2369 1618 2444 quomodo
1661 2361 1942 2422 delecteris
1985 2373 2079 2429 per

504 2490 739 2561 singulos
767 2486 901 2541 dies.
920 2451 1045 2535 l‘ion
1072 2475 1214 2531 enim
1243 2480 1293 2525 te
1323 2465 1553 2522 dimittet
1581 2461 1721 2515 Deus
1748 2466 1891 2520 tuus,
1920 2451 2077 2506 etiam

505 2587 551 2642 si
574 2541 773 2653 :liquid
804 2578 952 2633 triste
972 2568 1241 2627 acciderit.
1270 2564 1438 2633 Quam
1460 2559 1599 2615 enim
1620 2554 1768 2610 triste
1787 2557 1920 2615 erat,
1938 2541 2079 2616 quod

505 2636 691 2731 sanet;
711 2672 823 2726 viro
839 2666 940 2724 Job
963 2661 1225 2719 acciderat
1248 2658 1261 2711 l
1291 2655 1458 2723 Quam
1480 2655 1720 2719 repente,
1736 2656 1892 2713 quam
1914 2636 2079 2692 multa

507 2766 685 2823 mala!
719 2754 1159 2832 quemadmodum
1191 2749 1368 2804 omnia
1413 2745 1480 2799 de
1504 2740 1694 2811 quibus
1721 2733 1951 2806 gaudere
1982 2744 2080 2797 pu-

509 2827 750 2922 tabatur,
789 2868 893 2907 non
937 2850 1006 2905 de
1051 2845 1242 2915 quibus
1284 2836 1565 2910 gaudebat,
1596 2827 1809 2885 diabolo
1849 2828 2085 2879 tentante

511 2909 778 3006 subtracia
814 2941 965 2997 sunt!
995 2909 1439 3007 quemadmodum
1468 2935 1521 2979 et
1568 2921 1660 2974 lilii
1704 2915 1895 2973 mortui
1922 2909 2082 2967 sunt!

512 3042 677 3100 Periit
701 3036 841 3109 quod
868 3031 1194 3093 servabatur,
1224 3022 1494 3093 perierunt
1516 3014 1712 3086 quibus
1738 3007 2085 3067 servabatur;

504 3096 611 3191 ius.
640 3096 814 3187 ωιξιεη
845 3126 998 3197 periit
1039 3120 1129 3192 qui
1172 3128 1226 3174 et
1256 3114 1387 3170 illud
1430 3120 1483 3167 et
1512 3110 1629 3164 illos
1675 3104 1840 3161 dedit.
1891 3101 1959 3154 Et
1989 3096 2088 3168 ipsi

514 3225 605 3278 lilii
652 3218 898 3291 praesenti
937 3211 1132 3268 saeculo
1163 3207 1455 3279 perierunt,
1505 3194 1825 3270 agnoscendi
1852 3200 1905 3248 ct
1948 3188 2087 3244 reci—

513 3278 692 3386 piendi
736 3312 788 3365 in
839 3308 1034 3362 futuro.
1068 3300 1160 3356 llle
1204 3308 1381 3351 tamen
1421 3294 1501 3346 vir
1531 3289 1733 3343 habens
1776 3281 1919 3337 aliud
1948 3278 2091 3333 unde

513 3400 791 3477 gauderet,
810 3403 861 3455 in
883 3413 986 3470 quo
1003 3409 1186 3451 verum
1214 3400 1327 3445 erat
1354 3385 1495 3457 quod
1524 3381 1683 3437 modo
1699 3387 2091 3434 commemora-

516 3497 710 3569 vimus,
746 3491 850 3545 Per
879 3487 1102 3557 singulos
1126 3484 1230 3537 dies
1270 3478 1551 3533 benedicam
1579 3482 1622 3525 te
1646 3488 1664 3535 ;
1688 3465 1941 3537 numquid
1971 3462 2092 3533 quia

519 3590 609 3643 ille
634 3553 748 3641 dies
773 3596 878 3653 quo
922 3553 1087 3633 ttitum
1130 3572 1381 3644 perierat,
1427 3565 1592 3620 tristis
1627 3560 1817 3621 illuxit,
1862 3554 1979 3609 ideo
2006 3553 2095 3606 lux

522 3680 743 3736 interior
766 3648 817 3730 in
843 3671 1004 3729 corde
1018 3666 1252 3724 defecit?
1281 3660 1438 3718 Stetit
1463 3657 1654 3727 quippe
1682 3654 1733 3707 in
1762 3651 1847 3705 illa
1880 3648 2018 3709 luce,
2043 3652 2096 3699 et

521 3774 594 3826 ait
623 3789 637 3825 :
668 3766 915 3823 Dominus
956 3760 1110 3823 dedit,
1145 3754 1391 3810 Dominus
1436 3747 1673 3809 abstulit;
1720 3742 1847 3795 sicut
1877 3737 2097 3793 Domino

520 3864 729 3938 placuit,
776 3862 845 3913 ita
876 3859 1063 3927 factum
1101 3860 1171 3904 est
1201 3866 1217 3903 :
1242 3848 1305 3901 sit
1333 3858 1511 3898 nomen
1540 3836 1745 3893 Domini
1790 3831 2099 3887 benedictum

527 3919 644 4026 (Job
677 3919 739 4021 1),.
766 3919 902 4017 Ergo
932 3960 1027 4015 per
1056 3938 1289 4010 singulos
1314 3934 1428 3990 dies
1453 3929 1721 3993 laudavit,
1754 3925 1843 3995 qui
1869 3919 2099 3977 etiamin

518 4042 611 4101 die
643 4018 748 4097 tam
799 4038 934 4093 tristi
976 4030 1228 4089 laudavit.
1272 4028 1438 4081 Breve
1484 4019 1845 4091 magisterium
1893 4022 1995 4079 est,
2044 4018 2102 4065 ut

526 4130 738 4201 semper
757 4128 942 4184 laudes
972 4126 1156 4188 Deum,
1184 4131 1415 4186 veroque
1436 4112 1616 4175 corde,
1643 4124 1748 4163 non
1774 4106 1904 4160 falso
1934 4102 2098 4156 dicas:

522 4220 831 4280 ‘Benedicam
880 4217 1149 4270 Dominum
1196 4212 1249 4264 in
1290 4207 1424 4263 omni
1469 4214 1726 4271 tempore;
1757 4212 1950 4264 semper
1994 4193 2104 4247 laus

526 4314 640 4393 ejus
666 4319 719 4371 in
749 4332 834 4369 ore
870 4326 980 4365 meo
1010 4306 1180 4380 (Psal.
1204 4317 1395 4366 χχχιιι,
1422 4299 1500 4370 2).
1547 4296 1715 4349 Breve
1746 4288 2105 4361 magisterium

534 4420 635 4477 est,
675 4407 875 4462 scilicet
906 4411 963 4457 ut
988 4399 1199 4454 noveris
1227 4409 1347 4449 eum
1377 4386 1788 4445 misericorditer
1832 4383 1957 4436 dare
1987 4392 2105 4434 cum

537 4505 646 4563 dat,
689 4494 1101 4554 misericorditer
1132 4488 1341 4544 auferre
1366 4499 1486 4539 cum
1517 4481 1685 4543 tollit;
1716 4492 1813 4531 nec
1838 4486 1889 4530 te
1923 4471 2108 4527 credas

539 4611 566 4647 a
596 4587 951 4647 misericordia
983 4584 1097 4651 ejus
1126 4577 1444 4646 derelinqui,
1480 4574 1569 4643 qui
1600 4571 1691 4624 tibi
1720 4578 1809 4623 aut
1847 4564 2113 4620 blanditur

540 4682 735 4748 dando,
765 4694 831 4733 ne
859 4674 1072 4730 deﬁcias
1097 4689 1111 4737 ;
1139 4678 1229 4723 aut
1252 4664 1471 4734 corripit
1496 4661 1872 4722 exsultantem,
1906 4670 1970 4709 ne
1986 4669 2112 4723 per-

541 4793 653 4835 eas.
686 4775 808 4830 Sive
852 4784 976 4839 ergo
1019 4768 1071 4821 in
1115 4764 1230 4833 ejus
1269 4758 1442 4819 donis,
1474 4756 1589 4809 sive
1617 4753 1670 4807 in
1710 4752 1824 4821 ejus
1854 4746 2112 4815 ﬂagellis,

542 4866 696 4922 lauda
741 4874 796 4918 tu
825 4864 864 4916 ί.
896 4838 1037 4916 Laus
1060 4852 1388 4925 ﬁagellantis,
1432 4846 1693 4902 medicina
1736 4851 1819 4897 est
1861 4838 2115 4894 vulneris.

549 4961 651 5014 Per
666 4942 917 5029 singulos,
959 4949 1150 5019 inquit,
1181 4946 1285 4998 dies
1316 4940 1600 4995 benedicam
1641 4945 1705 4988 te.
1757 4934 1983 4987 Prorsus
2025 4945 2121 5001 per

548 5020 784 5123 singulos
814 5020 948 5108 dies,
992 5044 1201 5102 fratres,
1245 5032 1576 5092 benedicite;
1609 5026 1826 5082 omnino
1869 5020 2120 5094 quidquid

551 5111 826 5203 acciderit,
852 5132 1147 5190 benedicite
1168 5130 1352 5182 Deum.
1380 5122 1591 5177 Etenim
1614 5135 1681 5173 ne
1701 5116 1904 5172 accidat
1924 5111 2122 5183 aliquid

550 5232 689 5304 quod
718 5230 855 5284 ferre
882 5239 985 5279 non
1019 5221 1261 5292 potestis,
1290 5217 1404 5285 ipse
1444 5213 1588 5267 facit.
1622 5210 1744 5264 Ideo
1783 5224 1905 5262 cum
1936 5208 2123 5259 timore

552 5326 716 5379 debes
758 5335 898 5380 esse,
945 5314 1154 5386 quando
1184 5311 1276 5366 tibi
1308 5310 1442 5362 bene
1489 5314 1598 5369 est;
1630 5317 1802 5370 neque
1843 5310 1892 5352 te
1931 5298 1995 5351 ad
2025 5297 2127 5350 hoc

558 5429 761 5483 parare,
789 5407 935 5480 quasi
965 5416 1021 5459 ut
1041 5417 1304 5471 nunquam
1330 5398 1571 5452 tenteris.
1604 5393 1661 5447 Si
1688 5391 1827 5446 enim
1858 5402 2126 5457 nunquam

559 5504 800 5565 tentaris,
855 5510 1119 5567 nunquam
1151 5490 1411 5563 probaris.
1456 5487 1643 5542 Nonne
1674 5482 1861 5537 melius
1891 5488 1971 5533 est
2015 5489 2130 5533 ten-

561 5597 660 5650 tari
708 5606 762 5650 et
810 5591 1038 5664 probari,
1072 5600 1230 5657 quam
1275 5596 1380 5636 non
1435 5589 1689 5633 tentatum
1720 5570 2033 5644 reprobari?
2068 5569 2131 5622 Et

565 5685 779 5741 laudabo
807 5698 985 5735 nomen
1013 5689 1151 5731 tuum
1174 5676 1226 5728 in
1245 5672 1504 5731 saeculum,
1528 5679 1575 5722 et
1594 5669 1647 5721 in
1675 5665 1913 5720 steculum
1938 5659 2129 5715 siccati.

1718 407 2147 474 S.AUGUSTlNl
2182 406 2480 468 EPISCOPI

3579 401 3721 462 1872

2154 523 2413 591 Quantum
2435 522 2668 575 dicturus
2689 517 2839 575 erat?
2853 533 2970 589 quae
2989 515 3147 574 verba
3169 517 3525 589 quaeslturus?
3544 516 3722 584 Quan-

2154 624 2257 669 tam
2281 614 2675 685 conceptionem
2695 612 2951 668 conclusit
2966 612 3017 668 in
3038 627 3142 687 uno
3160 612 3339 666 valde?
3360 612 3539 682 Cogita
3558 626 3723 682 quan-

2154 715 2263 761 tum
2293 708 2390 760 vis.
2418 706 2639 771 Quando
2661 714 2837 760 autem
2869 714 3039 775 potest
3080 703 3336 774 cogitari,
3359 703 3449 773 qui
3474 703 3592 773 capi
3614 717 3720 758 non

2156 800 2369 871 potest?
2396 798 2689 853 Laudabilis
2726 806 2809 853 est
2832 797 3011 864 valde;
3037 805 3083 851 et
3106 795 3464 869 magnitudinis
3489 797 3600 865 ejus
3626 811 3725 849 non

2155 904 2227 950 est
2256 896 2391 964 ﬁnis.
2422 894 2544 948 Ideo
2573 893 2723 959 dixit,
2755 893 2919 958 valde;
2939 890 3081 961 quia,
3110 889 3469 960 magnitudinis
3489 890 3600 959 ejus
3626 905 3728 942 non

2158 997 2227 1040 est
2254 986 2368 1053 ﬁnis
2392 1002 2411 1038 :
2440 1000 2506 1039 ne
2532 983 2667 1040 forte
2704 983 2921 1052 incipias
2946 981 3084 1036 velle
3121 979 3336 1034 laudare
3359 1019 3374 1046 ,
3406 988 3461 1034 et
3496 989 3652 1048 putes
3677 986 3729 1031 te

2159 1079 2423 1134 laudando
2461 1093 2616 1149 posse
2660 1077 2848 1143 ﬁnire,
2878 1075 3029 1145 cujus
3074 1071 3379 1144 magnitudo
3412 1072 3575 1127 ﬁnem
3622 1086 3727 1124 non

2160 1182 2332 1241 potest
2362 1171 2577 1226 habere.
2606 1168 2724 1223 Noli
2752 1183 2877 1239 ergo
2906 1175 2959 1223 te
2987 1175 3168 1237 putare
3196 1179 3316 1220 eum
3345 1163 3496 1234 cujus
3523 1164 3733 1232 magniv

2162 1266 2357 1319 tudinis
2384 1263 2503 1317 ﬁnis
2528 1276 2633 1316 non
2655 1272 2754 1328 est,
2777 1259 3099 1315 sufﬁcienter
3116 1271 3271 1327 posse
3286 1255 3520 1311 laudare.
3548 1254 3734 1309 Nonne

2164 1372 2289 1427 ergo
2312 1354 2498 1409 melius
2524 1362 2605 1408 est
2627 1362 2685 1407 ut
2703 1351 2969 1423 quomodo
2996 1351 3109 1420 ipse
3136 1363 3244 1403 non
3268 1346 3466 1412 ﬁnitur,
3494 1360 3593 1401 nec
3622 1345 3735 1399 laus

2166 1448 2328 1518 ipsius
2356 1444 2600 1499 ﬁniatur?
2630 1444 2774 1498 Illius
2801 1440 3107 1512 magnitudo
3135 1440 3252 1496 sine
3278 1437 3385 1493 ﬁne
3412 1445 3493 1493 est
3520 1477 3535 1502 ,
3566 1445 3622 1492 et
3650 1444 3736 1490 tua

2170 1540 2396 1595 laudatio
2442 1539 2556 1593 sine
2595 1537 2700 1591 ﬁne
2743 1536 2831 1590 sit.
2865 1534 2939 1590 De
2968 1530 3327 1604 magnitudine
3363 1530 3479 1600 ejus
3502 1528 3630 1600 quid
3657 1528 3739 1582 di-

2168 1643 2309 1687 ctum
2330 1630 2446 1685 est?
2473 1628 2837 1700 Magnitudinis
2865 1627 2972 1696 ejus
2992 1642 3091 1679 non
3109 1633 3181 1678 est
3201 1624 3338 1692 linis.
3370 1623 3446 1677 De
3470 1630 3558 1677 tua
3586 1620 3741 1675 laude

2168 1722 2330 1795 quid?
2346 1720 2587 1775 Laudabo
2614 1734 2791 1773 nomen
2819 1726 2961 1771 tuum
2984 1716 3038 1769 in
3063 1712 3326 1778 naculum,
3353 1722 3401 1768 et
3422 1714 3475 1766 in
3502 1711 3744 1767 suculam

2171 1816 2361 1872 δωρεαὶ.
2389 1815 2529 1885 Ergo
2553 1813 2691 1868 sicut
2714 1812 2830 1881 ejus
2855 1806 3231 1879 magnitudinis
3252 1820 3361 1861 non
3385 1813 3471 1861 est
3495 1803 3641 1869 ﬁnis,
3671 1804 3747 1856 sic

2174 1920 2274 1965 tuae
2298 1906 2467 1963 laudis
2482 1921 2587 1960 non
2611 1904 2711 1960 erit
2727 1903 2866 1957 ﬁnis.
2886 1901 3001 1955 Non
3018 1900 3158 1955 enim
3178 1913 3297 1953 cum
3321 1905 3558 1951 mortuus
3582 1893 3750 1949 fueris

2175 2003 2225 2055 in
2258 2000 2357 2055 hac
2384 2013 2543 2054 carne
2562 2038 2577 2062 ,
2605 1996 2815 2051 desines
2852 1992 3067 2047 laudare
3110 1990 3408 2044 Dominum.
3438 1987 3645 2041 Dictum
3670 1994 3751 2040 est

2175 2092 2409 2164 quidem,
2441 2088 2560 2144 Non
2577 2088 2758 2142 mortui
2780 2083 3054 2139 laudabunt
3077 2091 3144 2149 te,
3167 2079 3380 2135 Domine
3408 2078 3576 2149 (Psal.
3601 2093 3749 2143 cxm,

2178 2185 2266 2255 17)
2297 2203 2309 2237 :
2339 2183 2431 2239 sed
2461 2182 2535 2237 illi
2584 2181 2649 2235 de
2693 2178 2884 2249 quibus
2911 2176 3137 2243 dicitur,
3163 2175 3208 2228 A
3247 2181 3445 2227 mortuo
3467 2213 3483 2239 ,
3512 2170 3644 2225 velut
3671 2168 3753 2240 qui

2178 2294 2279 2331 non
2304 2277 2401 2342 sit,
2423 2274 2546 2345 perit
2574 2271 2820 2342 confessio
2850 2266 3050 2339 (Eccli.
3081 2282 3222 2335 xvn,
3243 2264 3388 2334 26);
3420 2278 3526 2319 non
3570 2260 3644 2317 illi
3690 2260 3754 2317 de

2180 2369 2371 2440 quibus
2397 2368 2496 2433 ait,
2521 2365 2617 2432 Qui
2642 2364 2797 2417 credit
2813 2362 2864 2415 in
2885 2377 2964 2415 me
2985 2400 3001 2425 ,
3018 2360 3128 2413 licet
3154 2358 3395 2411 moriatur
3416 2356 3539 2410 vivet
3558 2353 3579 2424 (
3601 2352 3753 2407 Joan.

2182 2476 2235 2515 XI
2260 2500 2275 2526 ,
2303 2459 2415 2526 (ὶὸ)
2444 2476 2457 2512 :
2487 2457 2607 2527 quia
2633 2455 2770 2509 Deus
2800 2452 3051 2506 Abraham
3094 2458 3141 2503 et
3169 2446 3305 2502 Deus
3344 2446 3494 2500 Isaac
3536 2455 3582 2499 et
3621 2443 3756 2498 Deus

2182 2551 2341 2606 Iacob
2359 2593 2375 2619 ,
2404 2566 2504 2603 non
2527 2557 2598 2602 est
2624 2546 2760 2601 Deus
2788 2552 3098 2598 mortuorum
3117 2582 3131 2606 ,
3159 2539 3248 2594 sed
3272 2539 3492 2593 vivorum
3522 2537 3544 2607 (
3575 2535 3755 2590 Matth.

2186 2660 2296 2699 χχιι
2320 2684 2336 2711 ,
2368 2641 2490 2711 '52).
2522 2640 2577 2695 Si
2621 2639 2761 2692 enim
2800 2648 3067 2704 nunquam
3114 2631 3214 2686 nisi
3244 2629 3408 2701 ipsius
3446 2629 3553 2683 eris
3575 2668 3591 2695 ,
3624 2642 3760 2681 nun-

2184 2755 2342 2810 quam
2368 2754 2395 2790 a
2426 2736 2583 2790 laude
2612 2735 2776 2803 ipsius
2804 2731 3017 2786 tacebis.
3046 2728 3256 2783 Timere
3283 2725 3501 2795 poteris,
3523 2739 3613 2787 ne,
3635 2722 3760 2778 dum

2188 2831 2273 2885 hic
2302 2829 2453 2895 vivis,
2472 2826 2637 2897 ipsius
2656 2824 2750 2888 sis;
2772 2830 2959 2878 etcum
2986 2828 3227 2874 mortuus
3254 2816 3438 2882 fueris,
3464 2828 3571 2869 non
3598 2812 3763 2883 ipsius
3829 2810 3835 2816 ’

2188 2924 2297 2978 sis?
2324 2920 2461 2976 Audi
2487 2917 2795 2988 Apostolum
2821 2912 3217 2984 promittentem
3257 2908 3349 2962 tibi
3380 2905 3718 2961 securitatem
3747 2918 3765 2957 :

2192 3016 2309 3071 Sive
2318 3008 2764 3075 vivimus,Domino
2775 3006 3002 3070 vivimus;
3013 3003 3114 3057 sive
3124 2996 3605 3065 morimur,Domino
3619 2995 3768 3048 mori-

2190 3123 2302 3160 mur
2319 3122 2332 3160 :
2347 3105 2446 3158 sive
2462 3118 2578 3172 ergo
2598 3100 2828 3165 vivimus,
2850 3097 2951 3151 sive
2966 3095 3225 3156 morimur,
3247 3088 3455 3145 Domini
3478 3103 3675 3142 sumus.
3708 3087 3770 3139 Et

2192 3197 2331 3252 unde
2350 3194 2545 3251 factum
2566 3200 2647 3247 est
2666 3199 2721 3245 ut
2750 3190 2866 3258 ejus
2882 3187 2956 3243 sis
2976 3195 3030 3241 et
3050 3181 3323 3239 mortuus?
3342 3180 3475 3247 Quia
3493 3178 3666 3248 pretio
3691 3176 3772 3231 sui

2194 3288 2462 3360 sanguinis
2502 3295 2555 3340 te
2592 3282 2817 3339 redemit
2853 3288 2907 3334 et
2948 3287 3185 3333 mortuus
3208 3276 3247 3326 ¹.
3276 3270 3554 3339 Quomodo
3599 3268 3776 3339 perdit

2195 3396 2405 3439 servum
2434 3384 2722 3440 mortuum,
2751 3373 2901 3442 cujus
2918 3385 3062 3425 mors
3082 3376 3162 3422 est
3189 3365 3415 3436 pretium
3442 3361 3625 3417 tuum?
3652 3359 3774 3415 Ideo

2197 3490 2319 3530 cum
2345 3472 2565 3526 dixisset
2590 3510 2603 3534 ,
2634 3468 2750 3523 Sive
2775 3465 3003 3528 vivimus,
3027 3461 3129 3529 sive
3150 3457 3390 3512 morimur
3417 3496 3433 3522 ,
3462 3453 3669 3508 Domini
3690 3468 3777 3506 stt-

2198 3582 2332 3630 mus;
2358 3575 2413 3618 ut
2441 3560 2745 3618 ostenderet
2776 3558 2944 3625 ipsum
2972 3553 3199 3624 pretium
3222 3592 3238 3617 ,
3269 3549 3348 3602 Ad
3370 3548 3461 3602 hoc
3487 3548 3618 3601 enim
3639 3586 3655 3610 ,
3686 3545 3777 3598 in-

2199 3660 2340 3729 quit,
2371 3656 2596 3711 Christus
2622 3662 2845 3706 mortuus
2872 3658 2941 3705 est
2966 3658 3013 3702 et
3054 3645 3335 3701 resurrexit
3357 3685 3373 3709 ,
3398 3650 3446 3695 ut
3474 3648 3518 3694 et
3547 3640 3780 3693 vivorum

2201 3762 2247 3808 et
2276 3758 2580 3805 mortuorum
2610 3746 2889 3799 dominetur
2914 3739 3089 3810 (Rom.
3122 3753 3230 3803 ιιγ,
3259 3737 3313 3803 8,
3344 3735 3421 3805 9).

2273 3843 2325 3897 6.
2354 3840 2519 3914 (vers.
2546 3835 2641 3909 4.]
2678 3836 3049 3890 Verumtamen
3072 3871 3086 3895 ,
3126 3832 3247 3899 quia
3276 3824 3633 3897 magnitudinis
3671 3823 3780 3892 ejus

2202 3950 2302 3988 non
2344 3942 2413 3986 est
2459 3930 2573 3999 ﬁnis
2597 3970 2611 3995 ,
2642 3935 2696 3982 et
2742 3940 2861 3980 eum
2904 3936 3060 3992 quem
3090 3934 3211 3983 non
3255 3918 3489 3988 capimus
3520 3953 3536 3979 ,
3564 3913 3779 3967 laudare

2206 4026 2457 4080 debemus
2488 4021 2571 4093 (si
2606 4017 2745 4073 enim
2799 4016 3035 4085 capimus
3063 4052 3081 4079 ,
3113 4007 3483 4081 magnitudinis
3535 4005 3652 4075 ejus
3702 4010 3782 4058 est

2208 4119 2326 4173 ﬁnis
2356 4136 2369 4170 :
2407 4118 2453 4171 si
2491 4124 2665 4170 autem
2708 4110 3081 4183 magnitudinis
3112 4108 3225 4177 ejus
3253 4120 3357 4159 non
3400 4111 3484 4157 est
3514 4100 3668 4165 ﬁnis,
3692 4112 3782 4152 cae

2209 4226 2334 4282 pere
2381 4224 2446 4264 ex
2489 4223 2555 4263 eo
2605 4205 2796 4276 aliquid
2850 4215 3165 4272 possumus;
3195 4198 3358 4251 Deum
3395 4203 3569 4247 tamen
3617 4198 3783 4244 totum

2209 4318 2399 4374 capere
2430 4316 2534 4355 non
2566 4296 2909 4370 possumus);
2943 4302 3189 4362 tanquam
3236 4285 3546 4342 deﬁcientes
3582 4282 3636 4337 in
3666 4280 3782 4349 ejus

2211 4373 2605 4464 magnitudine,
2630 4399 2688 4445 ut
2725 4388 3023 4443 reficiamur
3066 4381 3179 4451 ejus
3224 4379 3457 4434 bonitate
3481 4417 3495 4441 ,
3518 4373 3586 4427 ad
3625 4384 3787 4440 opera

2213 4488 2578 4559 respiciamus,
2610 4494 2663 4537 et
2688 4482 2756 4536 de
2777 4478 3024 4549 operibus
3052 4474 3327 4530 laudemus
3353 4474 3687 4540 operantem,
3719 4462 3787 4516 de

2217 4552 2441 4633 conditis
2470 4572 2808 4630 Conditorem
2832 4610 2848 4636 ,
2875 4567 2941 4622 de
2967 4574 3204 4620 creatura
3234 4559 3560 4616 Creatorem.
3594 4552 3789 4608 Videa-

2219 4686 2335 4725 mus
2363 4683 2481 4739 quae
2509 4666 2594 4720 hic
2623 4662 2822 4726 fecerit,
2853 4675 2971 4730 quae
2997 4657 3150 4713 nobis
3175 4663 3297 4710 nota
3324 4658 3467 4718 sunt,
3496 4662 3614 4719 qua:
3641 4635 3814 4700 nobis

2222 4761 2496 4818 manifesta
2518 4765 2659 4813 sunt.
2682 4753 2826 4809 Illius
2854 4751 2997 4806 enim
3027 4750 3281 4803 immensa
3310 4743 3519 4799 bonitas
3547 4748 3604 4795 et
3632 4739 3795 4793 inter-

2222 4850 2485 4910 minabilis
2525 4844 2857 4916 magnitudo,
2896 4848 3091 4912 quanta
3129 4838 3229 4891 alia
3264 4833 3392 4899 fecit
3414 4845 3533 4901 quae
3561 4843 3660 4883 nos
3690 4841 3793 4881 non

2226 4940 2500 5000 novimus?
2519 4937 2739 5006 Quando
2774 4933 2986 5006 quidem
3012 4930 3180 4985 aciem
3202 4926 3473 4981 oculorum
3489 4929 3797 4975 nostrorum

2226 5053 2395 5108 usque
2437 5034 2502 5089 ad
2530 5032 2720 5088 casiam
2746 5025 3077 5084 extendimus
3101 5063 3117 5090 ,
3138 5030 3194 5076 et
3219 5034 3248 5073 a
3275 5016 3388 5079 sole
3409 5024 3463 5070 et
3487 5029 3516 5067 a
3542 5014 3668 5067 luna
3694 5020 3749 5066 et
3771 5023 3801 5062 a

2222 5128 2397 5205 (stellis
2436 5137 2619 5181 rursus
2648 5131 2963 5175 revocamus
3002 5114 3068 5169 ad
3107 5121 3301 5167 terram
3332 5123 3348 5173 ;
3378 5114 3431 5161 et
3483 5103 3587 5158 hoc
3632 5110 3800 5156 totum

2231 5224 2454 5292 spatium
2481 5228 2564 5274 est
2590 5215 2676 5270 ubi
2697 5220 2914 5283 vagatur
2939 5209 3080 5263 acies
3106 5213 3283 5260 nostra
3309 5201 3478 5257 :ultra
3503 5197 3671 5252 caelos
3691 5193 3808 5264 quis

2233 5311 2488 5369 extendat
2514 5309 2593 5364 vel
2620 5307 2786 5361 aciem
2808 5302 3000 5357 mentis
3023 5341 3041 5368 ,
3069 5313 3173 5353 non
3217 5295 3388 5350 dicam
3423 5291 3599 5347 carnis
3616 5289 3641 5341 ?
3670 5287 3810 5355 Ergo

2235 5416 2484 5478 quantum
2507 5410 2628 5457 nota
2642 5408 2765 5454 sunt
2781 5397 2933 5452 nobis
2955 5409 3116 5465 opera
3136 5394 3271 5461 ejus,
3290 5387 3565 5443 laudemus
3577 5397 3702 5438 eum
3721 5393 3813 5450 per

2236 5514 2395 5569 opera
2415 5497 2549 5565 ejus.
2564 5491 2847 5547 lnvisibilia
2859 5489 2998 5543 enim
3016 5486 3147 5555 ejus,
3168 5497 3196 5536 a
3215 5478 3591 5537 constitutione
3606 5471 3813 5534 mundi,

2239 5562 2332 5662 par
2362 5605 2423 5642 ea
2446 5562 2579 5657 quas
2616 5584 2754 5639 facta
2791 5591 2915 5637 sunt
2965 5578 3228 5635 intellecta
3266 5568 3663 5641 conspiciuntur
3692 5562 3815 5631 (Id.

2237 5653 2276 5751 ἱ,
2304 5682 2419 5753 20).
2436 5653 2701 5734 Generatio
2724 5684 2769 5730 et
2789 5672 3040 5748 generatio
3067 5666 3291 5724 laudabit
3314 5677 3468 5734 Opera
3498 5670 3605 5714 tua.
3632 5653 3821 5713 Omnis

636 5777 689 5832 5.
713 5773 878 5847 [rem
915 5767 1012 5840 5.]
1041 5766 1254 5837 Magnus
1285 5762 1530 5816 Dominus
1575 5769 1619 5813 et
1665 5755 1931 5811 laudabilis
1968 5751 2131 5805 valde.
2224 5758 2225 5761 ‘

630 5894 649 5927 ⁸
682 5892 754 5942 Sic
775 5895 879 5938 uss.
906 5882 1211 5939 Fdd.autcm,
1229 5875 1374 5927 lauda
1395 5887 1521 5924 διατι.

2306 5864 2323 5895 ι
2360 5858 2548 5920 Aliquot
2568 5862 2693 5915 Mss,
2715 5854 2968 5901 unum
