4080 6478
329 417 471 483 ηπ

329 525 595 608 generatio
616 518 847 577 laudabit
865 528 1026 588 opera
1051 521 1160 570 tua.
1186 511 1346 568 Forte
1360 510 1508 608 enim
1538 507 1712 608 omnis
1732 519 1892 576 gene-

331 598 462 682 ratio
486 618 626 672 diota
651 619 772 679 est,
804 608 1056 682 generatio
1085 614 1130 660 et
1155 603 1423 676 generatio.
1452 599 1566 655 Non
1595 598 1735 653 enim
1761 605 1895 651 tam-

329 719 417 775 diu
468 711 706 766 dicturus
746 711 861 759 erat
883 743 900 770 ,
939 699 1190 772 generatio
1221 705 1268 750 et
1313 693 1563 766 generatio
1582 732 1597 756 ,
1649 687 1897 760 quamdiu

329 807 503 865 ﬁniret
526 811 805 858 numerum
836 794 1074 852 omnium
1093 789 1512 862 generationum;
1535 784 1629 840 sed
1657 783 1898 853 repetitio

329 891 605 968 loquentis,
637 890 689 944 in
715 887 974 943 inﬁnitum
1004 883 1147 938 misit
1173 881 1406 936 animum
1431 875 1732 968 cogitantis.

329 964 427 1047 ista
453 965 726 1055 generatio
749 993 868 1050 quae
899 990 1042 1031 nunc
1071 975 1121 1028 in
1151 986 1310 1027 carne
1337 979 1440 1037 est,
1473 967 1752 1022 transitura
1779 964 1902 1018 hinc

326 1080 460 1135 sicut
485 1072 669 1136 venit,
699 1069 878 1124 laudat
906 1080 1063 1136 opera
1113 1064 1241 1127 Dei;
1271 1071 1324 1118 et
1366 1061 1454 1115 illa
1485 1059 1571 1114 cui
1598 1055 1903 1114 succedenti

325 1166 502 1230 cedit,
533 1162 771 1218 laudabit
812 1160 992 1228 utique
1029 1169 1190 1227 opera
1219 1154 1347 1218 Dei;
1377 1160 1430 1207 et
1474 1159 1593 1221 post
1621 1149 1760 1203 illam
1801 1149 1903 1202 erit

325 1259 420 1316 alia
445 1273 460 1323 ;
483 1263 544 1312 et
585 1269 751 1324 usque
781 1252 831 1307 in
877 1250 1035 1306 ﬁnem
1077 1246 1257 1303 saeculi
1293 1259 1450 1316 quam
1481 1243 1659 1298 multa:
1685 1254 1904 1312 genera-

325 1349 520 1408 tioneSl
559 1345 671 1402 Hoc
695 1343 1000 1416 signiﬁcans
1025 1341 1120 1407 ait,
1152 1337 1418 1393 Generatio
1437 1345 1482 1390 et
1509 1333 1759 1407 generatio
1787 1332 1902 1386 lau-

323 1443 456 1500 dabit
496 1456 657 1512 opera
695 1449 800 1494 tua.
827 1440 907 1492 An
935 1437 1070 1490 forte
1100 1434 1234 1490 duas
1259 1430 1512 1502 quasdam
1536 1429 1904 1500 generationes

324 1536 593 1593 insinuare
629 1532 793 1587 voluit
822 1531 920 1586 ista
946 1524 1293 1599 repetitione?
1321 1522 1514 1580 Sumus
1547 1521 1686 1576 enim
1727 1520 1778 1574 in
1804 1519 1902 1572 ista

323 1626 664 1701 generatione
704 1624 799 1679 ﬁlii
840 1623 967 1686 Dei;
994 1621 1195 1676 erimus
1233 1618 1285 1672 in
1315 1617 1418 1672 alia
1444 1613 1785 1685 generatione
1811 1609 1906 1665 ﬁlii

322 1717 747 1777 resurrectionis.
777 1712 1076 1785 Appellavit
1102 1708 1372 1779 Scriptura
1399 1705 1538 1761 ﬁlios
1561 1702 1905 1760 resurrectio-

323 1814 441 1878 nis;
470 1811 644 1880 ipsam
687 1807 1130 1864 resurrectionem
1176 1799 1631 1872 regenerationem
1677 1794 1902 1850 vocavit.

323 1903 391 1960 In
421 1897 799 1972 regeneratione
821 1937 836 1962 ,
866 1895 1070 1966 inquit,
1102 1908 1216 1946 cum
1235 1889 1417 1946 sederit
1441 1888 1577 1957 [ilius
1609 1884 1825 1939 hominis
1851 1883 1904 1937 in

323 1992 587 2065 majestate
612 2007 707 2045 sua
729 1987 944 2060 (Matth.
968 2001 1082 2051 χιιι,
1105 1982 1219 2053 28).
1244 1981 1375 2036 Item
1403 1979 1456 2034 in
1476 1977 1580 2032 alio
1601 1977 1720 2031 loco
1745 1993 1758 2026 :
1785 1973 1905 2028 Non

326 2085 458 2142 enim
483 2085 703 2146 nubent,
727 2096 883 2151 neque
911 2093 1094 2132 uxores
1117 2076 1328 2139 ducent,
1356 2087 1472 2126 cum
1494 2069 1593 2123 sint
1616 2068 1711 2137 ﬁlii
1735 2081 1904 2120 resur-

325 2175 559 2232 rectionis
581 2173 726 2245 (Luc.
755 2187 850 2239 xx,
881 2170 971 2236 35,
1003 2169 1118 2239 56).
1146 2166 1306 2236 Ergo,
1339 2162 1602 2218 Generatio
1624 2169 1671 2214 et
1694 2174 1904 2230 genera-

328 2267 397 2322 tio
416 2264 643 2320 laudabit
667 2279 819 2334 opera
843 2271 948 2316 tua.
971 2258 1272 2314 Laudamus
1299 2270 1438 2309 nunc
1465 2267 1627 2323 opera
1651 2250 1857 2306 Domini
1886 2290 1901 2314 ,

325 2373 448 2414 cum
474 2359 529 2412 in
565 2357 661 2410 liae
690 2355 1008 2410 mortalitate
1031 2351 1290 2414 vivimus;
1314 2356 1368 2404 et
1393 2347 1438 2402 si
1461 2345 1735 2401 laudamus
1760 2358 1912 2400 coma

328 2449 516 2522 pediti,
533 2447 801 2520 quomodo
823 2445 1151 2501 laudabimus
1170 2440 1439 2497 coronati!
1466 2439 1602 2508 Ergo
1628 2435 1744 2490 hac
1765 2449 1906 2488 nunc

329 2541 663 2596 attendamus
688 2542 740 2594 in
775 2538 874 2594 hac
901 2535 1242 2606 generatione
1267 2545 1430 2600 opera
1458 2528 1688 2594 Domini,
1721 2527 1773 2581 in
1813 2541 1907 2582 cu-

329 2633 416 2703 jus
443 2630 599 2686 laude
617 2630 831 2692 dicitur,
851 2625 1116 2682 Generatio
1135 2631 1181 2678 et
1208 2621 1480 2694 generatio,
1505 2618 1726 2674 laudabit
1753 2633 1908 2686 opera

335 2731 457 2787 tua;
480 2721 730 2792 quoniam
758 2717 1131 2788 magnitudinis
1169 2722 1272 2769 tua:
1316 2727 1421 2767 non
1448 2720 1529 2766 est
1556 2709 1694 2764 ﬁnis.
1735 2708 1906 2778 Opera

331 2825 422 2869 tua
451 2813 642 2869 intueri
665 2813 817 2878 licet,
845 2820 903 2865 ut
931 2821 984 2865 tu
1007 2807 1238 2864 lauderis
1259 2805 1351 2875 qui
1381 2803 1509 2859 talia
1537 2801 1796 2872 operaris.

399 2906 452 2959 7.
507 2902 576 2958 Et
623 2905 851 2958 virtutem
899 2912 1039 2956 tuam
1093 2898 1484 2954 annuntiabunt.
1532 2894 1715 2965 Neque
1763 2893 1904 2948 enim

326 3010 490 3066 opera
513 3004 597 3050 tua
617 2995 922 3056 laudabunt,
941 2994 1042 3048 nisi
1062 3001 1116 3047 ut
1131 2992 1383 3046 virtutem
1407 2997 1551 3043 tuam
1571 2988 1904 3042 annuntient.

328 3086 705 3156 Proponuntur
740 3084 920 3140 laudes
957 3082 1138 3154 pueris
1163 3081 1217 3135 in
1255 3080 1434 3135 schola
1455 3119 1472 3144 ,
1497 3088 1552 3132 et
1579 3078 1756 3131 omnia
1784 3075 1906 3130 talia

329 3185 698 3248 proponuntur
724 3191 841 3246 qua:
865 3173 1145 3228 laudentur
1162 3213 1178 3238 ,
1201 3185 1318 3241 quae
1346 3169 1484 3223 Deus
1504 3174 1588 3222 est
1611 3174 1864 3236 operatus
1890 3182 1902 3218 :

328 3269 644 3340 proponitur
667 3265 866 3322 homini
904 3265 1018 3319 laus
1045 3262 1174 3317 solis
1196 3301 1212 3328 ,
1241 3261 1355 3315 laus
1380 3258 1503 3314 cali
1527 3299 1542 3325 ,
1564 3258 1680 3312 laus
1708 3265 1863 3311 terra
1887 3272 1902 3320 ;

328 3368 388 3413 ut
413 3359 482 3413 ad
513 3359 720 3413 minora
747 3357 906 3413 etiam
940 3353 1177 3418 veniam,
1204 3352 1320 3406 laus
1364 3365 1501 3404 rosa:
1525 3391 1540 3414 ,
1568 3349 1684 3403 laus
1727 3346 1860 3401 lauri
1892 3363 1905 3400 :

329 3451 510 3517 omnia
555 3451 654 3505 ista
693 3463 854 3519 opera
881 3447 974 3502 Dei
1000 3455 1154 3512 sunt,
1189 3451 1586 3516 proponuntur,
1610 3440 1908 3510 suscipiun-

330 3553 438 3609 tur,
468 3542 766 3608 laudantur;
791 3555 949 3610 Opera
976 3539 1333 3601 celebrantur,
1365 3537 1435 3592 de
1461 3545 1738 3605 operatore
1762 3542 1908 3588 tace-

331 3642 438 3689 tur.
471 3634 582 3704 Ego
600 3633 653 3688 in
673 3633 922 3702 operibus
933 3630 1054 3685 volo
1073 3628 1272 3684 laudari
1291 3627 1620 3692 Creatorem;
1645 3625 1907 3695 ingratum

330 3742 439 3782 non
479 3739 599 3779 amo
640 3722 992 3778 laudatorem.
1024 3719 1230 3775 Laudas
1271 3717 1411 3788 quod
1455 3717 1578 3771 fecit
1601 3757 1617 3781 ,
1661 3725 1802 3770 taces
1843 3715 1910 3770 de

330 3814 424 3872 illo
449 3817 540 3887 qui
565 3814 732 3870 fecit?
757 3813 919 3881 Quasi
949 3827 1074 3866 vero
1099 3810 1197 3864 nisi
1230 3809 1316 3863 ille
1343 3815 1520 3862 tantus
1545 3815 1724 3869 esset,
1759 3807 1908 3860 inve-

329 3907 476 3961 nires
500 3904 641 3977 quod
670 3903 934 3958 laudares.
968 3901 1023 3955 lu
1053 3915 1118 3956 eo
1147 3897 1289 3969 quod
1318 3897 1463 3952 vides
1486 3940 1501 3964 ,
1533 3896 1656 3966 quid
1689 3895 1759 3949 ibi
1800 3896 1911 3950 lau-

330 3998 491 4053 datur
509 3997 532 4051 ἳ
555 3996 789 4068 Species,
818 3994 1031 4058 utilitas,
1052 3992 1226 4062 aliqua
1245 3990 1412 4045 virtus
1433 4029 1448 4052 ,
1473 3987 1646 4057 aliqua
1675 3986 1910 4056 potentia

331 4104 514 4144 rerum
539 4088 780 4142 istarum.
807 4086 862 4141 Si
901 4081 1234 4153 pulchritudo
1261 4091 1310 4136 te
1339 4079 1600 4144 delectat,
1625 4077 1748 4147 quid
1792 4076 1911 4146 pul-

331 4181 518 4236 chrius
540 4177 802 4234 faciente?
821 4176 874 4231 Si
902 4175 1102 4230 utilitas
1127 4172 1393 4237 laudatur,
1415 4169 1542 4239 quid
1571 4169 1662 4223 illo
1691 4166 1869 4221 utilius
1889 4208 1906 4233 ,

333 4272 427 4341 qui
468 4271 590 4327 fecit
623 4269 834 4326 omnia?
860 4267 916 4324 Si
951 4268 1117 4322 virtus
1147 4265 1424 4329 laudatur,
1456 4261 1582 4332 quid
1609 4259 1700 4315 illo
1727 4268 1913 4329 poten-

333 4366 442 4419 tius
466 4406 480 4428 ,
502 4378 534 4418 a
558 4377 664 4434 quo
692 4363 828 4416 facta
852 4369 975 4415 sunt
999 4360 1214 4424 omnia;
1241 4372 1270 4411 a
1296 4372 1401 4428 quo
1427 4355 1584 4410 etiam
1627 4352 1763 4408 facta
1805 4366 1912 4406 non

335 4459 694 4522 dimittuntur,
711 4456 803 4511 sed
830 4464 1082 4525 reguntur
1107 4463 1161 4508 et
1181 4453 1546 4523 gubernantur
1565 4446 1776 4503 omnia?
1796 4443 1910 4500 Non

337 4565 466 4622 ergo
487 4547 926 4620 quemadmodum
947 4544 1159 4616 quidam
1185 4545 1496 4614 eloquentes
1516 4541 1666 4605 muti,
1695 4539 1912 4594 laudan-

339 4651 420 4695 tes
447 4648 745 4695 creaturam
767 4679 783 4704 ,
813 4635 1188 4692 obliviscentes
1223 4632 1560 4697 Creatorem;
1589 4644 1693 4685 non
1733 4629 1810 4683 sic
1859 4635 1914 4683 te

337 4734 520 4790 laudat
545 4730 815 4803 generatio
839 4739 895 4784 et
921 4726 1190 4797 generatio
1213 4727 1265 4780 in
1291 4725 1459 4780 servis
1489 4722 1613 4786 tuis,
1645 4735 1766 4776 eum
1795 4720 1913 4774 lau-

340 4828 429 4882 dat
454 4840 616 4895 opera
639 4835 742 4879 tna.
772 4821 879 4878 Sed
899 4819 1164 4889 quomodo
1190 4817 1411 4871 laudat?
1433 4813 1500 4868 Et
1528 4817 1758 4868 virtutem
1777 4827 1916 4865 tuam

339 4917 724 4974 annuntiabunt.
777 4915 834 4969 In
879 4912 1149 4968 laudandis
1188 4910 1436 4980 operibus
1482 4907 1622 4972 tuis,
1671 4907 1915 4960 virtutem

341 5022 488 5064 tuam
530 5005 934 5061 annuntiabunt.
963 5002 1288 5056 Laudatores
1330 4998 1459 5062 isti,
1491 4997 1657 5052 sancti
1697 5005 1751 5051 et
1791 4993 1915 5050 boni

345 5100 552 5165 ﬁdeles,
578 5096 690 5151 veri
715 5095 1014 5150 laudatores
1037 5133 1050 5157 ,
1084 5106 1188 5145 non
1219 5089 1404 5159 ingrati
1431 5088 1636 5157 gratiae,
1664 5101 1783 5141 cum
1800 5085 1916 5139 Iau-

341 5195 470 5249 dant
499 5206 660 5262 opera
691 5190 783 5244 Dei
817 5188 931 5242 haec
969 5196 1127 5256 atque
1155 5184 1241 5237 illa
1265 5224 1278 5246 ,
1305 5195 1510 5236 summa
1537 5191 1592 5236 et
1635 5180 1738 5233 ima
1764 5219 1778 5242 ,
1808 5193 1917 5234 cte-

343 5285 496 5340 lestia
518 5293 572 5337 et
597 5279 886 5343 terrestria,
914 5279 1051 5332 inter
1077 5278 1187 5345 ipsa
1215 5289 1374 5344 opera
1405 5273 1492 5327 Dei
1519 5287 1638 5342 qua:
1660 5269 1875 5324 laudant
1897 5310 1914 5336 ,

345 5385 398 5431 et
435 5377 642 5444 seipsos
684 5371 1001 5434 inveniunt,
1031 5367 1154 5437 quia
1203 5366 1256 5419 in
1302 5363 1548 5434 operibus
1591 5361 1685 5416 Dei
1730 5369 1783 5416 et
1819 5359 1921 5430 ipsi

345 5477 490 5522 sunt.
510 5467 609 5534 Qui
632 5464 772 5519 enim
796 5462 920 5518 fecit
939 5461 1136 5525 omnia,
1165 5458 1277 5527 ipse
1301 5470 1397 5510 nos
1422 5454 1545 5509 fecit
1566 5455 1702 5507 inter
1720 5454 1916 5534 omnia.

348 5558 579 5616 Proinde
599 5556 644 5610 si
675 5553 856 5608 laudas
879 5566 1039 5621 opera
1069 5548 1185 5614 Dei,
1209 5557 1262 5602 et
1288 5557 1338 5602 te
1366 5546 1675 5600 laudaturos
1697 5559 1773 5609 es;
1797 5544 1918 5613 quia

351 5658 404 5704 et
427 5660 483 5702 tu
509 5662 643 5716 Opus
672 5645 766 5700 Dei
789 5659 867 5699 es.
895 5642 990 5697 Ubi
1010 5650 1096 5697 est
1115 5654 1260 5709 ergo,
1283 5636 1400 5691 Non
1428 5649 1474 5691 te
1501 5636 1670 5690 laudet
1698 5652 1754 5690 os
1779 5643 1919 5689 tuum

351 5740 546 5812 (Prov.
575 5754 718 5793 xxvn
739 5779 754 5802 ,
779 5736 816 5790 2
842 5735 898 5807 )?
926 5736 1060 5788 Ecce
1095 5734 1363 5787 inventum
1394 5739 1474 5786 est
1500 5729 1766 5800 quomodo
1790 5737 1844 5784 et
1870 5738 1922 5784 te

350 5830 569 5890 laudare
594 5829 785 5901 possis,
803 5834 861 5884 et
883 5837 1138 5896 arrogans
1160 5837 1262 5878 non
1285 5823 1378 5876 sis.
1409 5821 1570 5875 Deum
1599 5820 1650 5875 in
1671 5827 1722 5875 te
1743 5817 1915 5888 lauda,

1381 390 1770 452 ENARRATIO
1807 389 1874 447 ΙΝ
1910 388 2236 450 PSALMUK
2268 388 2494 450 CXLIV.

3429 399 3570 456 1874

2002 520 2106 560 non
2141 515 2190 562 te
2214 524 2227 561 :
2251 522 2353 562 non
2380 507 2502 578 quia
2532 517 2585 562 tu
2607 521 2666 563 es
2692 506 2830 572 talis,
2854 507 2951 565 sed
2971 509 3091 580 quia
3120 510 3207 566 ille
3230 510 3355 566 fecit
3374 520 3446 577 te;
3461 527 3570 568 non

2001 599 2120 669 quia
2144 609 2200 654 tu
2225 599 2422 670 aliquid
2447 608 2594 670 potes
2617 642 2632 668 ,
2656 599 2749 655 sed
2774 601 2894 672 quia
2920 611 3094 670 potest
3122 602 3209 657 ille
3236 603 3286 656 in
3318 611 3371 658 te
3397 611 3450 658 et
3475 593 3573 674 per

2005 700 2073 747 te.
2104 692 2183 748 Ac
2206 707 2300 762 per
2325 692 2425 748 hoc
2450 691 2740 748 laudabunt
2769 703 2839 760 te,
2870 703 2915 748 et
2943 694 3172 748 virtutem
3201 703 3340 750 tuam
3367 711 3571 751 annun-

2005 781 2233 849 tiabunt;
2261 799 2365 839 non
2413 799 2562 838 suam
2587 826 2600 850 ,
2633 783 2728 839 sed
2768 793 2924 838 tuam.
2950 783 3146 840 Discite
3176 799 3305 856 ergo
3335 785 3572 843 laudaro.

2005 871 2272 930 lntuentes
2297 890 2477 946 opera,
2510 875 2772 930 miramini
2800 875 3092 941 artiﬁcem;
3120 877 3317 946 gratias
3343 878 3572 949 agendo,

2006 981 2114 1020 non
2136 967 2450 1040 arrogando.
2479 967 2714 1024 Laudate
2737 969 2860 1039 quia
2888 969 3002 1039 ipse
3020 969 3172 1033 fecit,
3197 970 3317 1041 quia
3341 971 3420 1027 sic
3442 985 3576 1027 con-

2005 1060 2194 1128 stituit,
2226 1063 2345 1132 quia
2379 1063 2499 1116 talia
2527 1062 2762 1117 donavit.

2077 1152 2130 1208 8.
2173 1151 2315 1224 [vere
2357 1154 2410 1220 5,
2442 1153 2518 1226 6.]
2548 1154 2781 1225 Denique
2805 1153 2925 1209 vide
2949 1169 3066 1224 quae
3093 1165 3386 1225 sequuntur
3411 1173 3426 1211 :
3464 1154 3579 1210 Vir-

2007 1253 2162 1298 tutem
2181 1284 2196 1310 ,
2225 1244 2423 1315 inquit,
2455 1255 2592 1299 tuam
2629 1245 3018 1300 annuntiabunt.
3048 1245 3117 1300 Et
3145 1248 3576 1320 magniﬁcentiam

2006 1336 2182 1407 gloria
2197 1339 2470 1392 sanctitatis
2495 1347 2592 1392 tua
2617 1341 2876 1410 loquentur
2891 1381 2906 1406 ,
2933 1350 2982 1398 et
3009 1341 3258 1396 mirabilia
3283 1351 3370 1396 tua
3393 1357 3577 1396 narra-

2007 1429 2150 1487 bunt.
2181 1429 2247 1483 Et
2273 1431 2502 1484 virtutem
2527 1432 2902 1487 metuendorum
2936 1443 3134 1488 tuorum
3161 1434 3323 1487 dicent
3349 1475 3363 1499 ,
3394 1442 3446 1488 et
3473 1449 3582 1488 ma-

2007 1521 2316 1592 gnitudinem
2341 1530 2478 1575 tuam
2504 1522 2801 1576 enarrabunt
2830 1537 2961 1578 eam.
2993 1523 3290 1579 Memoriam
3315 1524 3582 1578 abundan—

2009 1611 2092 1664 tia
2119 1611 2376 1666 suavitatis
2401 1619 2499 1664 tua
2531 1610 2824 1666 eructabunt
2849 1629 2868 1666 :
2892 1614 3100 1669 nonnisi
3126 1622 3290 1668 tuam.
3315 1614 3419 1669 Iste
3457 1627 3586 1683 ope-

2009 1715 2127 1755 rum
2151 1701 2546 1768 considerator,
2574 1703 2694 1758 vide
2715 1704 2758 1759 si
2788 1703 3023 1760 deﬂexus
3043 1715 3125 1760 est
3142 1707 3210 1761 ab
3237 1717 3490 1776 Operante
3517 1707 3585 1761 ad

2008 1805 2176 1861 opus;
2203 1791 2322 1847 vide
2348 1793 2392 1847 si
2423 1793 2618 1849 decidit
2641 1795 2709 1849 ab
2733 1811 2798 1850 eo
2824 1795 2914 1865 qui
2934 1796 3056 1852 fecit
3077 1837 3092 1862 ,
3119 1797 3185 1852 ad
3211 1812 3273 1852 ea
3294 1813 3412 1868 qua:
3439 1797 3586 1857 fecit.

2007 1882 2091 1937 Ab
2111 1881 2194 1936 bis
2215 1898 2333 1952 quae
2363 1883 2498 1939 facta
2519 1893 2670 1952 sunt,
2691 1885 2911 1957 gradum
2939 1886 3040 1942 sibi
3061 1886 3183 1942 fecit
3203 1888 3269 1942 ad
3293 1903 3412 1944 eum
3435 1930 3450 1956 ,
3478 1903 3590 1944 non

2007 1975 2074 2031 ab
2121 1977 2211 2031 illo
2245 1976 2314 2032 ad
2346 1975 2447 2034 ista
2484 1993 2688 2032 casum.
2735 1977 2794 2032 Si
2836 1979 2976 2034 enim
3015 1980 3278 2035 amaveris
3319 1980 3434 2035 haec
3472 1980 3591 2050 plus

2007 2081 2166 2137 quam
2194 2067 2341 2122 illum
2365 2109 2378 2134 ,
2409 2084 2513 2122 non
2551 2067 2770 2122 habebis
2795 2069 2962 2123 illum.
2996 2069 3062 2122 Et
3087 2069 3212 2139 quid
3251 2069 3344 2125 tibi
3375 2070 3591 2140 prodest

2007 2159 2276 2216 abundare
2300 2161 2568 2230 operibus,
2600 2161 2643 2214 si
2677 2169 2726 2216 te
2753 2161 2950 2215 deserit
2977 2161 3257 2230 operator?
3281 2161 3439 2217 Certe
3467 2175 3590 2216 ama

2008 2261 2063 2307 et
2087 2251 2222 2318 hac;
2245 2252 2340 2307 sed
2363 2253 2479 2323 plus
2501 2252 2646 2306 illum
2671 2268 2810 2318 ama,
2832 2263 2886 2308 et
2906 2253 3018 2307 haec
3042 2261 3259 2322 propter
3281 2253 3426 2308 illum
3449 2269 3590 2308 ama.

2008 2344 2276 2399 Annuntia
2303 2345 2549 2398 virtutem
2577 2344 2691 2414 ejus
2713 2385 2725 2408 ,
2757 2344 3198 2414 magniﬁcentiam
3241 2343 3423 2414 gloriae
3468 2359 3591 2398 san-

2009 2436 2210 2490 ctitatis
2249 2437 2364 2505 ejus
2406 2437 2643 2505 loquere,
2675 2436 2932 2490 mirabilia
2962 2435 3078 2504 ejus
3101 2449 3310 2500 enarra,
3343 2435 3590 2490 virtutem

2008 2526 2414 2581 metuendorum
2443 2526 2546 2580 dic.
2582 2527 2682 2581 Iste
2709 2527 2850 2580 enim
2873 2526 3116 2581 amabilis
3137 2535 3218 2580 est
3239 2535 3294 2581 et
3318 2526 3591 2582 terribilis.

2008 2617 2124 2673 Non
2155 2619 2295 2672 enim
2338 2618 2605 2673 blanditur
2631 2627 2684 2672 et
2727 2632 2832 2672 non
2863 2620 3114 2672 minatur.
3138 2617 3196 2672 Si
3238 2631 3343 2672 non
3384 2616 3592 2673 blandi-

2009 2721 2178 2775 retur,
2214 2712 2352 2765 nulla
2383 2720 2525 2767 esset
2553 2711 2872 2776 exhortatio;
2905 2711 2948 2764 si
2970 2726 3077 2766 non
3103 2711 3416 2775 minaretur,
3448 2711 3592 2768 nulla

2009 2812 2151 2856 esset
2187 2802 2472 2872 correptio.
2505 2801 2691 2856 Dicent
2713 2816 2840 2872 ergo
2866 2801 3170 2857 laudatores
3201 2802 3274 2856 tui
3298 2811 3344 2856 et
3363 2803 3594 2857 virtutem

2009 2896 2427 2960 metuendornm;
2456 2895 2702 2949 virtutem
2729 2904 2988 2949 creatura:
3018 2905 3120 2949 tua:
3147 2895 3413 2965 punientis
3436 2905 3490 2950 et
3515 2895 3592 2950 di-

2010 2988 2287 3058 sciplinam
2307 2987 2483 3043 dantis
2507 2988 2705 3055 dicent,
2728 3002 2833 3042 non
2862 2987 3128 3043 tacebunt.
3147 2988 3260 3043 Non
3289 2990 3429 3044 enim
3455 3004 3594 3060 pree-

2010 3081 2259 3135 dicabunt
2296 3096 2518 3151 regnum
2562 3089 2708 3135 tuum
2733 3089 2990 3136 aeternum
3011 3122 3027 3147 ,
3050 3091 3104 3136 et
3133 3082 3382 3136 tacebunt
3419 3085 3593 3152 ignem

2009 3178 2292 3226 aeternum.
2340 3171 2481 3225 Laus
2541 3172 2680 3226 enim
2728 3171 2818 3226 Dei
2877 3171 2928 3225 in
2975 3174 3059 3225 via
3110 3180 3163 3227 te
3217 3173 3542 3228 constituens
3575 3215 3592 3241 ,

2011 3263 2295 3317 ostendere
2326 3263 2418 3317 tibi
2445 3263 2604 3317 debet
2631 3271 2685 3317 et
2713 3264 2838 3332 quid
2875 3263 3063 3334 diligas
3086 3306 3100 3329 ,
3133 3273 3186 3318 et
3209 3266 3335 3333 quid
3365 3267 3585 3320 timeaS'

2010 3362 2064 3410 et
2089 3353 2212 3422 quid
2239 3361 2458 3422 appetas
2481 3395 2496 3420 ,
2526 3362 2579 3407 et
2604 3353 2727 3422 quid
2771 3353 2966 3422 fugias;
2993 3354 3119 3423 quid
3151 3355 3316 3425 eligas
3339 3396 3355 3421 ,
3388 3365 3440 3410 et
3469 3356 3589 3427 quid

2010 3446 2240 3516 rejicias.
2297 3445 2526 3514 Tempus
2576 3445 2848 3500 electionis
2898 3461 3041 3500 nunc
3092 3456 3216 3514 est,
3273 3449 3594 3516 acceptionis

2013 3548 2194 3610 postea
2221 3539 2340 3592 erit.
2362 3539 2577 3592 Dicatur
2601 3553 2727 3608 ergo
2753 3538 2920 3592 virtus
2940 3540 3364 3595 metuendorum.
3384 3539 3452 3594 Et
3480 3557 3594 3593 ma-

2011 3631 2320 3703 gnitudinem
2339 3639 2494 3696 tuam,
2519 3631 2705 3699 inquit,
2730 3630 3029 3684 enarrabunt
3053 3647 3181 3684 eam.
3205 3630 3293 3685 Sic
3316 3631 3592 3696 inﬁnitam,

2013 3724 2091 3777 sic
2119 3721 2385 3791 quomodo
2412 3720 2788 3789 magnitudinis
2818 3728 2921 3774 tua:
2960 3736 3064 3774 non
3103 3729 3186 3774 est
3213 3721 3358 3786 ﬁnis;
3392 3738 3494 3775 non
3527 3721 3596 3777 de

2015 3813 2100 3866 illa
2133 3811 2398 3866 tacebunt.
2429 3809 2575 3864 Illam
2599 3853 2612 3873 ,
2643 3812 2854 3880 inquam
2877 3853 2891 3878 ,
2917 3813 3311 3881 magnitudinem
3333 3823 3467 3866 tuam
3485 3855 3500 3880 ,
3527 3814 3596 3869 de

2014 3920 2115 3974 qua
2159 3905 2401 3972 superius
2447 3903 2724 3969 dixeram,
2757 3901 2825 3956 Et
2866 3905 3225 3974 magnitudinis
3268 3914 3496 3959 tum'non
3525 3914 3596 3959 est

2015 3995 2163 4064 ﬁnis,
2193 3995 2496 4048 enarrabunt
2533 4011 2661 4047 eam.
2694 3993 2974 4062 Quomodo
3015 3995 3337 4050 enarrabunt
3365 4011 3481 4052 eam
3507 4038 3521 4060 ,
3548 3998 3595 4051 si

2015 4085 2136 4140 ﬁnis
2158 4102 2261 4140 non
2289 4085 2412 4140 est?
2440 4086 2774 4140 Enarrahunt
2804 4101 2944 4152 eam,
2973 4102 3092 4140 cum
3123 4087 3408 4142 laudabunt
3436 4105 3550 4144 eam
3576 4107 3592 4155 ;

2015 4185 2070 4231 et
2096 4177 2214 4245 quia
2246 4176 2365 4231 ﬁnis
2390 4177 2506 4246 ejus
2536 4191 2640 4230 non
2665 4186 2781 4244 est,
2809 4177 2884 4231 sic
2926 4187 2979 4233 et
3007 4179 3176 4232 laudis
3217 4180 3330 4248 ejus
3360 4195 3462 4234 non
3493 4182 3596 4236 erit

2017 4269 2158 4323 ﬁnis.
2191 4270 2484 4325 Probcmus
2509 4269 2630 4340 quia
2661 4285 2765 4325 non
2797 4272 2897 4326 erit
2926 4272 3042 4325 linis
3074 4272 3241 4326 laudis
3263 4275 3396 4341 ejus.
3427 4273 3591 4339 Beati,

2017 4360 2206 4430 inquit,
2236 4361 2321 4430 qui
2351 4361 2576 4414 habitant
2601 4361 2653 4414 in
2679 4363 2826 4414 domo
2855 4372 2973 4425 tua;
3001 4363 3052 4414 in
3080 4363 3265 4416 sacula
3294 4364 3594 4417 saculorum

2019 4450 2294 4505 laudabunt
2315 4461 2362 4506 te
2381 4452 2398 4521 (
2420 4450 2564 4505 Psal.
2595 4467 2812 4517 Lxxxm,
2836 4453 2914 4521 5).
2945 4451 3011 4505 Et
3039 4453 3432 4524 magnitudinem
3458 4464 3594 4508 tuam

2019 4543 2182 4606 illam,
2209 4543 2353 4596 illam
2383 4540 2664 4608 inﬁnitam,
2693 4544 2993 4597 enarrabunt
3021 4561 3149 4597 eam.

2089 4635 2145 4690 9.
2177 4634 2442 4708 [vers.'1.]
2490 4633 2788 4688 Memoriam
2821 4636 3145 4692 abundantia
3184 4639 3446 4694 suavitatis
3492 4648 3594 4694 tua

2017 4727 2332 4783 eructabunt.
2373 4723 2418 4779 Ο
2447 4725 2630 4796 epulas
2657 4725 2876 4781 felices!
2924 4727 3058 4795 Quid
3090 4729 3480 4784 manducabunt
3505 4731 3595 4800 qui

2021 4818 2098 4872 sic
2126 4816 2476 4873 eructabunt?
2512 4814 2813 4870 Memoriam
2841 4817 3167 4873 abundantia
3190 4821 3448 4874 suavitatis
3474 4831 3593 4875 tua.

2020 4909 2156 4976 Quid
2187 4919 2302 4972 est,
2335 4909 2623 4962 memoriam
2647 4909 2973 4964 abundantia
2997 4913 3256 4966 suavitatis
3281 4915 3420 4968 tua?
3462 4913 3594 4981 Quia

2021 5016 2120 5055 nos
2140 4999 2332 5054 oblitus
2364 5015 2467 5052 non
2493 5014 2569 5063 es,
2591 5013 2709 5054 cum
2737 5000 2881 5056 obliti
2906 5010 2956 5056 te
2983 5015 3080 5056 nos
3108 5001 3382 5059 fuerimus.
3409 5001 3595 5059 Omnis

2021 5091 2162 5145 enim
2183 5104 2306 5143 caro
2327 5088 2486 5143 oblita
2513 5097 2628 5144 erat
2647 5089 2846 5156 Deum;
2876 5089 2965 5146 ille
2987 5099 3163 5147 tamen
3188 5107 3346 5161 opera
3368 5109 3462 5149 sua
3487 5105 3590 5152 noK

2023 5189 2105 5236 est
2131 5181 2342 5235 oblitus.
2398 5181 2522 5236 Haec
2555 5183 2810 5236 memoria
2839 5181 2953 5252 ejus
2980 5199 3142 5255 super
3167 5199 3263 5240 nos
3283 5227 3296 5251 ,
3339 5186 3460 5256 quia
3487 5202 3596 5241 non

2024 5286 2122 5325 nos
2160 5271 2353 5326 oblitus
2379 5281 2460 5326 est
2482 5313 2496 5337 ,
2543 5271 2876 5342 praedicanda
2903 5283 3019 5339 est,
3062 5276 3354 5331 enarranda
3385 5286 3506 5342 est;
3541 5286 3598 5333 et

2026 5363 2146 5432 quia
2175 5363 2328 5417 valde
2366 5363 2535 5417 dulcis
2563 5373 2643 5417 est
2667 5403 2682 5429 ,
2713 5364 3077 5420 manducanda
3102 5376 3154 5420 et
3180 5369 3465 5423 ernctanda
3492 5379 3594 5425 est.

2027 5451 2116 5508 Sic
2143 5453 2421 5519 manduca,
2449 5463 2504 5508 ut
2531 5464 2780 5520 eructes;
2811 5455 2890 5511 sic
2917 5458 3117 5528 accipe,
3151 5467 3206 5513 ut
3229 5457 3342 5514 des.
3374 5459 3596 5516 Mandu-

2027 5557 2139 5608 cas,
2161 5558 2278 5598 cum
2305 5543 2497 5607 discis;
2525 5552 2756 5612 eructas,
2779 5561 2899 5600 cum
2921 5546 3115 5614 doces;
3143 5548 3448 5620 manducas,
3474 5566 3594 5606 cum

2028 5637 2216 5700 audis;
2265 5644 2474 5690 eructas
2497 5677 2510 5700 ,
2559 5652 2680 5690 cum
2707 5637 2962 5708 pradicas
2990 5658 3004 5694 :
3030 5639 3130 5694 hoc
3175 5649 3350 5696 tamen
3385 5652 3596 5697 eructas

2029 5727 2169 5796 quod
2200 5725 2546 5782 manducasti.
2591 5729 2822 5798 Denique
2858 5729 2948 5785 ille
2985 5730 3323 5786 avidissimus
3350 5732 3596 5802 epulator

2030 5816 2260 5874 Joannes
2307 5820 2613 5896 apostolus,
2657 5819 2749 5874 cui
2798 5834 2904 5875 non
2957 5819 3252 5878 sufﬁciebat
3279 5822 3390 5893 ipsa
3418 5837 3601 5882 mensa
