4080 6490
292 392 444 452 ηπ

295 512 480 566 tes-ﬂ
505 502 554 562 si
575 501 852 570 “stetisset
874 499 1022 557 diem
1041 495 1290 558 omnibus
1309 531 1329 562 .
1373 492 1573 556 faceret
1612 489 1886 550 abundare

297 614 522 678 peccata
551 602 620 658 de
665 600 972 658 securitate.
1025 595 1182 652 Dedit
1221 606 1350 663 ergo
1395 605 1543 660 spem
1587 588 1791 655 venite,
1823 600 1892 642 ne

299 675 645 767 desperanda
687 692 918 762 amplius
945 699 1155 760 pecces.
1210 687 1276 742 Et
1309 697 1469 755 spes,
1511 690 1566 740 et
1590 678 1891 750 desperatio
1942 675 1949 682 ’

299 788 543 850 timenda
583 793 672 841 est
715 785 772 839 in
813 782 1066 854 peccatis.
1119 779 1304 835 Videte
1347 789 1534 835 vocem
1559 772 1900 843 desperantis.

297 882 370 938 ad
413 877 656 950 augenda
691 883 944 947 peccata,
989 880 1046 928 et
1076 869 1252 926 videte
1291 883 1476 928 vacem
1521 866 1788 936 sperantis
1825 863 1896 924 ad

299 970 551 1042 angens
594 977 810 1041 peccata
834 1006 850 1033 ,
890 973 946 1021 et
987 962 1255 1033 quomodo
1280 960 1494 1030 utrique
1516 958 1633 1015 voci
1659 956 1896 1018 occurrit

299 1060 640 1135 {reddentia
677 1069 732 1114 et
755 1054 1120 1114 misericordia
1159 1053 1273 1110 Dei.
1330 1051 1469 1110 Audi
1492 1064 1678 1112 vocem
1702 1047 1896 1117 despe—

299 1155 526 1212 rantis:
563 1154 684 1209 ista
709 1192 725 1218 ,
767 1150 972 1221 inquit,
1017 1145 1350 1204 damnandus
1381 1159 1536 1209 stin;
1577 1157 1756 1214 quare.
1786 1156 1918 1203 non,

302 1245 446 1300 iacio
471 1243 728 1316 quidquid
761 1243 920 1298 solet
941 1240 1078 1296 Audi
1108 1247 1165 1295 et
1185 1253 1372 1294 vocem
1400 1236 1664 1307 sperantis
1696 1253 1711 1291 :
1739 1235 1897 1296 Nisa-

301 1335 543 1392 ricordia
571 1334 783 1390 Domini
811 1348 1004 1404 magna
1027 1341 1145 1398 est;
1193 1329 1410 1401 quando
1447 1343 1536 1385 me
1559 1337 1915 1394 convertere,

300 1428 546 1485 dimittet
575 1427 705 1485 mihi
729 1426 907 1482 omnia
937 1444 952 1480 :
981 1439 1147 1496 quare
1175 1437 1284 1479 non
1311 1422 1446 1477 iacio
1463 1419 1718 1492 quidquid
1735 1419 1896 1478 volo?

303 1522 608 1592 Despuat,
655 1529 715 1576 ut
753 1527 970 1590 peccet;
1016 1525 1232 1589 sperat,
1262 1523 1322 1572 ut
1345 1523 1552 1587 peccet.
1601 1512 1910 1582 Utrumque

302 1611 657 1668 metuendum
701 1618 818 1680 est,
869 1619 1158 1679 utrumque
1193 1607 1593 1679 periculmum;
1641 1620 1720 1662 vta
1745 1619 1778 1660 a
1806 1604 1901 1662 de-

304 1704 662 1776 speratioael
703 1718 786 1766 vae
827 1717 858 1757 a
898 1714 1146 1773 perversa
1175 1699 1307 1770 spei
1357 1698 1581 1768 Utrique
1608 1696 1734 1754 huic
1757 1695 1898 1766 peri—

302 1801 431 1856 culo
462 1809 520 1855 et
555 1799 770 1869 utrique
811 1797 956 1852 malo
983 1793 1250 1867 quomodo
1273 1793 1508 1848 occurrit
1533 1789 1900 1848 misericordia

307 1892 460 1946 Dei?
490 1891 628 1959 Quid
653 1890 787 1951 dicis
813 1896 890 1957 tu,
922 1889 1012 1959 qui
1037 1885 1372 1957 desperando
1398 1883 1613 1940 volebas
1638 1880 1900 1953 peccare?

304 1984 428 2042 iam
460 1983 791 2040 damnandus
809 1997 925 2038 sum
953 1998 968 2047 ;
999 1995 1164 2053 quare
1185 1995 1288 2035 non
1318 1978 1456 2033 facio
1481 1976 1739 2049 quidquid
1754 1975 1899 2032 volo.

307 2076 454 2134 Audi
483 2073 812 2146 Scriptorum
838 2090 852 2129 :
885 2073 1024 2128 Noto
1059 2079 1268 2127 mortem
1301 2071 1479 2141 impii,
1518 2077 1714 2125 tantum
1738 2077 1792 2124 ut
1814 2085 1901 2123 re-

311 2177 544 2222 vertetur
567 2178 614 2226 et
649 2168 798 2222 sient.
844 2166 956 2222 Hac
980 2179 1112 2220 voce
1157 2163 1250 2218 Dei
1289 2161 1560 2220 reducitur
1601 2162 1654 2216 in
1701 2175 1850 2231 spem
1883 2178 1898 2216 :

309 2261 410 2316 sed
440 2260 708 2316 timendus
737 2268 819 2316 est
845 2259 978 2314 alius
1025 2259 1245 2329 laqueus
1269 2296 1284 2322 ,
1326 2270 1394 2311 ne
1421 2257 1532 2326 ipsa
1558 2269 1653 2326 spe
1676 2254 1904 2325 amplius

311 2360 524 2423 peccet.
573 2351 710 2419 Quid
734 2363 865 2422 ergo
887 2359 942 2406 et
969 2359 1024 2405 tu
1050 2350 1266 2405 dicebas
1296 2389 1311 2415 ,
1342 2348 1433 2418 qui
1460 2361 1554 2417 spe
1579 2348 1748 2417 magis
1773 2362 1903 2417 pec-

313 2459 410 2500 cas
431 2446 457 2500 i
501 2445 728 2514 Quando
753 2455 840 2499 me
869 2451 1186 2498 convertere
1207 2483 1222 2507 ,
1268 2441 1448 2496 omnia
1486 2440 1614 2495 mihi
1648 2440 1787 2494 Deus
1815 2439 1902 2494 di-

313 2537 498 2592 mittet
524 2553 539 2602 ;
566 2536 755 2592 faciam
777 2535 1028 2607 quidquid
1056 2535 1198 2588 volo.
1227 2533 1364 2588 Audi
1393 2540 1447 2586 et
1471 2531 1902 2600 tuScripturam:

316 2626 406 2680 Ne
435 2627 601 2684 tardes
637 2628 852 2682 msera
875 2627 942 2680 ad
962 2626 1236 2680 Dominum
1259 2665 1274 2692 ,
1311 2640 1471 2694 neque
1496 2622 1708 2691 diﬁeras
1739 2623 1802 2676 de
1825 2624 1905 2676 die

315 2718 374 2771 in
395 2718 532 2776 diem
552 2733 571 2782 ;
595 2717 756 2774 abito
781 2719 912 2772 enim
937 2718 1094 2772 veniet
1120 2717 1197 2771 ira
1215 2717 1372 2782 iuius,
1403 2725 1451 2770 et
1470 2719 1523 2770 in
1547 2726 1770 2788 tempore
1795 2715 1905 2770 vin-

317 2808 476 2862 dicta;
498 2809 750 2879 dispudet
783 2819 831 2864 te
854 2809 1038 2880 (Eccli.
1065 2825 1097 2864 ν
1118 2851 1131 2872 ,
1161 2809 1195 2864 8
1214 2852 1229 2876 ,
1260 2807 1338 2880 9).
1387 2808 1506 2864 Noli
1525 2823 1654 2879 ergo
1679 2808 1858 2864 dicere
1887 2825 1901 2861 :

317 2897 460 2954 Cras
507 2913 596 2954 me
635 2909 968 2965 camertem,
1008 2915 1128 2956 cras
1171 2899 1280 2956 Deo
1325 2899 1579 2969 moecho;
1634 2907 1688 2954 et
1725 2899 1904 2954 omnia

317 2990 579 3046 hodierna
606 2999 663 3046 et
697 2991 947 3047 hesterna
974 2992 1315 3048 dimittuntur
1352 2992 1504 3048 mihi.
1548 2991 1747 3048 Verum
1783 2991 1903 3061 qui-

316 3081 446 3138 dem
475 3081 610 3137 dicis
629 3122 644 3150 ,
691 3083 812 3152 quia
843 3084 983 3138 Deus
1019 3083 1356 3139 conversioni
1388 3093 1491 3139 tute
1519 3082 1904 3152 indulgentiam

315 3174 609 3246 promisit;
664 3172 760 3230 sed
811 3173 1050 3230 dilationi
1106 3183 1209 3227 tusc
1263 3174 1401 3227 dicm
1453 3173 1743 3227 crastinum
1797 3187 1904 3226 non

318 3268 588 3341 promisit.

393 3359 484 3414 η.
516 3357 666 3433 [verm
697 3357 777 3432 αι
807 3358 990 3414 Suavis
1013 3357 1262 3413 Dominus
1289 3357 1536 3425 omnibus,
1561 3365 1608 3412 et
1635 3357 1907 3412 miseratio.

319 3467 412 3509 nes
440 3454 552 3524 ejus
597 3453 652 3507 in
681 3454 852 3506 omnia
890 3467 1046 3522 opera
1086 3453 1214 3523 ejus.
1269 3450 1446 3520 Quare
1484 3465 1610 3521 ergo
1650 3448 1908 3504 damnat?

319 3557 490 3616 quare
534 3543 796 3615 ﬂagellat?
843 3543 926 3598 An
954 3557 1089 3614 quos
1112 3542 1362 3608 damnat,
1400 3557 1468 3597 an
1493 3557 1630 3613 quos
1652 3541 1902 3613 ﬂagellat,

321 3653 433 3694 non
462 3647 587 3695 sunt
607 3651 770 3709 opera
797 3637 958 3708 ejus?
987 3637 1148 3693 Plane
1173 3653 1336 3708 opera
1365 3637 1500 3708 ejus.
1551 3637 1618 3696 Et
1636 3638 1718 3692 vis
1747 3642 1910 3696 nosse

321 3735 449 3803 quia
481 3746 631 3803 super
656 3733 824 3786 omnia
852 3745 1006 3802 opera
1044 3733 1151 3801 eius
1188 3731 1532 3785 miserationes
1571 3733 1683 3798 ejus
1703 3729 1729 3782 ?
1781 3727 1910 3784 inde

321 3833 410 3880 est
440 3824 526 3878 illa
563 3823 938 3894 longanimitas
970 3836 1073 3892 qua
1120 3822 1246 3877 facit
1277 3822 1446 3876 solem
1483 3834 1635 3876 suum
1665 3820 1796 3876 oriri
1820 3833 1911 3874 su.-

325 3931 428 3987 per
455 3916 624 3971 bonos
651 3923 706 3971 et
732 3915 902 3970 malos
928 3931 941 3966 :
967 3927 1146 3969 nonne
1173 3914 1515 3968 misertm'ones
1537 3914 1647 3984 ejus
1666 3913 1719 3967 in
1738 3912 1912 3966 omnia

327 4021 492 4080 opera
519 4009 628 4079 ejus
646 4047 659 4070 ,
689 4008 778 4077 qui
803 4007 936 4077 pluit
964 4017 1127 4076 super
1146 4006 1320 4076 justos
1345 4014 1398 4062 ct
1435 4005 1664 4076 injustos
1693 4005 1906 4076 (Matth.

325 4115 383 4167 ν,
414 4099 512 4169 45)
530 4099 557 4153 ?
585 4112 762 4154 nonne
785 4099 1131 4154 miserationes
1155 4101 1266 4170 ejus
1292 4099 1345 4154 in
1375 4101 1545 4153 omnia
1579 4115 1734 4171 opera
1758 4100 1866 4170 ejus
1888 4100 1914 4152 Ρ

328 4188 678 4258 Louganlmis
701 4197 974 4258 exspectat
1003 4197 1334 4259 peccatorem
1358 4229 1374 4255 ,
1403 4189 1608 4255 dicens,
1651 4189 1911 4244 Converti-

325 4279 462 4332 ικἱή
483 4279 554 4332 αι
578 4293 662 4333 me
680 4318 695 4345 ,
742 4287 788 4333 et
825 4289 1088 4336 conamur
1111 4279 1180 4333 ad
1201 4293 1289 4336 sos
1315 4293 1335 4333 :
1364 4293 1540 4337 nonne
1568 4280 1911 4334 miserationes

328 4371 442 4442 ejus
474 4370 527 4424 in
556 4372 726 4425 omnia
753 4384 907 4442 opera
932 4372 1042 4442 ejus
1062 4373 1088 4426 2
1113 4371 1181 4427 Et
1203 4385 1324 4427 eum
1349 4373 1479 4428 dicit
1498 4413 1513 4440 ,
1557 4371 1638 4427 Ite
1662 4371 1717 4426 in
1749 4374 1916 4443 ignem

328 4470 606 4529 trimum,
653 4462 741 4531 qui
779 4471 994 4532 parastis
1024 4473 1098 4517 est
1135 4462 1338 4518 diabolo
1360 4471 1408 4518 et
1434 4463 1630 4533 angelis
1661 4465 1772 4534 ejus
1799 4463 1906 4535 (id.

332 4567 467 4618 xxv,
497 4552 589 4622 st)
617 4569 631 4619 ;
660 4552 750 4607 ille
771 4565 877 4608 non
905 4551 1178 4610 miseratio
1202 4555 1339 4624 ejus,
1365 4553 1460 4609 sed
1494 4555 1749 4610 severitas
1777 4555 1912 4624 ejus.

331 4645 606 4702 Iliaci-stic
646 4647 763 4715 ejus
816 4646 1018 4701 reddita
1048 4655 1131 4702 est
1170 4647 1424 4716 operibus
1450 4647 1603 4716 ejus;
1657 4649 1917 4704 severitas

333 4736 452 4806 ejus
475 4744 559 4791 est
587 4749 696 4791 non
721 4737 773 4790 in
798 4749 963 4806 opera
990 4752 1084 4791 sua
1107 4733 1246 4802 ,_sed
1269 4738 1321 4791 in
1347 4750 1510 4807 Opera
1539 4746 1649 4794 tua.
1678 4738 1916 4810 Denique

333 4829 376 4883 si
402 4829 560 4884 telias
586 4842 748 4901 opera
773 4837 862 4884 tua
901 4829 1039 4885 mala
1062 4872 1076 4895 ,
1119 4838 1174 4884 et
1211 4844 1316 4884 non
1356 4831 1408 4884 in
1437 4838 1492 4885 te
1513 4842 1787 4886 remaneat
1815 4832 1918 4888 nisi

335 4935 470 4990 opus
497 4921 615 4990 ejus
641 4962 656 4986 ,
695 4935 802 4976 non
829 4930 882 4977 te
908 4921 1138 4976 dimittet
1168 4919 1443 4976 miseratio
1471 4921 1588 4992 ejus
1619 4940 1632 4976 :
1664 4922 1710 4977 si
1738 4931 1917 4980 autem

336 5019 394 5065 tu
413 5027 522 5067 non
543 5012 766 5067 dimittis
788 5025 950 5083 opera
980 5021 1090 5080 tua,
1119 5013 1221 5068 erit
1245 5012 1504 5069 severitas
1526 5014 1646 5084 ejus
1673 5015 1724 5068 in
1753 5028 1918 5085 opera

337 5110 422 5157 tua
443 5146 459 5171 ,
495 5121 600 5160 non
623 5105 677 5159 in
703 5120 863 5175 opera
890 5121 1006 5161 sua.

407 5198 496 5252 15.
557 5197 704 5280 [σεῖε.
749 5197 863 5272 10.]
904 5197 1252 5267 Conﬁteanlttr
1295 5197 1421 5265 tibi,
1460 5196 1718 5266 Domine,
1747 5199 1917 5255 omnia

337 5306 492 5362 Opera
519 5301 607 5346 tua
628 5331 644 5359 ,
677 5299 723 5346 et
748 5289 907 5346 sancti
933 5290 1004 5346 tui
1032 5291 1321 5346 benedicant
1346 5300 1411 5347 te.
1444 5290 1629 5350 Omnia
1654 5308 1807 5363 opera
1833 5303 1919 5350 tua

337 5384 673 5453 conﬁteantur
700 5382 806 5436 tibi.
833 5382 970 5452 Quid
995 5383 1180 5439 enim?
1207 5392 1348 5438 terra
1371 5397 1478 5438 neu
1502 5391 1586 5440 est
1607 5397 1740 5454 opus
1764 5384 1919 5454 ejus?

337 5475 478 5546 ligna
521 5490 630 5540 non
670 5483 793 5538 sunt
813 5490 974 5546 opera
1004 5475 1156 5546 ejus?
1193 5490 1384 5547 pecora
1404 5518 1420 5544 ,
1452 5475 1636 5532 bestia:
1658 5515 1673 5542 ,
1705 5475 1875 5548 pisces
1898 5519 1915 5546 ,

337 5567 577 5626 volatilia
619 5581 724 5628 non
765 5575 893 5631 sunt
932 5581 1094 5637 opera
1137 5565 1288 5636 ejus?
1331 5565 1495 5628 Plane
1533 5574 1586 5622 et
1623 5565 1737 5622 haec
1756 5581 1918 5644 opera

338 5657 472 5740 ejus.
503 5657 570 5714 Et
595 5657 862 5735 quomodo
882 5658 930 5713 ei
950 5657 1342 5714 conﬁtebuntur
1361 5668 1414 5713 et
1437 5657 1586 5714 haec?
1612 5658 1777 5714 Video
1795 5662 1915 5730 qui-

337 5746 462 5807 dem
484 5750 540 5810 in
568 5750 786 5821 Angelis
810 5749 1054 5814 conﬁteri
1079 5749 1153 5806 illi
1189 5765 1350 5822 opera
1375 5750 1524 5822 ejus;
1553 5752 1749 5810 etenim
1788 5767 1917 5826 ope-

337 5851 398 5898 ra
424 5842 541 5914 ejus
568 5852 692 5900 sunt
724 5843 912 5918 Angeli
941 5860 955 5902 :
990 5852 1043 5901 et
1074 5843 1319 5900 homines
1343 5858 1503 5915 opera
1530 5844 1646 5915 ejus
1671 5855 1830 5916 sunt;
1856 5859 1913 5906 et

1380 373 1776 435 ENARBATIO
1811 369 1881 428 lN
1917 369 2236 442 rsuqu
2274 372 2494 448 CXLIV.

3440 381 3582 452 {8‘18

2005 503 2126 551 cum
2153 489 2471 552 conﬁtentur
2497 491 2572 550 illi.
2596 491 2862 562 homines.
2883 508 3046 577 opera
3072 496 3186 568 eius
3213 497 3287 560 illi
3314 498 3578 560 confitens

2001 590 2088 644 tur
2116 602 2130 640 :
2157 584 2410 656 numquid
2441 585 2583 664 ligna
2604 596 2659 648 et
2686 588 2887 662 lapides
2926 605 3110 658 vocem
3137 590 3334 657 habent
3361 591 3576 648 confes-

1999 678 2208 733 sionis?
2251 679 2474 734 Prorsus
2521 680 2872 737 confiteantur
2917 684 2966 740 ei
3014 686 3192 740 omnia
3236 701 3399 757 opera
3441 685 3581 758 ejus.

1999 769 2136 840 Quid
2157 771 2320 830 dicis?
2345 773 2414 838 Et
2431 780 2576 838 terra
2593 781 2652 830 et
2666 774 2844 850 ligna?
2864 775 3055 844 Omnia
3068 792 3228 854 opera
3239 779 3377 849 ejus.
3393 778 3449 834 Si
3469 793 3585 842 Oili-

1999 859 2088 924 nia
2131 861 2383 930 laudant,
2412 877 2508 920 cur
2547 879 2658 940 non
2693 865 2872 932 omnia
2909 867 3270 936 conﬁtentur?
3303 870 3586 932 Confessio

1999 952 2144 1014 enim
2171 969 2276 1019 non
2305 965 2650 1028 peccatorum
2678 968 2880 1026 tantum
2907 960 3098 1028 dicitur
3117 1005 3133 1032 ,
3160 964 3256 1020 sed
3283 972 3336 1021 et
3364 965 3539 1024 laudis
3570 981 3587 1022 :

2001 1061 2074 1106 ne
2095 1046 2231 1116 forte
2257 1049 2572 1124 ubicumque
2600 1052 2797 1112 auditis
2817 1054 3227 1122 confessionem,
3257 1058 3456 1126 putetis
3474 1058 3588 1128 jam

2002 1153 2112 1200 non
2140 1153 2261 1208 esse
2288 1140 2390 1204 nisi
2413 1145 2638 1215 peccati.
2672 1145 2852 1218 Usque
2879 1147 3011 1204 adeo
3037 1148 3183 1206 enim
3207 1148 3307 1210 hoc
3335 1157 3580 1220 putatur,

2002 1241 2061 1292 ut
2095 1231 2306 1305 quando
2345 1237 2585 1302 senuerit
2618 1238 2686 1300 de
2714 1237 2910 1302 divinis
2938 1240 3162 1316 eloquiis
3189 1282 3205 1309 ,
3239 1241 3490 1298 continuo
3518 1243 3589 1306 sit

2003 1325 2332 1392 consuetudo
2373 1337 2586 1394 pectora
2627 1331 2868 1394 tundere.
2906 1333 3044 1398 Audi
3073 1332 3194 1404 quia
3225 1343 3306 1390 est
3335 1343 3388 1398 et
3416 1333 3590 1392 laudis

1983 1416 2287 1492 confessio.
2330 1416 2592 1490 Numquid
2622 1421 2874 1488 Dominus
2898 1423 3052 1480 Jcsus
3081 1422 3328 1492 Christus
3357 1423 3588 1486 habebat

2004 1509 2320 1585 peccatum?
2349 1508 2414 1568 Et
2439 1518 2613 1568 tamen
2636 1511 2708 1568 ait
2733 1529 2745 1566 :
2769 1511 3022 1585 Conﬁteor
3042 1516 3148 1578 tibi,
3170 1514 3346 1580 Pater,
3369 1513 3587 1578 Domine

2003 1599 2115 1665 ρυειὶ
2149 1608 2194 1656 et
2235 1609 2380 1656 terra:
2417 1599 2643 1672 (Matth.
2680 1619 2772 1670 ιι,
2801 1604 2930 1677 25).
2970 1605 3245 1674 Confessio
3274 1616 3508 1677 estergo
3533 1608 3588 1664 in

2004 1691 2180 1750 laude.
2222 1692 2458 1754 Proinde
2495 1693 2620 1765 quid
2651 1695 3013 1766 accipiendum
3039 1739 3056 1763 ,
3086 1697 3432 1768 Conﬁteantur
3461 1698 3588 1765 tibi,

2004 1782 2222 1840 Domine
2242 1827 2257 1854 ,
2302 1788 2472 1865 omnia
2504 1803 2657 1857 opera
2693 1789 2826 1854 tua?
2865 1788 3104 1854 Laudent
3138 1799 3189 1858 te
3217 1791 3393 1852 omnia
3423 1805 3588 1862 opera

2008 1885 2117 1934 tua.
2147 1878 2252 1936 Sed
2281 1880 2396 1935 talis
2422 1883 2652 1952 qumstio.
2667 1883 2807 1946 redit
2833 1883 2900 1950 ad
2925 1884 3132 1948 laudem
3153 1926 3167 1952 ,
3196 1885 3367 1958 qualis
3390 1894 3503 1941 erat
3529 1887 3588 1941 in

2008 1970 2366 2028 confessione.
2397 1973 2454 2028 Si
2477 1974 2618 2028 enim
2647 1983 2922 2046 propterea
2948 1975 3190 2032 conﬁteri
3215 1991 3318 2034 non
3341 1982 3592 2048 poterunt

2008 2072 2167 2154 terra,
2202 2067 2342 2136 ligna
2369 2075 2421 2123 et
2445 2083 2665 2139 quicque
2692 2068 2978 2134 insensata,
3005 2069 3130 2140 quia
3152 2083 3339 2125 vocem
3364 2083 3468 2124 non
3497 2067 3594 2124 ha-

2007 2156 2136 2214 bent
2159 2159 2478 2224 conﬁtendi;
2505 2160 2625 2214 ideo
2645 2174 2746 2216 nec
2768 2159 3054 2226 laudabunt
3077 2201 3090 2224 ,
3123 2160 3245 2232 quia
3273 2174 3457 2217 vocem
3482 2175 3592 2216 non

2008 2249 2211 2308 habent
2237 2252 2576 2322 prmdicandi.
2609 2253 2794 2310 Nonne
2815 2262 2994 2312 tamen
3017 2254 3192 2310 omnia
3218 2263 3325 2310 tres
3345 2254 3420 2308 illi
3442 2253 3594 2324 pueri

2009 2352 2361 2412 enumerant,
2403 2345 2804 2408 deambulantes
2852 2346 2992 2402 inter
3030 2345 3272 2404 ﬂammas
3313 2346 3592 2412 innoxiae;

2009 2436 2200 2506 quibus
2237 2437 2464 2506 spatium
2506 2446 2660 2504 erat,
2702 2453 2810 2496 non
2851 2439 3026 2500 solum
3063 2455 3169 2494 non
3196 2438 3416 2504 ardendi
3441 2481 3456 2505 ,
3496 2439 3594 2495 sed

2009 2527 2174 2584 etiam
2205 2527 2454 2588 laudandi
2481 2529 2690 2584 Deum?
2715 2527 2972 2586 Omnibus
3009 2529 3192 2595 dicunt
3219 2546 3250 2588 a
3285 2531 3592 2590 cmicstibus

2010 2632 2177 2688 usque
2205 2618 2269 2674 ad
2299 2629 2508 2687 terrena
2532 2639 2547 2670 :
2567 2619 2868 2687 Batradicite,
2893 2623 3134 2692 hymnum
3153 2621 3322 2690 dicite,
3343 2630 3391 2676 et
3414 2637 3594 2695 super-

2011 2710 2228 2764 exaltate
2252 2727 2363 2770 eum
2390 2712 2444 2766 in
2471 2714 2656 2770 saecula
2687 2712 2705 2785 (
2730 2713 2863 2772 Dan.
2893 2730 2972 2780 tu,
3001 2714 3101 2781 20,
3129 2714 3198 2772 90
3222 2716 3260 2785 ).
3292 2715 3435 2772 Ecce
3461 2731 3594 2787 quo.

2010 2801 2171 2858 modo
2197 2801 2377 2858 dicunt
2401 2804 2674 2875 hymnum.
2697 2805 2865 2862 Nemo
2893 2807 2993 2862 hoc
3018 2806 3231 2876 sentiat,
3255 2806 3397 2878 quod
3417 2814 3594 2864 mutus

2011 2893 2148 2963 lapis
2175 2902 2266 2956 aut
2301 2903 2502 2958 mutum
2541 2897 2740 2962 animal
2768 2897 2961 2956 habeat
2984 2884 3242 2964 rationem
3268 2899 3596 2972 intelligendi

2013 2987 2182 3052 Deum
2211 3007 2224 3044 :
2255 2990 2358 3052 hoc
2382 2991 2472 3062 qui
2503 3001 2858 3062 putaverunt,
2888 2994 3113 3060 multum
3141 3009 3172 3058 a
3200 2995 3424 3054 veritate
3442 2994 3598 3054 alter.

2011 3090 2289 3137 raverunt.
2322 3083 2466 3147 Deus
2489 3083 2752 3147 ordinavit
2775 3085 2977 3154 omnia,
3001 3092 3056 3147 et
3079 3083 3205 3148 fecit
3230 3084 3408 3148 omnia
3436 3101 3455 3142 :
3481 3085 3601 3156 qui-

2011 3170 2238 3228 busdam
2271 3173 2421 3239 dedit
2447 3189 2665 3234 sensum
2688 3216 2704 3240 ,
2735 3185 2789 3238 et
2817 3175 3139 3246 intellectum
3158 3216 3174 3242 ,
3203 3185 3256 3231 et
3286 3175 3600 3236 immortali-

2012 3272 2174 3319 tatem
2198 3304 2214 3331 ,
2259 3264 2398 3324 sicut
2439 3265 2694 3335 Angelis;
2734 3266 3050 3336 quibusdam
3099 3265 3244 3323 dedit
3287 3281 3502 3323 sensum
3543 3276 3598 3323 et

2013 3353 2341 3410 intellectum
2382 3368 2501 3416 cum
2545 3355 2902 3422 mortalitate,
2941 3355 3077 3416 sicut
3113 3355 3449 3424 hominibus;
3479 3357 3599 3428 quia

2013 3446 2238 3506 busdam
2264 3447 2412 3510 dedit
2438 3463 2652 3506 sensum
2683 3450 2958 3520 corporis,
2989 3464 3090 3514 nec
3116 3449 3462 3519 intellectum,
3496 3464 3599 3506 nec

2015 3539 2465 3606 immortalitatem
2512 3540 2697 3607 dedit,
2741 3543 2877 3602 sicut
2923 3541 3238 3613 pecoribus;
3283 3541 3601 3612 quibusdam

2014 3646 2144 3688 vero
2169 3647 2268 3688 nec
2295 3647 2512 3694 sensum
2536 3674 2551 3698 ,
2582 3647 2682 3694 nec
2709 3632 3035 3701 intoliectum
3055 3675 3070 3701 ,
3103 3647 3202 3688 nec
3226 3631 3600 3692 immortalita-

2015 3731 2146 3790 tem,
2177 3725 2316 3786 sicut
2338 3725 2535 3791 berbis,
2566 3725 2742 3795 lignis,
2772 3725 3034 3795 lapidibus
3064 3743 3078 3782 :
3110 3735 3283 3784 tamcn
3310 3735 3364 3781 et
3391 3725 3506 3796 ipsa
3543 3725 3599 3780 in

2015 3830 2210 3885 genere
2249 3830 2347 3876 suo
2381 3816 2568 3876 deesse
2599 3831 2705 3874 non
2732 3825 2953 3886 possunt
2973 3857 2990 3885 ,
3020 3825 3073 3874 et
3101 3815 3348 3887 gradibus
3383 3815 3600 3888 quibus-

2015 3905 2141 3966 dam
2179 3905 2443 3970 ordinavit
2480 3908 2496 3938 ¹
2523 3915 2842 3974 creaturam,
2873 3922 2902 3960 a
2934 3915 3074 3970 terra
3098 3921 3263 3977 usque
3285 3905 3352 3964 ad
3376 3907 3594 3972 coelum,

2016 4013 2048 4056 a
2076 3999 2379 4064 visibilibus
2405 3998 2472 4053 ad
2500 3998 2802 4066 invisibilia,
2834 4014 2867 4062 a
2897 3998 3206 4058 mortalibus
3232 3997 3298 4056 ad
3325 3998 3598 4056 immorta-

2017 4091 2108 4146 lia.
2141 4090 2246 4152 ista
2283 4091 2554 4154 contextio
2593 4099 2854 4154 creatum
2875 4132 2891 4157 ,
2920 4092 3020 4152 ista
3050 4091 3442 4154 ordinatissima
3481 4093 3601 4163 pul-

2017 4184 2281 4250 claritudo,
2314 4183 2382 4244 ab
2414 4185 2536 4244 imis
2561 4184 2630 4240 ad
2654 4200 2860 4246 summa
2888 4186 3254 4246 conscendens
3274 4228 3290 4256 ,
3322 4201 3351 4241 a
3377 4187 3600 4242 summis

2018 4277 2086 4334 ad
2117 4278 2223 4334 ima
2251 4277 2604 4345 descendens,
2633 4293 2894 4348 nusquam
2920 4279 3232 4350 interrupta,
3258 4280 3355 4336 sed
3375 4280 3604 4341 dissimi-

2016 4373 2158 4432 libus
2195 4382 2489 4443 temperata
2512 4414 2529 4441 ,
2563 4382 2672 4435 tota
2705 4373 2884 4436 laudat
2912 4374 3101 4438 Deum.
3131 4374 3304 4443 Quare
3338 4390 3467 4445 ergo
3493 4383 3602 4433 tota

2019 4466 2201 4522 laudat
2226 4465 2437 4526 Deum?
2464 4466 2598 4534 Quia
2624 4481 2746 4530 eum
2771 4481 2890 4530 eam
2915 4465 3222 4532 consideras
3249 4475 3303 4522 et
3329 4465 3601 4537 pulchram

2020 4557 2190 4622 vides,
2225 4565 2280 4618 tu
2299 4558 2356 4622 in
2385 4557 2473 4612 illa
2502 4557 2686 4621 laudas
2711 4557 2898 4622 Deum,
2928 4556 3045 4622 Yon
3070 4557 3316 4628 qunadam
3337 4565 3419 4614 est
3443 4565 3605 4616 mutae

2021 4657 2178 4706 terra:
2195 4691 2209 4714 ,
2239 4649 2444 4718 species
2473 4655 2652 4710 terrae.
2679 4647 2926 4710 Attendis
2953 4656 3009 4712 et
3030 4647 3180 4712 vides
3207 4647 3323 4721 ejus
3347 4647 3601 4718 speciem,

2020 4739 2171 4796 vides
2206 4739 2320 4809 ejus
2359 4737 2734 4802 fecunditatem
2759 4781 2776 4811 ,
2810 4737 2959 4804 vides
2985 4741 3102 4809 ejus
3130 4739 3272 4802 vires
3294 4780 3309 4808 ,
3338 4738 3604 4810 quomodo

2021 4831 2285 4900 concipiat
2327 4845 2513 4890 semen
2534 4870 2550 4894 ,
2581 4829 2846 4900 quomodo
2891 4831 3201 4902 plerumque
3238 4830 3423 4888 atl‘erat
3458 4831 3602 4902 quod

2021 4938 2128 4979 non
2155 4933 2238 4985 est
2262 4923 2581 4984 seminatum
2608 4923 2814 4990 :vides,
2843 4933 2897 4978 et
2918 4923 3343 4988 consideratione
3371 4932 3455 4978 tua
3483 4931 3601 4978 tan-

2021 5030 2180 5090 quam
2213 5016 2509 5085 interrogas
2547 5029 2704 5079 eam;
2737 5023 2791 5077 et
2819 5015 2932 5084 ipsa
2962 5013 3231 5085 inquisitio
3260 5014 3604 5085 interrogatio

2021 5117 2124 5166 est.
2154 5107 2286 5166 Cum
2310 5116 2485 5167 autem
2512 5106 2816 5178 inquisieris
2840 5105 3131 5174 admirans.
3161 5115 3215 5168 et
3240 5117 3600 5177 perscrutatus

2023 5202 2206 5270 fueris,
2230 5210 2282 5258 et
2302 5217 2543 5272 magnam
2563 5202 2692 5268 vim,
2716 5215 2961 5270 magnam
2981 5199 3448 5270 pulchritudinem,
3475 5217 3599 5271 prac-

2021 5297 2326 5368 oiaramque
2352 5296 2604 5358 virtutem
2630 5294 2928 5360 inveneris,
2963 5295 3212 5365 quoniam
3237 5294 3376 5366 apud
3408 5310 3468 5351 se
3492 5303 3545 5348 et
3568 5309 3599 5349 a

2022 5405 2083 5452 se
2123 5389 2321 5444 habere
2359 5387 2497 5442 hanc
2532 5387 2782 5444 virtutem
2821 5401 2934 5446 non
2973 5394 3189 5455 posset;
3226 5387 3478 5448 continuo
3508 5385 3601 5441 tibi

2022 5481 2169 5536 venit
2196 5479 2249 5534 in
2278 5487 2511 5534 mentem
2537 5519 2552 5543 ,
2584 5477 2705 5547 quia
2733 5491 2840 5538 non
2869 5475 3040 5547 potuit
3063 5491 3094 5534 a
3127 5491 3186 5534 se
3211 5491 3332 5540 esse
3356 5516 3371 5542 ,
3406 5475 3505 5532 nisi
3533 5477 3602 5532 ab

2024 5573 2116 5628 illo
2144 5571 2421 5627 Creatore.
2453 5569 2518 5624 Et
2543 5569 2645 5628 hoc
2668 5569 2810 5641 quod
2847 5569 2902 5624 in
2931 5583 2994 5625 ea
3035 5567 3276 5628 invenisti
3300 5608 3316 5633 ,
3345 5581 3444 5622 vox
3469 5581 3600 5624 con-

2025 5663 2272 5719 fessionis
2294 5661 2464 5732 ipsius
2490 5669 2592 5727 est,
2623 5669 2679 5724 ut
2705 5660 2891 5719 laudes
2913 5659 3240 5722 Creatorem.
3267 5657 3456 5726 Nonne
3473 5672 3600 5722 con-

2021 5799 2122 5907 m's
2343 5800 2395 5845 ct
2413 5800 2523 5847 nov.
2549 5793 2749 5857 addunt,
2776 5799 2823 5847 et
2853 5793 3039 5846 ornavit
3059 5803 3080 5846 :
3101 5792 3231 5860 quod
3266 5803 3297 5846 a
3325 5794 3522 5847 auaris
3545 5790 3599 5842 lin
