4038 6458
501 373 641 433 1879

495 489 731 548 siderata
754 490 997 547 universa
1018 485 1409 559 pulchritudine
1420 484 1602 542 mundi
1626 485 1802 558 hujus,
1830 494 2079 554 tanquam

495 599 605 640 una
635 601 765 641 voce
792 584 885 641 tibi
909 582 1112 655 species
1137 582 1252 654 ipsa
1274 581 1560 654 respondet
1584 598 1597 636 :
1620 579 1736 637 Non
1768 594 1854 636 me
1880 592 1980 650 ego
2003 578 2082 635 fe-

499 677 569 743 ci,
602 678 697 733 sed
724 675 907 732 Deus?

570 768 657 822 14.
690 765 837 840 [uers.
853 764 965 839 ll.]
992 766 1153 837 Ergo,
1167 765 1508 837 Conﬁteantur
1526 764 1634 835 tibi,
1653 762 1888 827 Domine,
1912 762 2082 819 omnia

495 874 653 929 opera
678 866 791 924 tua,
825 867 871 912 et
900 858 1063 913 sancti
1089 859 1163 913 tui
1191 857 1479 913 benedicant
1497 867 1563 913 te.
1587 856 1656 914 Ut
1675 857 1728 911 in
1748 856 2081 913 confessione

494 962 718 1017 operum
746 958 957 1005 tuorum
978 951 1145 1005 sancti
1167 950 1242 1005 tui
1263 959 1313 1005 te
1335 949 1669 1015 benedicant,
1694 950 1792 1019 ipsi
1814 949 1980 1005 sancti
2002 948 2077 1002 tui

492 1040 778 1111 inspiciant
816 1052 1113 1097 creaturam
1158 1042 1517 1098 conﬁtentem.
1551 1042 1617 1097 Et
1646 1041 1854 1097 illorum
1891 1057 2075 1098 vocem

492 1131 617 1187 audi
647 1133 1075 1189 benedicentem.
1098 1134 1307 1190 Etenim
1327 1149 1448 1191 cum
1472 1134 1640 1189 sancti
1662 1134 1735 1189 tui
1758 1133 2079 1189 benedicunt

491 1234 569 1293 te,
600 1226 726 1298 quid
753 1227 972 1283 dicunt?
1000 1227 1229 1283 Gloriam
1255 1229 1397 1301 regni
1424 1228 1497 1283 tui
1520 1228 1704 1293 dicent,
1732 1236 1779 1282 et
1809 1228 2077 1299 potentiam

495 1328 634 1373 tuam
657 1319 939 1391 loquentur.
968 1320 1136 1388 Quam
1164 1329 1354 1392 potens
1384 1322 1541 1388 Deus,
1572 1322 1661 1392 qui
1693 1320 1817 1376 fecit
1842 1320 2073 1376 terram!

498 1425 657 1482 quam
687 1421 876 1482 potens
906 1413 1065 1479 Deus,
1099 1414 1188 1485 qui
1218 1414 1454 1485 implevit
1475 1424 1671 1469 terram
1700 1412 1886 1468 bonis!
1918 1426 2074 1483 quam
2112 1459 2117 1464 .

496 1513 690 1574 potens
713 1506 871 1572 Deus,
895 1506 985 1576 qui
1007 1507 1155 1562 dedit
1175 1507 1308 1562 vitas
1328 1521 1452 1563 suas
1472 1507 1713 1577 proprias
1731 1506 2070 1561 animalibus!

492 1610 651 1665 quam
679 1607 871 1669 potens
897 1598 1040 1654 Deus
1057 1640 1070 1665 ,
1101 1598 1192 1669 qui
1222 1600 1425 1655 semina
1450 1599 1656 1654 diversa
1684 1598 1828 1655 dedit
1853 1598 2074 1653 visceri-

495 1688 598 1743 bus
640 1698 793 1746 terrre
814 1732 827 1755 ,
874 1700 931 1745 ut
964 1694 1324 1763 geminarent
1363 1700 1559 1747 tantam
1587 1693 1893 1747 varietatem
1920 1691 2073 1747 fruti-

492 1792 615 1836 cum
636 1822 652 1848 ,
684 1790 884 1837 tantam
914 1785 1149 1853 speciem
1179 1783 1427 1839 arborum
1453 1785 1466 1838 !
1494 1799 1653 1855 quam
1681 1793 1867 1853 potens
1897 1784 2035 1839 Deus
2054 1826 2070 1852 ,

492 1886 654 1943 quam
693 1888 917 1943 magnus
946 1874 1118 1930 Deus!
1146 1873 1228 1931 Tu
1254 1875 1519 1945 interroga
1543 1917 1558 1940 ,
1585 1884 1822 1930 creatura
1852 1890 2074 1944 respon-

494 1962 615 2030 det;
635 1965 773 2020 etde
793 1967 1158 2037 responsione,
1180 1976 1424 2038 tanquam
1444 1969 1775 2023 confessione
1795 1976 2070 2034 creaturae,

492 2060 574 2122 tu,
601 2066 781 2112 sancte
801 2057 913 2124 Dei,
936 2058 1206 2114 benedicis
1226 2058 1414 2123 Deum,
1436 2069 1490 2114 et
1510 2060 1796 2129 potentiam
1820 2059 2069 2129 loqueris.

572 2147 657 2201 15.
700 2147 848 2218 [vers.
878 2147 992 2221 12.]
1037 2148 1103 2205 Ut
1129 2159 1299 2204 notam
1328 2150 1518 2222 faciant
1545 2150 1665 2219 ﬁliis
1690 2150 1944 2204 hominum
1978 2168 2073 2221 po-

495 2239 701 2291 tentiam
723 2247 880 2304 tuam,
905 2249 953 2294 et
974 2240 1187 2311 gloriam
1207 2240 1568 2313 magnitudinis
1593 2240 1785 2295 decoris
1809 2242 1950 2311 regni
1976 2242 2069 2295 tui.

475 2324 671 2382 -Sancti
707 2343 834 2399 ergo
858 2330 929 2384 tui
951 2330 1326 2385 commendant
1344 2330 1564 2402 gloriam
1587 2331 1960 2401 magnitudinis
1980 2330 2074 2385 de-

493 2419 636 2472 coris
658 2419 805 2489 regni
829 2420 899 2473 tui
917 2437 931 2485 ;
948 2420 1321 2492 magnitudinis
1339 2421 1546 2477 decoris
1564 2422 1806 2492 gloriam.
1828 2421 1922 2477 Est
1936 2438 2073 2493 quaa-

494 2509 618 2565 dam
658 2512 967 2582 magnitudo
1006 2512 1213 2570 decoris
1252 2515 1398 2586 regni
1429 2515 1537 2579 tui;
1567 2514 1669 2570 hoc
1696 2524 1777 2571 est
1799 2557 1812 2581 ,
1850 2531 2070 2587 regnum

494 2609 642 2656 tuum
667 2602 825 2659 habet
854 2604 1098 2660 decorem
1122 2647 1138 2672 ,
1165 2614 1219 2663 et
1245 2621 1492 2678 maguum
1519 2605 1786 2662 decorem.
1816 2607 2069 2676 Quando-

492 2694 706 2763 quidem
730 2698 984 2769 quidquid
1007 2700 1166 2755 habet
1187 2700 1455 2768 decorem,
1478 2716 1509 2756 a
1532 2710 1582 2756 te
1603 2701 1760 2755 habet
1780 2701 2026 2757 decorem
2051 2719 2066 2769 ;

493 2786 668 2856 ipsum
697 2805 918 2859 regnum
943 2800 1088 2845 tuum
1116 2792 1326 2862 qualem
1346 2790 1593 2847 decorem
1622 2791 1809 2847 habet!
1833 2790 1947 2847 Non
1973 2807 2071 2848 nos

492 2885 692 2935 terreat
730 2896 985 2951 regnum,
1028 2881 1186 2937 habet
1226 2891 1281 2938 et
1318 2883 1562 2938 decorem
1591 2900 1697 2953 quo
1723 2884 2067 2940 delectemur.

494 2968 708 3024 Etenim
734 2972 887 3040 quale
911 2971 1037 3025 illud
1061 2972 1223 3027 decus
1247 2981 1330 3028 est
1355 2987 1461 3043 quo
1494 2974 1831 3043 perfruentur
1859 2976 2026 3029 sancti
2050 3016 2068 3043 ,

495 3060 688 3140 quibus
704 3060 926 3129 dicetur,
958 3060 1148 3129 Venite,
1169 3063 1409 3118 benedicti
1423 3062 1593 3118 Patris
1608 3066 1723 3129 mei,
1748 3068 1983 3136 percipile
2001 3083 2072 3121 re-

494 3169 650 3222 gnum
666 3151 879 3225 (Matth.
904 3170 1025 3221 xxv,
1050 3156 1173 3227 διν
1197 3155 1347 3212 Unde
1370 3156 1555 3212 ibunt?
1574 3158 1689 3227 Quo
1710 3159 1893 3214 ibunt?
1910 3159 2071 3218 Vide-

490 3252 549 3297 te
574 3284 588 3309 ,
617 3243 835 3311 fratres;
859 3256 913 3300 et
931 3246 973 3300 si
998 3248 1237 3317 potestis,
1283 3259 1534 3319 quantum
1559 3252 1806 3319 potestis,
1843 3253 2070 3324 cogitate

494 3333 741 3390 decorem
761 3337 907 3406 regni
927 3337 1064 3391 illius
1080 3338 1219 3408 quod
1230 3348 1506 3396 venturum
1519 3349 1601 3396 est
1614 3358 1629 3407 ;
1651 3342 1787 3397 unde
1801 3352 1881 3398 est
1896 3345 1945 3398 in
1958 3359 2070 3397 ora-

495 3428 641 3484 tione
662 3438 863 3497 nostra,
886 3431 1129 3485 Adveniat
1146 3449 1354 3504 regnum
1374 3443 1512 3485 tuum
1534 3432 1641 3502 (Id.
1663 3451 1734 3499 v1,
1757 3434 1868 3507 10).
1893 3434 2068 3505 [psunt

495 3518 640 3573 enim
676 3535 894 3590 regnum
924 3531 1166 3591 optamus
1196 3531 1249 3577 ut
1276 3524 1477 3589 veniat;
1502 3524 1600 3580 hoc
1630 3541 1848 3595 regnum
1878 3537 2068 3582 ventu-

492 3624 613 3663 rum
651 3611 817 3664 sancti
858 3610 1163 3679 prtcdieant.
1195 3612 1445 3667 Mundum
1472 3614 1627 3668 istum
1655 3615 1942 3682 attendite;
1973 3616 2069 3671 de-

491 3716 673 3756 corem
700 3701 877 3757 habet.
913 3702 1079 3771 Quem
1108 3702 1354 3759 decorem
1383 3704 1541 3762 habet
1566 3714 1727 3773 terra,
1757 3722 1922 3773 mare,
1954 3724 2067 3777 aer,

493 3796 711 3861 cmlum,
742 3796 947 3852 sidera!
974 3797 1159 3852 Omnia
1184 3796 1299 3852 haec
1328 3813 1504 3854 nonne
1532 3814 1740 3855 omnem
1765 3800 2072 3856 considera-

492 3898 666 3943 torem
700 3890 939 3944 terrent?
962 3888 1149 3945 Nonne
1175 3889 1509 3961 pulchritudo
1535 3892 1645 3961 ipsa
1666 3890 1743 3945 sic
1766 3893 1984 3958 eminet,
2015 3905 2073 3949 ut

490 3983 644 4052 quasi
668 3983 939 4053 pulchrius
967 3982 1097 4037 nihil
1126 3981 1348 4038 inveniri
1382 3984 1583 4052 possit?
1613 3983 1679 4038 Et
1703 3984 1789 4039 hic
1812 3985 1995 4040 vivunt
2018 3987 2068 4041 in

492 4074 597 4130 isto
620 4076 835 4143 decore,
866 4078 917 4131 in
944 4078 1043 4131 ista
1070 4076 1459 4145 pulchritudine
1480 4092 1641 4148 prope
1661 4077 1769 4147 jam
1795 4078 2067 4149 ineffabili,

490 4167 582 4223 hic
610 4168 794 4221 vivunt
820 4176 989 4221 tecum
1017 4176 1070 4221 et
1096 4166 1365 4222 vermiculi
1394 4176 1447 4222 et
1468 4183 1665 4234 mures,
1690 4178 1743 4223 et
1761 4171 1935 4224 omnia
1959 4178 2069 4227 ter-

493 4274 570 4313 ra:
597 4259 868 4330 repentia;
900 4258 998 4313 ista
1030 4268 1201 4312 tecum
1233 4258 1419 4313 vivunt
1446 4259 1497 4313 in
1523 4258 1714 4314 decore
1752 4259 1875 4315 isto.
1906 4262 2071 4329 Quale

490 4349 656 4405 decus
685 4359 764 4404 cst
795 4349 936 4403 illius
962 4350 1133 4420 regni,
1164 4349 1250 4404 ubi
1281 4357 1456 4405 tecum
1487 4364 1590 4405 non
1618 4350 1799 4406 vivunt
1827 4351 1926 4407 nisi
1955 4352 2068 4408 An-

494 4444 638 4513 geli?
665 4443 788 4499 Ideo
818 4459 1000 4515 parum
1028 4443 1123 4499 fuit
1147 4455 1206 4499 ut
1232 4443 1434 4499 diceret
1458 4443 1679 4515 gloriam
1709 4444 1937 4500 decoris.
1970 4445 2069 4499 Po-

493 4535 596 4588 tuit
620 4535 761 4589 enim
784 4535 886 4589 dici
909 4543 963 4590 et
981 4535 1146 4605 gloria
1166 4534 1376 4590 decoris
1394 4535 1676 4605 cujuslibet
1695 4536 1887 4605 speciei
1910 4536 2067 4591 etiam

492 4626 547 4680 in
576 4626 677 4679 hoc
704 4625 899 4680 mundo
926 4625 1223 4679 constitutae
1244 4666 1258 4690 ,
1288 4626 1371 4681 vel
1398 4625 1464 4680 de
1491 4634 1631 4681 terra
1659 4625 1877 4681 virentis
1903 4628 1918 4658 ¹
1944 4668 1958 4691 ,
1986 4627 2068 4680 vel

492 4717 561 4772 de
588 4718 725 4774 caelo
754 4716 1000 4788 fulgentis
1027 4733 1041 4770 :
1072 4715 1167 4771 sed
1191 4716 1554 4787 magnitudinis
1579 4716 1771 4772 decoris
1795 4718 1935 4787 regni
1957 4718 2063 4783 tui,

492 4811 689 4882 aliquid
712 4810 1050 4866 commendat
1071 4809 1211 4879 quod
1233 4808 1466 4864 nondum
1490 4809 1750 4875 videmus,
1775 4810 1915 4879 quod
1938 4825 2071 4866 non-

491 4902 618 4957 dum
658 4902 829 4958 visum
864 4901 1162 4965 credimus,
1197 4900 1337 4971 quod
1371 4902 1629 4956 creditum
1667 4902 2066 4972 desideramus,

490 5002 710 5063 propter
737 4993 885 5062 cujus
912 4992 1235 5049 desiderium
1263 4993 1440 5047 omnia
1460 4994 1800 5050 sustinemus.
1824 4995 1919 5051 Est
1942 5013 2069 5067 ergo

492 5085 800 5156 magnitudo
819 5084 1028 5140 decoris
1046 5084 1318 5155 cujusdam
1340 5102 1352 5138 :
1372 5092 1578 5140 ametur
1591 5095 1872 5158 antequam
1892 5088 2069 5144 videa-

490 5184 599 5242 tur,
630 5182 689 5229 ut
713 5189 833 5230 cum
858 5175 971 5229 visa
998 5174 1153 5230 fuerit
1175 5185 1433 5230 teneatur.

563 5267 650 5322 16.
693 5265 845 5339 [oers.
889 5265 1002 5338 15.]
1042 5267 1269 5338 Regnum
1296 5276 1457 5321 tuum.
1483 5266 1636 5335 Quod
1659 5283 1876 5339 regnum
1906 5271 2069 5327 dico?

489 5360 723 5431 Regnum
766 5360 991 5414 omnium
1032 5360 1351 5413 surculorum.
1392 5359 1523 5414 Nam
1559 5368 1614 5415 et
1652 5375 1870 5431 regnum
1912 5362 2067 5433 hujus

454 5466 457 5469 '
487 5451 670 5506 saeculi
711 5451 871 5506 habet
890 5450 1150 5505 decorem
1178 5463 1329 5504 suum
1351 5466 1371 5515 ;
1400 5451 1493 5505 sed
1523 5466 1626 5506 non
1657 5461 1736 5506 est
1761 5451 1831 5507 ibi
1859 5456 2063 5523 magni-

491 5540 619 5594 tudo
650 5541 736 5595 illa
765 5541 993 5605 decoris,
1016 5540 1183 5610 qualis
1209 5548 1291 5595 est
1318 5542 1368 5594 in
1396 5556 1560 5611 regno
1585 5541 1820 5597 omnium
1845 5545 2067 5599 saeculo-

486 5645 630 5686 rum.
661 5631 726 5685 Et
750 5632 1023 5686 dominatio
1048 5641 1132 5685 tua
1151 5632 1204 5685 in
1227 5633 1364 5685 omni
1383 5633 1697 5704 generatione
1717 5644 1764 5688 et
1790 5637 2066 5704 generatio-

488 5737 572 5781 ne.
605 5720 731 5776 llaec
768 5729 851 5776 est
886 5724 972 5776 illa
1002 5723 1245 5792 repetitio
1268 5765 1282 5788 ,
1314 5724 1398 5779 vel
1426 5740 1638 5779 omnem
1668 5728 2064 5795 generationem

549 5834 572 5870 ⁸
601 5840 736 5892 ιον..
760 5833 952 5885 υιυεηιίο
977 5846 994 5885 :
1016 5833 1418 5885 dissentientibus
1432 5829 1546 5873 ωλι
1567 5833 1679 5879 aliis
1700 5846 1753 5883 et
1773 5844 1877 5888 Mss.

1734 368 1792 426 S.
1831 362 2193 427 AUGUSTI!“
2224 367 2525 426 EPISCOPI

2187 482 2509 553 signiﬁcans,
2533 483 2615 540 vel
2638 485 3032 555 generationem
3057 487 3199 543 illam
3223 504 3341 560 quae
3358 492 3462 548 erit
3480 502 3601 563 post
3624 492 3760 551 hanc

2185 577 2602 645 generationem.

2256 668 2344 722 17.
2386 667 2580 724 Fidelis
2604 668 2852 725 Dominus
2875 670 2928 726 in
2950 672 3108 727 verbis
3134 674 3254 739 suis,
3284 683 3331 729 et
3349 685 3550 731 sanctus
3571 678 3627 732 in
3646 695 3756 733 om-

2185 758 2330 816 nibus
2346 761 2579 831 operibus
2597 761 2721 816 suis.
2746 760 2940 817 Fidelis
2958 762 3207 819 Dominus
3224 766 3279 819 in
3298 766 3457 821 uerbis
3474 769 3580 823 suis
3600 785 3619 824 :
3633 771 3759 840 quid

2185 852 2327 907 enim
2355 854 2613 924 promisit,
2644 863 2698 908 et
2719 869 2821 908 non
2842 854 3024 911 dedit?
3048 856 3242 912 Fidelis
3262 857 3509 916 Dominus
3527 864 3581 915 in
3601 864 3760 921 verbis

2182 936 2305 997 suis.
2349 943 2535 999 Adhuc
2569 945 2809 1014 quaedam
2837 947 3077 1015 promisit
3103 957 3157 1003 et
3182 962 3287 1003 non
3315 949 3493 1016 dedit;
3520 952 3616 1007 sed
3640 968 3757 1009 cre-

2183 1033 2339 1090 datur
2364 1035 2437 1090 illi
2474 1050 2538 1090 ex
2571 1035 2655 1092 his
2682 1052 2801 1106 quae
2830 1037 2995 1092 dedit.
3024 1036 3216 1094 Fidelis
3243 1039 3493 1095 Dominus
3520 1043 3575 1097 in
3597 1046 3757 1099 verbis

2182 1130 2304 1183 suis.
2338 1128 2623 1185 Possemus
2650 1129 2724 1184 illi
2751 1130 2973 1187 credere
3000 1133 3363 1188 tantummodo
3390 1134 3589 1191 dicenti
3619 1153 3634 1189 :
3658 1152 3757 1191 no-

2181 1217 2279 1273 luit
2320 1218 2419 1275 sibi
2457 1220 2603 1275 credi
2643 1221 2841 1277 dicenti
2868 1261 2883 1287 ,
2915 1222 3008 1277 sed
3038 1223 3204 1278 voluit
3233 1226 3401 1281 teneri
3427 1225 3754 1297 Scripturam

2180 1323 2365 1376 suam;
2393 1311 2660 1383 quomodo
2686 1314 2729 1367 si
2754 1313 2963 1369 diceres
2986 1314 3143 1369 alicui
3170 1316 3391 1383 homini,
3413 1332 3535 1372 cum
3558 1319 3754 1389 aliquid

2181 1402 2534 1472 promitteres,
2559 1402 2672 1458 Non
2694 1403 2820 1458 mihi
2841 1404 3037 1471 credis,
3060 1420 3187 1461 ecce
3207 1408 3383 1462 scribo
3406 1408 3519 1463 tibi.
3546 1410 3751 1466 Etenim

2181 1494 2302 1563 quia
2330 1496 2608 1566 generatio
2635 1495 2795 1565 vadit,
2826 1504 2879 1551 et
2904 1498 3179 1567 generatio
3204 1498 3367 1562 venit,
3396 1508 3452 1555 et
3476 1500 3555 1555 sic
3582 1511 3753 1557 trans-

2178 1595 2401 1642 currunt
2430 1586 2529 1641 ista
2546 1588 2736 1642 stecula
2763 1586 3069 1643 cedentibus
3083 1589 3591 1664 succedentibusque
3613 1609 3753 1649 mor-

2179 1679 2408 1747 talibus;
2455 1679 2726 1750 Scriptura
2760 1681 2849 1736 Dci
2887 1696 3100 1738 manere
3136 1682 3357 1754 debuit,
3391 1694 3446 1740 et
3483 1688 3748 1757 quoddam

2177 1770 2586 1843 chirographum
2610 1773 2726 1838 Dei,
2758 1772 2899 1843 quod
2922 1787 3107 1829 omnes
3136 1781 3471 1831 transeuntes
3493 1777 3747 1855 legerent,

2179 1871 2233 1917 et
2260 1863 2399 1918 viam
2437 1864 2453 1895 ί
2482 1863 2847 1932 promissionis
2877 1864 2993 1934 ejus
3023 1873 3282 1920 tenerent.
3312 1866 3379 1922 Et
3405 1879 3603 1938 quanta
3630 1884 3751 1928 sunt

2176 1967 2297 2022 qua:
2322 1952 2552 2008 reddidit
2584 1968 2647 2008 ex
2687 1954 2789 2008 isto
2812 1953 3200 2025 chirographo?
3230 1957 3479 2013 Dubitant
3506 1960 3748 2019 homines

2177 2044 2399 2100 credere
2428 2046 2505 2099 illi
2534 2044 2601 2100 de
2626 2046 3015 2102 resurrectione
3044 2058 3372 2105 mortuorum
3401 2059 3455 2107 et
3479 2052 3548 2108 de
3572 2053 3748 2111 futuro

2177 2134 2391 2200 saeculo,
2419 2134 2559 2204 quod
2587 2135 2757 2190 solum
2778 2136 2887 2205 jam
2917 2134 3241 2195 reddendum
3271 2150 3468 2207 restat;
3496 2145 3707 2213 quando
3728 2188 3743 2212 ,

2175 2226 2222 2281 si
2246 2226 2403 2283 faciat
2433 2227 2691 2282 rationem
2717 2242 2836 2282 cum
2869 2229 3187 2294 inﬁdelibus,
3216 2234 3535 2289 erubescunt
3562 2236 3745 2294 inﬁde-

2177 2316 2297 2371 les?
2326 2315 2383 2372 Si
2408 2316 2550 2372 dicat
2570 2316 2662 2372 tibi
2695 2318 2832 2373 Deus
2862 2336 2874 2373 :
2903 2318 3323 2390 Chirographnnt
3352 2339 3527 2380 meum
3555 2336 3742 2395 tenes;

2170 2408 2426 2479 judicium
2456 2410 2690 2479 promisi,
2720 2410 3126 2481 diremptionem
3156 2418 3176 2447 '
3207 2416 3463 2473 bonorum
3491 2428 3547 2474 et
3577 2422 3743 2478 malo-

2174 2514 2290 2555 rum
2314 2541 2328 2565 ,
2365 2514 2580 2570 regnum
2606 2502 2983 2570 sempiternum
3006 2503 3279 2571 fidelibus,
3308 2515 3361 2562 et
3390 2523 3494 2564 non
3528 2511 3611 2566 vis
3635 2528 3743 2569 cre-

2174 2596 2335 2653 dere?
2356 2596 2429 2652 lbi
2452 2596 2505 2651 in
2524 2596 2876 2667 chirographo
2896 2612 3016 2653 meo
3038 2598 3151 2670 lege
3170 2601 3345 2658 omnia
3364 2619 3484 2673 quae
3503 2608 3743 2677 promisi,

2173 2688 2346 2744 deduc
2374 2705 2580 2745 mecum
2612 2691 2871 2745 rationem
2909 2707 2922 2744 :
2961 2702 3104 2747 certe
3134 2694 3217 2750 vel
3245 2698 3604 2766 computando
3630 2715 3744 2769 quae

2172 2780 2377 2836 reddidi
2403 2823 2419 2849 ,
2450 2790 2603 2853 potes
2628 2796 2712 2836 me
2736 2783 2957 2840 credere
2984 2784 3309 2842 redditurum
3340 2804 3459 2846 esse
3486 2792 3628 2861 quod
3649 2792 3743 2848 de-

2174 2870 2295 2926 beo.
2324 2871 2378 2926 ln
2420 2873 2535 2942 ipso
2558 2871 2914 2944 chirographo
2957 2875 3122 2932 habes
3167 2880 3485 2947 promissum
3535 2883 3739 2938 unicum

2172 2960 2385 3028 Filium,
2401 2962 2487 3019 cui
2516 2980 2618 3018 non
2644 2966 2874 3035 peperci,
2902 2966 2993 3021 sed
3022 2983 3116 3036 pro
3139 2968 3286 3025 vobis
3303 2971 3553 3028 omnibus
3580 2974 3735 3029 tradi-

2172 3053 2225 3108 di
2241 3069 2361 3109 eum
2379 3053 2551 3128 (Rom.
2575 3073 2687 3122 vm,
2712 3056 2801 3128 52)
2827 3076 2840 3111 :
2860 3060 2969 3127 jam
2991 3069 3234 3130 computa
3262 3061 3312 3116 in
3334 3062 3576 3119 redditis.
3602 3066 3742 3137 Lege

2171 3144 2577 3217 chirographum
2603 3164 2618 3213 ;
2651 3148 2866 3218 promisi
2893 3149 2963 3204 ibi
2992 3151 3176 3220 pignus
3199 3152 3428 3222 Spiritus
3460 3158 3636 3212 sancti
3663 3174 3745 3214 me

2174 3237 2419 3293 daturum
2449 3254 2542 3309 per
2568 3239 2758 3295 Filium
2790 3256 2963 3295 meum
2991 3260 3004 3297 :
3029 3252 3273 3312 computa
3302 3245 3567 3302 redditum
3597 3249 3743 3318 (Act.

2173 3343 2190 3383 ι
2215 3369 2230 3393 ,
2260 3327 2330 3393 8;
2361 3338 2406 3382 et
2430 3344 2467 3384 ιι
2492 3371 2506 3395 ,
2535 3330 2639 3385 2-4
2658 3328 2700 3401 ).
2745 3332 2967 3387 Promisi
3005 3333 3075 3387 ibi
3115 3336 3421 3405 sanguinem
3446 3348 3501 3393 et
3526 3354 3747 3397 coronas

2173 3428 2463 3490 martyrum
2489 3420 2993 3491 gloriosissimorum
3019 3442 3031 3479 :
3054 3436 3300 3497 computa
3326 3428 3630 3496 redditum;
3657 3434 3751 3487 ad.

2173 3522 2389 3569 moneat
2413 3524 2465 3569 te
2490 3508 2665 3570 Massa‘
2690 3515 2764 3587 (a)
2799 3517 2986 3572 redditt
3020 3517 3041 3549 ⁸
3073 3518 3236 3575 debiti
3266 3521 3392 3577 mei.
3420 3521 3524 3579 Sed
3553 3534 3608 3580 et
3631 3525 3749 3581 huic

2171 3604 2338 3674 gloria
2371 3604 2654 3677 Martyrum
2686 3616 2741 3661 ut
2769 3607 3076 3664 redderetur
3097 3650 3112 3675 ,
3140 3611 3234 3666 tibi
3262 3613 3513 3683 promissa
3543 3616 3595 3669 in
3619 3616 3738 3671 chi-

2172 3697 2436 3767 rographo
2459 3740 2474 3764 ,
2512 3699 2599 3754 ubi
2628 3701 2879 3769 scriptum
2914 3710 3028 3769 est,
3060 3701 3275 3773 Propter
3303 3715 3351 3762 te
3378 3709 3742 3777 mortiﬁcamur

2172 3800 2276 3846 tota
2297 3792 2557 3865 die(Psal.
2572 3809 2718 3859 xuu,
2731 3792 2823 3864 2‘2)
2839 3811 2853 3859 ;
2874 3804 2930 3848 ut
2947 3794 3046 3851 hoc
3060 3796 3388 3866 redderetur,
3405 3799 3745 3857 Fremuerunt

2172 3894 2341 3954 gentes
2358 3927 2373 3951 ,
2403 3895 2450 3939 et
2481 3886 2654 3954 populi
2676 3886 2900 3941 meditati
2926 3897 3041 3941 sunt
3068 3889 3278 3955 inania;
3306 3892 3573 3946 astiterunt
3597 3910 3737 3965 reges

2174 3986 2338 4043 terrae,
2368 3986 2414 4030 et
2444 3978 2692 4047 principes
2717 3989 3047 4034 conuenerunt
3074 3982 3127 4035 in
3152 3998 3306 4036 unum
3328 4024 3343 4048 ,
3375 3985 3620 4040 aduersus
3648 3986 3748 4040 Do-

2173 4070 2383 4134 minum,
2411 4077 2457 4121 et
2481 4068 2718 4123 adversus
2741 4068 2997 4125 Christum
3019 4073 3127 4140 eius
3147 4072 3314 4143 (Psal.
3336 4090 3392 4140 ll,
3418 4076 3471 4142 1,
3493 4075 3576 4146 2).
3599 4077 3749 4132 Prin—

2172 4159 2317 4229 cipes
2353 4168 2716 4215 convenerunt
2756 4160 2808 4215 in
2846 4177 3006 4217 unum
3034 4203 3049 4227 ,
3076 4163 3442 4235 conspirantes
3481 4166 3742 4223 adversus

2172 4250 2521 4307 Christianos.
2565 4252 2748 4320 Quid?
2775 4253 3008 4323 ipsorum
3044 4271 3227 4326 regum
3258 4257 3416 4313 ﬁdem
3444 4299 3460 4323 ,
3490 4274 3670 4317 nonne
3693 4270 3746 4316 et

2174 4342 2393 4411 promisi
2423 4342 2476 4397 in
2503 4342 2875 4414 chirographo,
2898 4354 2952 4401 et
2976 4346 3178 4402 reddidi
3199 4347 3251 4403 in
3272 4348 3500 4405 eﬁ‘ectu?
3521 4351 3745 4408 Attende

2162 4431 2263 4493 ubi
2290 4434 2507 4502 promisi
2539 4451 2551 4486 :
2580 4434 2870 4491 Adorabunt
2899 4454 3014 4492 eum
3032 4455 3203 4495 omnes
3220 4456 3361 4512 reges
3380 4451 3560 4509 ωτι-«κ
3580 4460 3745 4499 omnes

2172 4532 2340 4594 gentes
2356 4526 2567 4578 servient
2588 4525 2663 4579 illi
2684 4524 2854 4598 (Pasl.
2882 4541 3025 4596 Lm,
3048 4528 3162 4600 11).
3188 4530 3414 4602 lngrate,
3438 4533 3571 4604 legis
3592 4535 3742 4590 debi-

2175 4616 2484 4679 tum,cernis
2502 4616 2896 4684 redditum,non
2910 4621 3084 4676 credis
3096 4623 3441 4692 promissum?
3452 4623 3597 4695 Lege
3606 4626 3743 4682 aliud

2173 4706 2225 4760 in
2243 4707 2596 4778 chirographo
2618 4724 2738 4765 meo
2758 4728 2770 4763 :
2792 4711 3050 4777 Quoniam
3070 4714 3376 4783 fremuerunt
3391 4728 3563 4786 gentes
3577 4734 3595 4770 :
3611 4718 3748 4785 Quo-

2174 4801 2313 4856 niam
2343 4801 2532 4856 inimici
2560 4803 2656 4857 mei
2679 4803 2914 4858 dixerunt
2939 4806 3073 4860 mala
3101 4807 3241 4871 mihi,
3274 4806 3376 4863 hoc
3399 4818 3483 4863 est
3499 4807 3743 4866 Christo:

2178 4891 2393 4961 Quando
2439 4895 2677 4950 morietur
2716 4904 2761 4950 et
2787 4896 2964 4965 peribit
3003 4912 3183 4952 nomen
3201 4899 3311 4969 ejus
3333 4898 3508 4970 (Psal.
3541 4915 3631 4966 ιι,
3660 4902 3745 4969 6)?

2172 4984 2430 5055 Quoniam
2448 4985 2562 5043 haec
2575 4987 2753 5043 omnia
2768 4987 3170 5059 feceruntatque
3182 4988 3451 5057 dixerunt,
3472 4991 3589 5062 lege
3604 4992 3740 5063 quod

2236 5186 2256 5219 ι
2289 5192 2390 5235 Duo
2412 5192 2538 5245 Mss.,
2564 5183 2676 5234 vim.

2235 5249 2261 5318 ²,
2285 5249 2361 5318 ἕξει
2395 5244 2562 5309 plures
2598 5253 2705 5296 uss.
2731 5252 2927 5307 sum,
2969 5244 3304 5308 diremptione.
3341 5250 3417 5295 Er.
3458 5251 3512 5295 et
3532 5250 3666 5306 Lov.,
3688 5244 3748 5293 de

2496 5370 2723 5420 omissum
2746 5375 2869 5428 erat,
2894 5366 3078 5419 redditi
3098 5380 3117 5419 :
3136 5367 3268 5432 quod
3289 5380 3355 5420 ex
3376 5367 3621 5418 nonnullis
3641 5374 3744 5417 iss.

2171 5444 2197 5481 l‘
2311 5444 2482 5481 ulmus.

2170 5444 2482 5481 restttmmus.

2235 5513 2316 5584 (α).
2332 5514 2413 5584 Hic
2434 5518 2670 5584 martyres
2705 5511 2853 5584 tete?
2893 5520 3048 5563 διαδεα
3086 5512 3315 5584 Mida:
3340 5509 3609 5584 ιξιειειθιξωτν
3634 5521 3729 5584 qua

2172 5573 2352 5642 rum'in
2374 5573 2954 5642 basilica,_apud_Utieam,
2981 5586 3259 5642 sermonem
3296 5573 3746 5642 habitum-caseos

2170 5636 2457 5703 Flos'iaeensi
2482 5644 2560 5703 tus.
2579 5633 3010 5703 deprehendimus.
3035 5643 3102 5683 De
3140 5633 3627 5703 iisdam_m_ar_tyr_ibus
3653 5633 3747 5703 jam

2167 5711 2315 5760 supra
2337 5700 2387 5748 in
2404 5696 2521 5747 neat.
2549 5693 2681 5758 mi,
2706 5711 2754 5745 n.
2790 5697 2839 5745 9.
2855 5696 3288 5760 Conf.gsermonem
3309 5693 3481 5745 306de
3504 5693 3713 5760 Diversis
3728 5728 3744 5753 ,

2168 5752 2528 5871 gg'ﬁrieﬁtgenn.
2544 5752 2933 5833 all,'cujuscap.
2955 5758 3031 5810 t0.
3060 5759 3326 5808 «Uticensis
3343 5752 3740 5806 Itassacandidas
