4080 6464
309 392 438 455 1881

303 502 639 584 promisi,cui
651 515 738 557 me
747 498 1005 556 solvendo
1013 493 1270 553 obstrinxi
1289 511 1302 548 :
1317 491 1617 548 Pravalebit
1627 490 1874 546 Dominus

306 603 538 658 adversus
548 611 652 661 eos,
667 607 712 647 et
722 590 1067 647 exterminabit
1083 601 1252 642 omnes
1264 585 1382 639 deos
1397 583 1619 654 gentium
1637 590 1782 636 terra
1790 597 1812 647 ;
1826 587 1873 635 et

307 687 580 748 adorabunt
591 701 723 752 eum,
742 682 1078 752 unusquisque
1092 679 1154 732 de
1168 678 1276 732 ιοοο
1295 692 1387 731 δυο
1401 674 1655 744 (δορηοηι
1672 688 1729 740 η’
1745 671 1872 742 ﬂ)?

305 785 503 851 Nempe
525 777 635 850 jam
658 774 964 848 prmvaluit;
995 768 1364 826 exterminavit
1387 779 1576 822 omnes
1595 763 1724 819 deos
1743 777 1872 833 gen-

305 877 431 939 tium
463 881 637 928 terrm.
664 867 851 924 Nonne
875 873 932 921 et
965 864 1069 919 hoc
1094 861 1258 927 facit,
1285 857 1468 915 ethoc
1493 854 1710 911 reddit?
1735 854 1873 909 Ante

303 965 484 1023 oculos
510 960 745 1017 omnium
775 956 926 1027 ponit
949 953 1266 1010 solutionem
1289 948 1590 1004 debitorum
1615 958 1868 1001 suorum:

304 1048 540 1132 quaedam
566 1053 793 1110 reddidit
815 1049 916 1106 sub
941 1047 1228 1118 majoribus
1254 1043 1469 1106 nostris,
1497 1054 1613 1110 quin
1643 1052 1740 1094 nos
1766 1051 1871 1092 non

302 1131 565 1216 vidimus;
593 1145 836 1218 quaedam
884 1139 1114 1198 reddidit
1141 1135 1464 1207 temporibus
1492 1131 1688 1188 nostris
1707 1171 1722 1196 ,
1755 1143 1874 1199 quae

302 1243 373 1298 illi
414 1254 525 1295 non
568 1237 813 1292 viderunt
843 1251 856 1287 :
891 1248 986 1302 per
1021 1242 1208 1285 omnes
1249 1224 1616 1297 generationes
1645 1220 1875 1276 reddidit

299 1347 414 1404 qua;
457 1331 654 1401 scripta
683 1335 825 1382 sunt.
867 1325 936 1380 Et
959 1321 1085 1393 quid
1124 1319 1326 1376 restat?
1357 1317 1472 1372 Non
1514 1315 1562 1370 ei
1599 1313 1871 1380 creditur,

299 1425 380 1481 his
406 1422 660 1478 omnibus
687 1417 948 1474 redditis?
971 1413 1110 1484 Quid
1135 1411 1340 1468 restat?
1363 1409 1500 1465 Ecce
1523 1407 1692 1462 fecisti
1713 1405 1873 1460 ratio-

299 1533 414 1576 nem
445 1534 462 1582 ;
491 1523 632 1570 tanta
655 1510 886 1567 reddidit
911 1527 923 1562 :
949 1503 1200 1576 numquid
1229 1511 1444 1574 propter
1469 1514 1636 1570 pauca
1660 1495 1872 1552 residua

297 1607 527 1666 inﬁdelis
551 1613 633 1660 est
657 1601 864 1657 factus?
890 1598 1060 1654 Absit.
1087 1592 1304 1662 Quare?
1335 1592 1466 1659 Quia
1489 1630 1507 1658 ,
1542 1588 1736 1643 Fidelis
1762 1585 1873 1640 Do-

297 1697 465 1755 minus
487 1698 539 1751 in
563 1693 720 1750 verbis
744 1692 869 1755 suis,
893 1700 937 1744 et
957 1697 1156 1743 sanctus
1176 1687 1230 1740 in
1249 1683 1476 1739 omnibus
1495 1680 1725 1750 cperibus
1744 1679 1868 1732 suis.

363 1791 461 1847 18.
494 1789 654 1862 [νοτε.
687 1783 812 1857 14.]
833 1782 1107 1851 Conﬁrmat
1122 1777 1373 1832 Dominus
1387 1789 1556 1828 omnes
1573 1770 1872 1826 decidentes.

297 1885 401 1945 Sed
425 1861 564 1955 quos
591 1895 760 1936 omnes
789 1872 1115 1930 decidentes?
1142 1870 1342 1926 Omnes
1386 1866 1603 1920 omnino
1628 1861 1876 1918 deciden-

300 1989 398 2044 tes,
429 1954 526 2031 sed
555 1972 714 2028 modo
751 1966 979 2040 quodam
1003 1963 1331 2020 decidentes.
1362 1958 1572 2014 Etenim
1600 1955 1750 2011 multi
1776 1954 1874 2009 de-

301 2070 484 2127 cidunt
523 2066 590 2122 ab
617 2079 715 2130 eo;
760 2059 910 2115 multi
935 2065 1114 2112 autem
1137 2053 1390 2110 decidunt
1412 2066 1444 2106 a
1473 2046 1877 2120 cogitationibus

300 2162 408 2217 suis
433 2161 451 2226 (
490 2157 634 2212 Psal.
662 2171 716 2220 v,
746 2153 808 2207 11
838 2151 878 2222 ).
905 2148 961 2204 Si
1002 2144 1270 2201 habebant
1297 2142 1466 2197 malas
1487 2137 1832 2210 cogitationes
1856 2177 1872 2200 ,

301 2250 550 2308 decidunt
563 2248 630 2302 ab
649 2247 747 2312 eis,
770 2253 822 2299 ct
842 2240 1106 2310 conﬁrmat
1121 2235 1372 2290 Dominus
1387 2248 1556 2288 omnes
1571 2229 1873 2285 decidentes.

300 2343 401 2412 Qui
439 2337 636 2410 aliquid
662 2336 910 2392 amittunt
951 2332 1002 2386 in
1046 2331 1150 2385 isto
1187 2327 1383 2383 saeculo
1424 2334 1479 2382 et
1505 2323 1676 2380 sancti
1702 2329 1825 2378 sunt
1853 2360 1872 2388 ,

302 2434 472 2492 veluti
495 2432 891 2489 exhonorantur
917 2425 968 2479 in
996 2423 1097 2478 isto
1123 2419 1352 2484 saeculo;
1385 2433 1450 2473 cx
1469 2415 1720 2472 divitibus
1743 2412 1879 2468 ﬁunt

303 2539 580 2599 pauperes,
608 2539 675 2578 ex
704 2517 975 2574 honoratis
1012 2513 1145 2569 ﬁunt
1168 2510 1391 2582 abjecti,
1423 2517 1476 2564 et
1505 2516 1680 2562 tamen
1709 2502 1876 2559 sancti

303 2597 400 2675 Dei
455 2626 611 2680 sunt;
652 2622 899 2682 tanquam
934 2606 1241 2663 decidentes
1285 2611 1428 2657 sunt.
1458 2599 1563 2656 Sed
1614 2597 1878 2664 conﬁrmat

305 2708 556 2764 Dominus
582 2719 752 2759 omnes
779 2699 1077 2754 decidentes.
1122 2695 1332 2765 Septies
1368 2692 1509 2748 enim
1541 2689 1682 2744 cadit
1706 2688 1886 2758 justus.

304 2808 359 2855 et
386 2797 645 2867 resurgit;
666 2792 807 2862 impii
829 2797 1004 2845 autem
1026 2786 1432 2842 inﬁrmabuntur
1448 2783 1501 2837 in
1526 2780 1680 2835 malis
1695 2776 1875 2849 (Prov.

303 2907 449 2957 xxnv,
481 2888 608 2959 16).
637 2883 859 2952 Quando
886 2882 1022 2937 mala
1047 2878 1295 2935 accidunt
1314 2874 1511 2946 impiis,
1541 2871 1879 2928 inﬁrmantur

303 2983 376 3040 ibi
413 3000 427 3036 :
461 2977 675 3051 quando
701 2975 838 3030 mala
864 2973 1111 3029 accidunt
1132 2969 1309 3040 justis,
1335 2966 1602 3035 conﬁrmat
1634 2960 1880 3015 Dominus

302 3050 790 3130 omnesdecidentes.
823 3064 1097 3136 Deciderat
1113 3060 1215 3117 Job
1242 3075 1272 3112 a
1295 3057 1464 3129 gloria
1486 3054 1720 3126 pristina:
1748 3050 1880 3105 lucis

304 3161 676 3234 temporalium
708 3172 906 3222 rerum,
932 3153 1124 3224 quibus
1149 3150 1348 3204 nitebat
1376 3148 1443 3202 ad
1476 3155 1701 3214 tempus,
1727 3141 1877 3197 deci-

303 3231 458 3312 derat
481 3269 512 3308 a
541 3249 704 3319 gloria
731 3247 918 3302 domus
947 3259 1078 3299 suae.
1111 3240 1281 3296 Vultis
1325 3251 1481 3292 nosse
1502 3242 1756 3306 quantum
1785 3231 1880 3288 de-

301 3343 545 3402 ciderat?
574 3342 632 3397 ln
657 3348 894 3397 stercore
914 3334 1133 3391 sedebat
1161 3350 1174 3386 :
1198 3340 1252 3387 et
1273 3326 1606 3384 conﬁrmavit
1624 3324 1882 3380 Dominus

303 3434 656 3492 decidentem.
675 3429 938 3498 Quantum
956 3421 1323 3480 conﬁrmavit?
1347 3419 1415 3476 Ut
1445 3426 1500 3474 et
1523 3417 1576 3471 in
1600 3416 1716 3486 ipso
1735 3413 1882 3485 gravi

304 3530 525 3584 vulnere
545 3539 650 3596 quo
679 3537 774 3592 per
801 3529 969 3576 totum
988 3531 1179 3586 corpus
1204 3525 1482 3584 percussus
1501 3516 1638 3574 erat,
1661 3519 1884 3576 respon—

302 3621 458 3677 deret
475 3617 626 3674 uxori
655 3612 899 3679 tentanti,
918 3624 1077 3682 quam
1091 3607 1258 3663 solam
1278 3605 1375 3659 sibi
1391 3599 1634 3656 diabolus
1649 3597 1880 3666 relique-

304 3722 385 3770 rat
415 3710 726 3783 adjutricem
755 3725 767 3760 :
792 3705 984 3760 Locuta
1009 3719 1059 3757 es
1080 3710 1316 3770 tanquam
1341 3712 1443 3750 una
1462 3709 1523 3748 ea:
1537 3689 1882 3762 insipientibus

305 3779 597 3857 mulieribus
619 3815 638 3853 :
666 3798 708 3850 si
734 3797 862 3850 bona
883 3791 1196 3864 percepimus
1229 3788 1290 3841 de
1306 3801 1458 3839 manu
1473 3781 1681 3836 Domini
1701 3821 1716 3847 ,
1743 3779 1881 3832 mala

303 3910 409 3952 non
439 3889 786 3946 sustinebimus
816 3884 932 3956 (Job
954 3898 1010 3946 ιι,
1035 3879 1222 3950 7-10)?
1243 3874 1519 3946 Quomodo
1539 3870 1881 3927 conﬁrmare

304 3979 770 4055 ratdecidentemi
799 3975 1075 4044 Conﬁrmat
1100 3969 1348 4026 Dominus
1376 3980 1548 4021 onmes
1577 3959 1880 4016 decidentes.

306 4075 436 4130 Cum
457 4073 704 4133 ceciderit,
723 4068 909 4138 inquit,
924 4068 1095 4138 justus
1116 4079 1216 4118 non
1240 4058 1632 4123 conturbabitur,
1649 4057 1887 4128 quoniam

307 4166 560 4222 Dominus
587 4162 850 4231 conﬁrmat
883 4172 1088 4212 manum
1107 4156 1216 4226 ejus
1244 4151 1426 4224 (Psal.
1458 4165 1636 4215 xxx",
1661 4147 1731 4202 21
1756 4148 1793 4218 ).
1819 4145 1888 4199 Et

308 4256 669 4326 erigit’omnes
712 4252 859 4307 elisos
888 4265 907 4304 :
948 4261 1137 4303 omnes
1165 4243 1232 4299 ad
1261 4259 1320 4298 se
1364 4242 1709 4313 pertinentes.
1751 4237 1886 4293 Nam

308 4350 454 4406 Deus
479 4347 720 4418 superbis
747 4346 943 4402 resistit
966 4344 985 4416 (
1011 4342 1192 4397 Jacobi
1222 4356 1296 4406 tv,
1329 4337 1424 4408 6).

383 4441 473 4497 19.
514 4440 674 4514 [vers.
717 4435 847 4510 15.]
887 4435 1036 4491 Oculi
1083 4433 1306 4490 onmium
1346 4432 1398 4484 in
1427 4440 1474 4483 te
1497 4436 1728 4499 sperant,
1755 4435 1805 4480 et
1833 4436 1888 4480 tu

311 4535 407 4592 das
430 4551 594 4590 escam
613 4533 715 4587 illis
743 4532 796 4584 in
822 4528 1213 4601 opportunitate.
1241 4525 1465 4580 Prorsus
1497 4531 1745 4590 tanquam
1767 4518 1890 4573 reti-

311 4628 462 4683 ciens
491 4633 748 4696 aegrotum
773 4624 828 4678 in
856 4619 1248 4692 opportunitate
1277 4657 1292 4683 ,
1332 4614 1544 4686 quando
1569 4613 1726 4668 debet
1752 4610 1890 4666 acci-

310 4732 438 4788 pere
461 4759 476 4782 ,
503 4726 626 4771 tunc
655 4715 778 4778 das;
819 4721 872 4767 et
899 4711 1038 4781 quod
1081 4709 1278 4770 debet,
1310 4707 1410 4760 hoc
1433 4705 1548 4759 das.
1594 4701 1771 4771 Itaque
1790 4700 1889 4753 ali-

309 4807 526 4878 quando
559 4804 893 4861 desideratur
916 4799 1114 4862 abillo,
1143 4806 1198 4852 et
1223 4811 1328 4851 non
1357 4795 1449 4849 dat
1477 4811 1489 4846 :
1514 4793 1660 4848 novit
1705 4791 1889 4845 horam

311 4900 470 4955 dandi
503 4942 516 4965 ,
548 4899 635 4969 qui
663 4904 830 4951 curat.
863 4893 1040 4961 Quare
1089 4892 1188 4945 iSta
1215 4889 1335 4943 dico
1359 4928 1373 4953 ,
1403 4884 1627 4941 fratres?
1672 4882 1748 4938 Ne
1774 4883 1891 4951 quis

311 4991 528 5061 quando
559 4990 694 5044 forte
721 5003 826 5042 non
851 4985 1009 5040 luerit
1048 4980 1328 5037 exauditus
1350 4976 1549 5047 aliquid
1569 4976 1768 5046 justum
1796 4988 1890 5043 pe-

313 5095 430 5142 tens
456 5103 490 5142 a
523 5087 632 5141 Deo
667 5102 680 5139 :
709 5097 829 5137 nam
873 5077 1085 5150 quando
1115 5075 1367 5144 injustam
1396 5068 1593 5140 aliquid
1636 5068 1767 5138 petit
1797 5108 1812 5131 ,
1839 5067 1892 5120 in

313 5193 530 5249 poenam
573 5192 724 5233 suam
749 5171 1080 5235 exauditur;
1110 5167 1204 5224 sed
1249 5162 1444 5235 aliquid
1487 5177 1596 5217 non
1642 5159 1892 5230 injustum

315 5279 502 5337 petens
532 5309 546 5334 ,
577 5268 620 5323 si
651 5266 788 5321 forte
837 5277 942 5317 non
970 5260 1127 5315 fuerit
1156 5253 1435 5314 exauditus
1454 5294 1470 5320 ,
1497 5266 1602 5306 non
1629 5249 1897 5303 minuatur

315 5359 499 5413 animo
520 5401 535 5424 ,
565 5372 673 5411 non
702 5353 946 5416 deﬁciat;
969 5355 1276 5419 exSpcctent
1306 5344 1442 5399 oculi
1467 5343 1580 5412 ejus
1605 5339 1670 5395 ad
1697 5352 1890 5402 escam,

318 5463 478 5518 quam
501 5448 590 5503 ille
617 5447 708 5502 dat
733 5446 783 5500 in
811 5440 1223 5514 opportunitate.
1251 5433 1474 5503 Quando
1503 5447 1608 5487 non
1637 5431 1748 5496 dat,
1776 5428 1896 5484 ideo

319 5554 424 5595 non
454 5540 545 5596 dat
567 5554 634 5594 ne
657 5536 795 5592 obsit
816 5533 956 5605 quod
986 5531 1096 5586 dat.
1138 5528 1318 5598 Neque
1361 5525 1500 5580 enim
1534 5521 1730 5592 aliquid
1758 5521 1896 5589 inju-

319 5641 459 5686 stum
483 5631 696 5703 petebat
720 5624 1026 5698 Apostolus,
1041 5619 1252 5692 quando
1281 5616 1499 5687 rogabat
1518 5622 1578 5669 ut
1596 5613 1896 5668 auferretur

323 5722 389 5775 ab
415 5739 480 5779 oo
504 5721 748 5780 ssimulus
774 5716 972 5782 carnis,
1003 5712 1221 5783 angelus
1250 5717 1449 5763 satana:
1477 5721 1506 5759 a
1535 5721 1640 5775 quo
1661 5703 1896 5774 colaphi-

311 5814 540 5870 aabatur
568 5832 582 5869 :
604 5821 658 5868 et
680 5823 853 5868 tamen
872 5804 1098 5879 rogavit,
1127 5809 1181 5861 et
1217 5814 1322 5857 non
1344 5796 1579 5870 accepit;
1607 5787 1732 5867 quia
1759 5803 1888 5850 tem-

1367 375 1760 434 ENABRATIO
1795 373 1862 432 IN
1900 373 2222 434 PSALMUM
2258 377 2482 436 CXLIV.

1977 506 2075 562 pus
2103 495 2277 551 adhuc
2301 506 2415 553 erat
2437 498 2749 556 exercendae
2774 501 3114 570 inﬁrmitatis,
3145 517 3251 558 non
3279 516 3418 560 escae
3446 518 3547 573 op-
3574 518 3576 521 ·

1979 587 2340 656 portunitatis.
2386 589 2578 660 Suﬁicit
2602 633 2616 658 ,
2668 592 2835 661 inquit
2867 633 2880 653 ,
2918 594 3006 647 tibi
3031 595 3194 664 gratia
3220 611 3330 647 mea
3376 609 3394 648 :
3424 609 3543 647 nam

1974 676 2128 730 virtus
2154 677 2206 730 in
2230 678 2520 746 inﬁrmitate
2542 681 2800 750 perﬁcitur
2828 683 2846 753 (
2872 680 2912 735 ll
2939 682 3056 736 Cor.
3081 699 3173 746 xu,
3204 683 3301 738 7-9
3324 683 3362 752 ).
3392 682 3548 738 Petiit

1972 765 2072 823 Job
2100 769 2405 825 tentandum
2431 770 2704 836 diabolus,
2732 782 2785 828 et
2812 773 3176 845 accepit(Job
3203 789 3253 836 ι,
3301 772 3453 836 9·12;
3499 783 3547 828 et

1975 873 2011 913 ιι
2027 900 2042 923 ,
2062 860 2158 915 4-6
2176 860 2218 932 ).
2246 861 2538 929 Attendite,
2566 862 2756 935 fratres
2780 865 2918 931 mei,
2939 880 3183 936 magnum
3207 866 3540 935 mysterium,

1974 949 2305 1015 discendum,
2335 953 2700 1024 repetendum,
2736 954 3019 1011 tenendum
3047 956 3246 1022 animo,
3273 971 3541 1026 nunquam

1974 1040 2388 1099 obliviscendum
2410 1086 2423 1109 ,
2467 1055 2678 1128 propter
2705 1047 3082 1103 abundantiam
3105 1049 3453 1104 tentationum
3485 1049 3540 1103 in

1974 1132 2076 1188 isto
2102 1135 2316 1189 sacculo.
2347 1135 2483 1202 Quid
2507 1137 2678 1193 dicam
2699 1137 2722 1193 2
2747 1138 2949 1194 Revera
2977 1139 3363 1209 comparandus
3402 1141 3544 1209 Apo-

1975 1223 2144 1278 stolus
2172 1223 2420 1280 diabolo?
2443 1229 2728 1297 Apostolus
2756 1238 2925 1301 rogat,
2954 1236 3012 1284 et
3049 1244 3154 1284 non
3180 1229 3401 1299 accipit;
3430 1228 3544 1284 dia-

1977 1313 2128 1368 bolus
2167 1315 2331 1383 petit,
2383 1325 2436 1370 ct
2491 1318 2700 1387 accipit.
2749 1318 2854 1376 Sed
2896 1335 3000 1375 non
3029 1319 3236 1389 accepit
3259 1319 3547 1387 Apostolus

1978 1413 2193 1476 propter
2221 1403 2601 1476 perfectionem
2630 1423 2778 1464 suam
2807 1426 2823 1476 ;
2871 1410 3077 1482 accepit
3100 1409 3342 1466 diabolus
3361 1409 3427 1464 ad
3451 1410 3548 1465 da-

1977 1498 2298 1552 mnationem
2329 1511 2500 1552 suam.
2527 1499 2762 1570 Denique
2783 1502 2894 1570 ipse
2922 1501 3026 1557 Job
3046 1501 3248 1572 accepit
3266 1501 3543 1556 sanitatem

1977 1587 2031 1643 in
2056 1591 2469 1658 opportunitate.
2496 1589 2695 1644 Dilatus
2718 1599 2914 1656 tamen,
2938 1600 2995 1646 ut
3021 1592 3353 1661 probaretur,
3375 1599 3429 1645 et
3452 1589 3544 1644 diu

1977 1679 2114 1735 sedit
2140 1680 2193 1734 in
2215 1681 2434 1736 vulnere
2458 1681 2497 1747 ³,
2519 1691 2574 1736 et
2601 1681 2766 1736 multa
2791 1681 2954 1748 dixit;
2981 1691 3036 1737 et
3062 1683 3277 1752 rogabat
3299 1682 3463 1738 Deum
3484 1689 3545 1737 ut

1976 1771 2310 1826 auferrentur
2328 1771 2395 1826 ab
2414 1786 2478 1828 eo
2501 1772 2621 1839 ista,
2648 1780 2701 1827 et
2732 1773 2870 1827 Deus
2899 1787 3002 1826 non
3051 1771 3342 1828 auferebat.
3369 1771 3538 1826 Citius

1976 1864 2244 1920 diabolum
2269 1865 2538 1920 exaudivit
2567 1866 2632 1920 ad
2661 1881 2781 1921 eum
2815 1864 3120 1920 tentandum
3146 1905 3161 1930 ,
3188 1879 3346 1934 quam
3372 1865 3543 1934 ipsum

1977 1956 2078 2014 Job
2101 1957 2168 2011 ad
2197 1957 2509 2012 sanandum.
2554 1957 2749 2012 Discite
2797 1971 2924 2027 ergo
2952 1971 3059 2011 non
3085 1969 3416 2010 murmurare
3452 1952 3546 2008 ad-

1979 2065 2163 2108 versus
2184 2051 2371 2116 Deum,
2403 2059 2457 2106 et
2485 2051 2694 2121 quando
2721 2065 2826 2105 non
2853 2047 3173 2105 exaudimini
3190 2089 3204 2114 ,
3236 2061 3304 2103 ne
3330 2045 3545 2102 deﬁciat

1977 2146 2030 2201 in
2050 2145 2201 2200 vobis
2220 2143 2361 2215 quod
2383 2158 2541 2216 supra
2565 2145 2816 2214 scriptum
2836 2153 2936 2209 est,
2961 2141 3063 2196 Per
3091 2140 3314 2212 singulos
3337 2139 3442 2192 dies
3459 2137 3546 2191 be-

1979 2237 2206 2292 nedicam
2235 2245 2300 2290 te.
2326 2233 2446 2306 Ipse
2494 2235 2660 2291 Filius
2685 2277 2699 2302 ,
2745 2235 2858 2304 ipse
2885 2233 3084 2290 Unicus
3107 2274 3122 2298 ,
3153 2231 3258 2301 pati
3303 2229 3324 2261 ⁸
3367 2228 3546 2298 utique

1977 2340 2228 2395 venerat,
2259 2330 2468 2385 solvere
2491 2328 2631 2399 quod
2653 2343 2757 2384 non
2777 2326 3033 2391 debebat,
3062 2326 3196 2380 mori
3221 2323 3276 2377 in
3305 2320 3548 2376 manibus

1979 2431 2336 2494 peccatorum,
2357 2419 2611 2491 sanguine
2629 2433 2726 2473 suo
2745 2417 2924 2472 delere
2939 2413 3344 2487 chirographum
3361 2411 3548 2466 mortis

1980 2521 2177 2569 nostrae
2201 2529 2215 2577 ;
2241 2513 2306 2567 ad
2336 2512 2435 2567 hoc
2461 2519 2676 2566 venerat
2706 2529 2717 2564 :
2748 2518 2804 2565 et
2831 2518 3007 2563 tamen
3047 2514 3104 2562 ut
3129 2505 3220 2561 tibi
3246 2502 3550 2560 ostenderet

1981 2607 2280 2677 exemplum
2309 2604 2594 2674 patientiae,
2615 2599 3004 2671 transﬁguravit
3022 2611 3216 2666 corpus
3244 2593 3550 2649 humilitatis

1981 2709 2178 2758 nostra:
2201 2697 2476 2754 conforme
2495 2694 2706 2765 corpori
2725 2693 2905 2763 glorizr
2925 2705 3034 2744 suae
3055 2687 3306 2759 (Philipp.
3331 2701 3407 2750 tu,
3429 2683 3548 2753 21).

1983 2790 2159 2859 Pater,
2187 2790 2389 2860 inquit,
2435 2788 2480 2840 si
2516 2786 2626 2855 ﬁeri
2654 2792 2844 2854 potest,
2870 2788 3088 2835 transeat
3113 2777 3246 2833 calix
3271 2777 3363 2830 iste
3389 2791 3420 2827 α
3448 2789 3548 2827 me.

1983 2884 2054 2940 Et
2081 2891 2141 2938 ut
2166 2881 2447 2951 impleret,
2475 2877 2716 2948 quamvis
2755 2890 2860 2928 non
2893 2874 3157 2942 acciperet
3195 2867 3334 2939 quod
3371 2873 3552 2936 petere

1981 2975 2278 3039 videbatur,
2306 2971 2410 3026 Per
2435 2969 2657 3040 singulos
2691 2967 2794 3020 dies
2821 2963 3105 3019 benedicam
3133 2968 3180 3014 te
3206 2975 3223 3012 :
3253 2957 3438 3012 Verum
3450 2970 3552 3008 non

1983 3067 2118 3137 quod
2153 3081 2244 3137 ego
2281 3063 2428 3128 volo,
2459 3062 2564 3124 ait,
2617 3059 2703 3113 sed
2745 3058 2876 3125 quod
2905 3063 2959 3108 tu
2982 3054 3055 3107 vis
3077 3091 3094 3119 ,
3126 3049 3281 3104 Pater
3317 3048 3336 3117 (
3364 3043 3550 3101 Matth.

1983 3173 2129 3222 xxvs,
2160 3157 2229 3210 39
2247 3155 2286 3225 ).
2317 3153 2463 3208 Oculi
2489 3151 2712 3205 omnium
2731 3149 2784 3201 in
2806 3155 2851 3200 te
2873 3151 3096 3214 sperant,
3128 3149 3173 3196 et
3197 3147 3252 3194 tu
3274 3138 3366 3192 das
3391 3149 3553 3190 escam

1983 3250 2086 3303 illis
2109 3249 2163 3302 in
2189 3245 2580 3316 opportunitate.

2054 3339 2144 3397 20.
2197 3337 2358 3412 [vers.
2389 3335 2475 3390 16.
2501 3333 2522 3408 ]
2568 3331 2747 3403 Aperis
2772 3339 2827 3384 tu
2855 3343 3061 3384 manum
3092 3335 3229 3379 tuam
3251 3361 3268 3388 ,
3307 3329 3354 3374 et
3376 3317 3555 3389 imples

1985 3448 2132 3488 omne
2161 3408 2351 3484 animal
2373 3425 2726 3481 benedictione.
2755 3420 2871 3476 Etsi
2893 3433 2999 3475 non
3019 3417 3116 3472 das
3137 3409 3438 3484 aliquando,
3459 3408 3556 3464 das

1988 3533 2165 3579 tamen
2193 3523 2245 3576 in
2273 3517 2666 3590 opportunitate
2699 3529 2714 3569 :
2743 3512 2925 3569 differs
2948 3551 2962 3577 ,
2993 3524 3098 3565 non
3123 3505 3303 3563 aufers
3325 3541 3344 3571 ,
3371 3511 3426 3560 et
3452 3501 3557 3557 hoc

1989 3616 2041 3671 in
2070 3612 2492 3686 opportunitate.

2056 3684 2119 3763 21
2133 3684 2156 3762 ξ
2176 3705 2343 3780 [vers.
2376 3705 2464 3758 17.
2483 3701 2504 3774 ]
2524 3701 2704 3755 Justus
2717 3697 2969 3754 Dominus
2983 3693 3040 3748 in
3065 3690 3293 3746 omnibus
3314 3687 3407 3741 viis
3429 3684 3554 3740 suis.

1989 3801 2057 3856 Et
2081 3775 2295 3868 quando
2318 3793 2495 3858 caedit,
2520 3801 2574 3848 et
2598 3789 2811 3861 quando
2830 3793 3001 3851 curat,
3019 3783 3195 3854 justus
3221 3787 3322 3846 est,
3344 3786 3398 3833 et
3415 3775 3556 3846 apud

1988 3905 2110 3946 eum
2142 3888 2390 3957 iniquitas
2417 3899 2524 3940 non
2553 3890 2655 3938 est.
2687 3879 2922 3948 Denique
2971 3887 3158 3930 omnes
3192 3869 3360 3926 sancti
3385 3867 3439 3922 in
3467 3866 3560 3919 tri-

1988 3979 2344 4039 bulationibus
2370 3974 2640 4032 constituti
2667 4015 2681 4040 ,
2709 3970 2854 4042 prius
2877 3967 3135 4039 justitiam
3163 3963 3280 4034 ejus
3307 3959 3559 4014 laudave-

1988 4082 2132 4139 runt,
2163 4079 2218 4126 et
2243 4070 2322 4128 sic
2339 4066 2599 4125 beneﬁcia
2619 4062 2939 4135 petiverunt.
2964 4057 3119 4112 Prius
3137 4054 3386 4111 dixerunt
3408 4067 3423 4104 :
3461 4048 3558 4104 Ju-

1989 4138 2129 4220 stum
2152 4170 2233 4218 est
2251 4158 2393 4231 quod
2418 4157 2567 4212 facis.
2589 4155 2678 4211 Sic
2697 4152 2900 4224 rogavit
2921 4146 3126 4213 Daniel,
3147 4145 3225 4200 sic
3243 4142 3332 4198 alii
3353 4138 3522 4196 sancti
3545 4155 3562 4193 :

1987 4253 2138 4312 Justa
2169 4227 2294 4308 sunt
2314 4248 2512 4320 judicia
2539 4256 2648 4310 tua,
2674 4244 2808 4299 bene
2839 4238 2977 4310 passi
3006 4248 3190 4293 sumus
3211 4273 3228 4298 ,
3253 4239 3398 4289 recte
3421 4227 3563 4299 passi

1990 4357 2176 4400 sumus
2211 4339 2386 4413 (Dan.
2416 4354 2472 4393 ni
2492 4377 2508 4403 ,
2537 4335 2732 4397 27.51;
2765 4341 2811 4386 et
2840 4347 2914 4397 Ix,
2947 4327 3076 4384 5-19
3097 4326 3138 4398 ).
3161 4323 3278 4380 Non
3305 4320 3566 4378 dederunt

1993 4435 2104 4491 Deo
2132 4409 2464 4503 injustitiam,
2499 4441 2604 4482 non
2629 4424 2682 4480 ei
2705 4422 2966 4478 dederunt
2993 4415 3320 4488 iniquitatem
3349 4419 3404 4466 et
3431 4409 3565 4464 insi-

1991 4500 2265 4598 pientiam;
2314 4521 2688 4578 Laudaverunt
2725 4516 2897 4586 primo
2943 4509 3298 4582 ﬂagellantem
3324 4545 3341 4572 ,
3387 4511 3442 4559 et
3487 4500 3568 4556 sic

1993 4591 2274 4674 senserunt
2317 4613 2580 4669 cibautem
2623 4627 2638 4664 :
2666 4608 2844 4662 Justus
2874 4601 3118 4660 Dominus
3145 4599 3199 4652 in
3227 4593 3454 4652 omnibus
3475 4591 3569 4647 viis

1993 4709 2119 4765 suis.
2141 4706 2308 4762 Nemo
2328 4709 2480 4775 putet
2508 4701 2655 4754 illum
2680 4696 2954 4766 injustum,
2982 4687 3196 4762 quando
3220 4686 3346 4742 mali
3369 4681 3569 4752 aliquid

1995 4799 2132 4855 forte
2156 4771 2386 4866 patitur;
2419 4791 2513 4847 sed
2537 4789 2706 4859 ipsius
2723 4784 2981 4856 justitiam
3001 4777 3200 4842 laudet,
3226 4785 3282 4831 et
3307 4787 3456 4828 suam
3486 4771 3568 4824 in-

1992 4889 2255 4962 justitiam
2276 4891 2491 4940 accuset
2513 4899 2526 4936 :
2549 4879 2726 4934 Justus
2748 4875 2995 4929 Dominus
3013 4872 3067 4924 in
3087 4865 3311 4924 omnibus
3334 4864 3425 4918 viis
3443 4862 3567 4926 suis,

1999 4994 2046 5040 et
2072 4990 2273 5038 sanctus
2299 4979 2354 5031 in
2379 4973 2606 5030 omnibus
2625 4970 2856 5041 aperibus
2879 4965 3004 5020 suis.

2066 5072 2156 5126 22.
2181 5068 2331 5142 [vers.
2351 5063 2464 5136 18.]
2492 5061 2660 5132 Prope
2685 5068 2757 5113 est
2797 5055 3048 5111 Dominus
3075 5047 3304 5105 omnibus
3331 5045 3571 5098 invocan-

1998 5167 2128 5221 tibus
2155 5134 2286 5216 eum.
2315 5157 2386 5213 Et
2406 5134 2496 5212 ubi
2524 5162 2606 5209 est
2631 5150 2758 5208 illud
2786 5189 2801 5214 ,
2831 5146 2946 5201 Erit
2974 5143 3107 5198 enim
3129 5157 3241 5195 cum
3273 5134 3577 5192 invocabunt

1997 5275 2079 5312 me
2104 5297 2119 5321 ,
2148 5264 2194 5310 et
2228 5269 2329 5308 non
2368 5247 2635 5305 exaudiam
2673 5258 2756 5298 eos
2781 5239 2799 5310 (
2825 5237 2984 5293 Prov.
3012 5251 3052 5301 ι,
3080 5233 3151 5289 28
3173 5233 3238 5304 )?
3266 5231 3407 5300 Ergo
3458 5227 3578 5282 vide

1999 5347 2143 5420 quod
2171 5344 2410 5414 sequitur
2442 5357 2454 5393 :
2487 5335 2730 5392 Omnibus
2757 5331 2844 5402 qui
2869 5329 3099 5382 invocant
3127 5339 3240 5379 eum
3261 5324 3315 5376 in
3354 5322 3576 5374 veritate.

1999 5411 2132 5497 Nam
2161 5411 2310 5490 multi
2330 5445 2450 5488 eum
2471 5429 2718 5486 invocant
2739 5437 2843 5478 nou
2874 5421 2926 5475 in
2943 5419 3186 5474 veritate.
3205 5413 3360 5470 Aliud
3383 5412 3450 5467 ab
3477 5411 3568 5466 illo

2001 5535 2279 5604 quierunt,
2296 5533 2352 5580 et
2374 5523 2547 5593 ipsum
2579 5531 2682 5572 non
2716 5519 2978 5585 quaerunt.
3002 5509 3351 5576 Quareamas
3376 5505 3580 5560 Dcmn?
