4038 6460
245 389 404 468 isss’

245 525 361 600 dem
399 515 887 598 perturbationem,
933 512 1167 588 suggerit
1204 509 1452 584 gaudium
1485 500 1816 600 nondumds

252 596 328 682 re,
370 594 463 670 sed
491 614 556 684 de
583 628 677 696 spe
695 655 708 679 ,
732 621 786 667 et
819 611 891 664 ait
911 609 988 664 illi
1017 603 1338 678 perturbatae
1367 612 1422 658 et
1449 598 1618 654 anxiae
1643 640 1658 664 ,
1683 594 1821 651 tristi

247 717 295 766 et
326 706 574 768 maerenti
608 695 622 760 ἐ
666 707 830 775 Spera
849 705 902 758 in
927 701 1199 756 Dominum
1224 741 1239 765 ,
1261 698 1496 769 quoniam
1519 695 1683 748 adhuc
1703 708 1823 747 con-
1854 747 1860 750 .

253 803 420 872 (itebor
448 800 525 854 illi
565 800 584 871 (
617 795 760 852 Psat.
792 812 918 864 xui,
949 793 1043 868 5).
1075 793 1234 864 Spem
1266 805 1367 863 qua
1413 805 1472 845 se
1512 787 1720 854 erexit,
1767 786 1824 842 in

160 924 164 928 -
250 894 585 952 confessione
620 890 929 957 constituit,
972 886 1120 960 quasi
1149 885 1350 942 diceret
1391 884 1438 940 ei
1472 881 1646 937 anima
1692 895 1818 948 sua,

249 1005 365 1059 qua;
397 986 542 1059 illum
564 985 771 1041 tristitia
791 981 1158 1046 conturbabat,
1175 975 1316 1048 Quid
1334 976 1462 1031 mihi
1488 974 1640 1039 dicis,
1661 974 1826 1044 Spera

250 1058 302 1136 in
335 1058 608 1134 Dominum
632 1079 658 1132 Ρ
681 1077 918 1133 Revocat
961 1090 1046 1130 me
1093 1071 1414 1127 conscientia
1447 1076 1780 1140 peccatorum
1807 1082 1823 1134 ;

251 1187 350 1254 ego
378 1170 500 1228 novi
529 1186 646 1242 qua:
689 1167 953 1233 commisi,
974 1175 1030 1222 et
1056 1165 1206 1229 dicis,
1239 1161 1405 1234 Spera
1431 1161 1482 1214 in
1508 1160 1779 1214 Dominum
1801 1156 1830 1214 .’

249 1262 572 1322 Commisisti
595 1304 610 1329 ,
638 1277 820 1316 verum
851 1267 969 1314 est:
1023 1255 1161 1312 unde
1206 1265 1380 1310 tamen
1437 1255 1658 1324 speras?
1687 1254 1827 1322 Quo-

251 1356 389 1408 niam
427 1351 702 1424 conﬁtebor
729 1352 826 1404 illi.
857 1349 1007 1404 Sicut
1033 1347 1146 1402 odit
1172 1347 1311 1401 Deus
1355 1354 1570 1415 peccata
1601 1358 1694 1399 sua
1722 1342 1821 1398 de-

251 1446 579 1510 fendentem,
627 1441 703 1498 sic
743 1440 984 1506 sublevat
1011 1439 1379 1494 conﬁtentem.
1407 1437 1516 1492 Hac
1561 1451 1689 1507 ergo
1734 1449 1830 1506 spe

247 1546 499 1610 accepta,
559 1551 676 1606 quae
719 1549 838 1604 spes
891 1548 996 1588 non
1042 1539 1216 1600 potest
1256 1544 1376 1584 esse
1414 1528 1530 1584 sine
1580 1527 1773 1599 gaudio
1809 1543 1825 1594 ;

248 1631 494 1702 quamvis
522 1629 576 1683 in
612 1628 772 1683 rebus
803 1625 970 1683 simus
1000 1624 1309 1680 difficilibus
1351 1622 1643 1677 secundum
1674 1623 1829 1675 istam

254 1725 413 1778 vitam
444 1764 458 1788 ,
503 1729 557 1776 et
585 1721 754 1792 plenis
802 1717 1153 1790 procellarum
1182 1729 1235 1771 et
1277 1724 1686 1786 tempestatum:
1735 1713 1834 1769 hac

252 1825 432 1870 tamen
464 1829 558 1886 spe
596 1820 776 1868 erecta
820 1811 1028 1876 anima,
1075 1810 1194 1880 quia
1233 1808 1426 1879 gaudet
1469 1809 1521 1862 in
1553 1823 1665 1878 spe.
1697 1807 1835 1862 sicut

248 1907 379 1962 dicit
410 1907 714 1981 Apostolus,
734 1902 840 1976 Spe
862 1903 1152 1976 gaudentes,
1180 1903 1231 1956 in
1246 1901 1560 1955 tribulatione
1591 1901 1833 1969 patientes

252 1999 428 2074 (Rom.
451 2015 545 2065 xu,
571 1997 681 2070 1‘2);
701 1996 902 2066 accepit
922 1996 1246 2051 erectionem
1264 1993 1545 2068 quamdam
1569 1994 1620 2048 in
1638 1993 1829 2059 Deum,

254 2100 310 2144 ut
339 2089 512 2146 laudet
547 2090 710 2143 Deum
736 2104 750 2156 ;
777 2096 831 2147 et
854 2087 1045 2142 dicitur
1074 2086 1142 2153 ei,
1175 2085 1372 2162 Lauda,
1391 2085 1560 2140 animo
1582 2102 1710 2152 mea,
1729 2083 1834 2139 Do-

251 2186 464 2240 minam.

329 2277 381 2330 5.
415 2275 521 2332 Sed
545 2275 662 2345 quis
692 2274 841 2340 dicit,
873 2281 927 2329 et
967 2273 1050 2330 cui
1079 2272 1246 2328 dicit?
1275 2269 1407 2340 Quid
1437 2271 1660 2326 dicimus
1682 2312 1695 2336 ,
1724 2270 1832 2326 fra-

254 2370 410 2425 tres?
438 2369 573 2423 Caro
598 2368 745 2432 dicit,
776 2367 958 2423 Lauda
984 2410 998 2433 ,
1032 2368 1201 2421 anima
1248 2384 1356 2420 utea
1376 2408 1390 2433 ,
1429 2359 1741 2419 Dominimt?
1770 2364 1836 2420 Et

250 2471 428 2536 potest
456 2476 580 2516 caro
609 2463 802 2526 bonum
833 2460 1112 2515 consilium
1165 2459 1353 2514 animae
1402 2457 1736 2530 suggerere?
1766 2457 1836 2514 Ut

254 2553 482 2608 multum
509 2553 576 2606 sit
600 2551 830 2606 edomita
859 2567 982 2605 caro
1010 2592 1026 2623 ,
1054 2558 1107 2604 ct
1135 2566 1163 2603 a
1196 2549 1420 2604 Domino
1451 2549 1730 2620 impertitis
1751 2549 1833 2604 vi-

254 2647 408 2704 ribus
439 2655 634 2698 ιιίιειι-εῡ
681 2645 922 2699 servituti
971 2643 1205 2710 subjecta
1231 2683 1244 2704 ,
1278 2651 1334 2696 ut
1375 2644 1591 2697 omnino
1621 2643 1688 2696 ita
1719 2658 1835 2697 scr-

255 2737 369 2790 viat
401 2737 553 2790 nobis
598 2737 732 2790 sicut
762 2736 1117 2790 conditiOuale
1158 2733 1512 2806 mancipium;
1559 2732 1752 2788 sufticit
1778 2741 1835 2790 ut

249 2845 361 2883 non
405 2827 674 2898 impediat.
709 2828 911 2883 Deinde
934 2870 949 2895 ,
979 2827 1273 2882 charissimi
1297 2868 1311 2894 ,
1346 2827 1524 2895 utique
1557 2823 1775 2881 consilia
1803 2841 1834 2880 a

249 2919 566 2981 melioribus
594 2928 860 2988 petuntur.
884 2919 950 2973 Et
979 2921 1021 2974 si
1047 2919 1244 2974 bonum
1274 2918 1522 2990 quiddam
1546 2928 1627 2974 est
1652 2919 1831 2974 anima

253 3021 438 3066 nostra
476 3052 488 3076 ,
521 3021 573 3066 et
601 3013 798 3067 bonum
848 3012 1097 3083 quiddam
1147 3019 1230 3068 est
1271 3026 1396 3066 caro
1444 3019 1624 3067 nostra
1649 3053 1662 3075 ,
1709 3011 1832 3081 quia

256 3110 547 3172 utrumque
593 3101 681 3156 ille
713 3103 912 3156 creavit
959 3101 1045 3171 qui
1094 3098 1220 3156 fecit
1266 3101 1441 3154 omnia
1496 3101 1630 3156 bona
1680 3101 1834 3161 valde

254 3193 432 3266 (Gen.
467 3210 506 3262 ι,
545 3194 671 3268 5i);
717 3193 958 3265 quamvis
1005 3207 1133 3266 ergo
1181 3194 1232 3247 in
1277 3193 1562 3264 generibus
1608 3193 1834 3262 propriis

249 3297 542 3358 utrumque
568 3287 631 3358 sit
663 3287 860 3342 bonum
886 3327 899 3351 ,
934 3296 1108 3342 tamen
1134 3285 1261 3340 dicit
1295 3285 1580 3355 Apostolus
1606 3302 1619 3339 :
1641 3283 1834 3366 Corpus

245 3382 456 3456 quidem
485 3392 739 3446 mortuum
768 3389 839 3435 est
880 3388 1083 3454 propter
1110 3389 1386 3451 peccatum.
1434 3377 1531 3432 Est
1574 3378 1756 3447 utique
1782 3385 1834 3437 et

245 3461 384 3530 illud
418 3487 648 3550 corpus,
701 3472 855 3544 quale
895 3471 1048 3542 nobis
1097 3469 1444 3542 promittitur,
1497 3476 1551 3528 et
1598 3466 1833 3526 nondum

249 3563 522 3636 habemus
546 3607 561 3631 ,
595 3564 646 3632 ip
675 3565 827 3634 cuius
857 3559 1221 3632 redemptione
1261 3577 1354 3634 spe
1400 3561 1722 3631 gaudemus,
1753 3559 1835 3613 di-

240 3666 409 3716 rente
458 3657 713 3726 Apostoio
743 3675 755 3710 :
785 3655 850 3709 In
891 3655 1254 3726 nobismetipsis
1297 3654 1684 3726 ingemisrimus,
1736 3654 1833 3706 ad-

239 3749 503 3824 optionem
519 3757 878 3820 exspectantes,
894 3748 1280 3820 redemptionem
1294 3747 1517 3817 Corporis
1532 3746 1707 3800 nostri.
1727 3745 1832 3816 Spe

239 3841 538 3908 enintaalui
565 3843 898 3914 factisunms.
950 3841 1080 3909 Spes
1126 3850 1291 3893 autem
1335 3855 1446 3909 qua:
1492 3841 1704 3903 videtur,
1731 3856 1834 3896 non

238 3947 316 4005 est
351 3952 499 4008 spes:
524 3936 657 4006 quod
681 3935 811 4000 enim
838 3934 970 3988 videt
995 3933 1139 4004 quis,
1164 3931 1285 4002 quid
1327 3933 1536 4002 sperat?
1578 3931 1640 3986 Si
1665 3942 1833 3986 autent

237 4027 388 4098 quod
425 4043 524 4083 non
553 4025 775 4088 videmus
799 4040 1078 4100 speramus,
1111 4011 1199 4093 per
1237 4023 1536 4093 patientiam
1570 4033 1831 4094 exspecta-

238 4136 364 4186 mus
403 4117 423 4192 (
455 4119 604 4182 Rom.
632 4133 744 4188 vui,
774 4116 862 4190 10,
890 4115 977 4181 ‘25,
1008 4115 1099 4180 Ἡ,
1126 4113 1196 4180 ‘25
1223 4113 1266 4182 ).
1291 4114 1540 4184 Quamvis
1578 4130 1703 4186 ergo
1735 4113 1832 4167 bo-

239 4228 378 4268 num
411 4208 624 4280 aliquod
674 4209 741 4264 sit
768 4222 960 4278 corpus
1017 4217 1292 4270 nostrum;
1354 4214 1529 4258 tamen
1581 4203 1830 4275 quamdiu

238 4301 478 4370 mortale
501 4308 714 4376 propter
742 4291 1043 4372 peceatum,
1069 4295 1318 4367 quamdiu
1349 4294 1610 4363 indigens,
1638 4311 1828 4364 quam-

236 4394 333 4448 diu
368 4389 734 4460 corruptihile,
770 4387 1021 4458 quamdiu
1047 4388 1115 4440 ita
1144 4385 1420 4448 mutabile,
1459 4393 1514 4438 ut
1542 4399 1606 4438 ne
1634 4393 1831 4455 puncto

237 4483 464 4566 quidem
494 4481 748 4552 temporis
784 4479 1040 4538 consistat
1070 4478 1122 4531 in
1152 4493 1210 4532 se
1234 4519 1249 4544 ,
1284 4475 1465 4546 procul
1515 4475 1676 4530 dubio
1727 4474 1830 4530 tale

238 4587 322 4654 est
352 4615 366 4652 ρ
401 4585 458 4643 ut
509 4585 751 4644 optemus
809 4572 1232 4646 redemptionem
1265 4569 1435 4642 illius,
1470 4585 1572 4646 qua
1629 4569 1698 4623 sit
1728 4569 1828 4623 ali-

239 4668 463 4744 quando
509 4682 616 4736 non
652 4666 772 4732 tale.
808 4664 914 4720 Sed
946 4664 1099 4740 quale
1141 4666 1242 4717 erit
1289 4661 1615 4731 aliquando?
1655 4659 1827 4730 Quale

240 4764 388 4834 idem
419 4760 690 4834 apostolus
729 4758 856 4814 dicit
894 4757 1000 4811 alio
1038 4757 1189 4820 loco:
1241 4753 1451 4824 Oportet
1497 4754 1824 4823 corruptibilis~

239 4857 340 4918 [iac
370 4854 582 4914 induere
609 4849 1058 4921 incorruptionem,
1083 4854 1128 4901 et
1154 4845 1365 4900 mortale
1391 4846 1484 4897 hoc
1513 4845 1719 4899 induere
1741 4846 1829 4899 int-

237 4945 604 5018 mprgglqugm
633 4941 694 5016 (Ι
722 4940 838 4998 Cor.
868 4954 957 5005 xv,
991 4939 1059 4993 55
1081 4941 1122 5009 ).
1154 4935 1259 4992 Sed
1305 4937 1463 4992 etiam
1508 4951 1626 4989 eum
1672 4935 1828 4990 fuerit

237 5041 351 5109 tale
380 5051 576 5110 corpus
601 5045 864 5102 nostrum,
883 5045 1074 5102 corpus
1087 5031 1194 5100 iam
1217 5030 1431 5084 caeleste
1453 5037 1503 5082 et
1531 5028 1822 5100 spirituale,

234 5147 440 5204 corpus
481 5128 778 5200 angelicum
821 5126 872 5182 in
906 5123 1161 5194 societate
1194 5121 1549 5192 Angelorum,
1601 5135 1698 5174 nec
1747 5122 1825 5175 sic

234 5225 390 5286 dabit
415 5222 694 5293 consilium
730 5220 940 5292 animae.
973 5216 1196 5288 Semper
1231 5215 1372 5266 enim
1422 5227 1616 5283 corpus
1642 5255 1655 5277 ,
1687 5227 1822 5281 quo-

234 5317 385 5376 niam
414 5328 607 5383 corpus
636 5321 738 5377 est,
769 5308 906 5365 infra
937 5308 1169 5364 animam
1200 5315 1303 5371 est,
1337 5312 1390 5370 et
1414 5303 1617 5376 quaevis
1646 5301 1822 5358 anima

233 5407 361 5463 vilis
382 5401 832 5470 excellentissimo
861 5411 1084 5469 corpore
1114 5395 1459 5451 excellentior
1489 5395 1780 5452 invenitur.

302 5497 367 5554 4.
393 5494 501 5552 Nec
537 5492 688 5560 vobis
718 5491 817 5548 hoc
843 5488 992 5562 quasi
1035 5485 1278 5558 mirabile
1323 5486 1582 5551 videatur,
1611 5485 1736 5554 quia
1766 5493 1821 5540 et

231 5589 363 5644 vilis
405 5587 582 5650 anima
614 5582 864 5658 quaelibet
901 5577 1173 5652 peccatrix
1217 5575 1409 5631 melior
1457 5585 1538 5630 est
1581 5575 1820 5646 quolibet

230 5694 438 5756 magno
482 5687 539 5734 et
592 5671 1033 5748 praestantissimo
1081 5682 1324 5737 corpore.
1355 5666 1470 5722 Non
1509 5676 1589 5721 est
1631 5666 1820 5721 melior-

228 5770 494 5840 meritis,
546 5768 640 5826 sed
698 5771 907 5832 natura.
964 5761 1056 5815 Est
1114 5759 1328 5830 quidem
1389 5758 1566 5813 anime
1622 5772 1817 5828 pecea-

229 5865 348 5923 trix
375 5904 390 5932 ,
418 5873 500 5920 est
526 5859 845 5933 quibusdam
871 5853 1428 5924 concupiscentiarum
1458 5848 1706 5907 sordibus
1734 5851 1818 5905 in-

1301 383 1700 452 ENARRA’I'IO
1739 390 1804 439 ιιι
1843 374 2166 444 "ALL"!!!
2195 385 2404 448 CXLV.

1927 506 2180 578 qulnata:
2235 518 2412 567 tamen
2457 497 2649 568 melius
2671 516 2790 580 est,
2819 507 2919 568 etsi
2965 509 3260 580 sordidum,
3290 525 3480 568 aurum

1927 625 2083 681 qttam
2115 605 2546 679 purgatissimum
2593 605 2889 676 plumbum.
2948 607 3023 661 Ita
3062 614 3244 662 currat
3291 606 3503 662 animus

1928 719 2105 765 vester
2129 722 2222 778 per
2243 712 2462 760 cunctas
2484 711 2756 758 creaturas
2777 703 2820 771 ί,
2849 710 2903 757 et
2932 701 3176 758 videbitis
3200 699 3343 772 quod
3371 699 3503 755 dici-

1931 817 2047 857 mus
2074 815 2180 856 non
2210 815 2329 856 esse
2359 797 2708 863 incredibile;
2741 803 2798 852 ut
2825 797 3066 868 quamvis
3092 794 3267 848 anima
3296 793 3506 862 vitupeo

1933 893 2112 950 rabilis
2138 935 2151 959 ,
2175 891 2494 948 laudabilior
2519 891 2586 946 sit
2613 901 2788 946 tamen
2817 887 3064 945 laudabili
3102 901 3346 958 corpore.
3389 887 3503 941 Duo

1929 987 2169 1058 quaedam
2202 995 2343 1053 sunt,
2369 987 2542 1040 anima
2584 993 2638 1040 et
2683 999 2896 1054 corpus.
2940 983 3183 1038 Animam
3227 981 3502 1050 vitupero,

1932 1093 2124 1149 corpus
2169 1078 2328 1133 laudo
2357 1096 2369 1133 :
2425 1079 2656 1133 animam
2705 1077 2950 1147 vitupero
2978 1118 2992 1143 ,
3025 1074 3146 1146 quia
3180 1074 3358 1144 iniqua
3382 1079 3504 1137 est;

1932 1188 2125 1245 corpus
2151 1173 2306 1228 laudo
2328 1215 2342 1240 ,
2371 1174 2490 1244 quia
2518 1187 2702 1228 sanum
2740 1182 2840 1229 est.
2864 1171 3064 1227 Tamen
3092 1169 3145 1225 ia
3185 1183 3284 1225 suo
3311 1180 3507 1238 genere

1931 1267 2161 1326 animam
2197 1266 2370 1331 laudo,
2403 1269 2484 1323 vel
2516 1268 2566 1322 in
2606 1281 2704 1322 suo
2729 1280 2926 1339 genere
2963 1265 3193 1318 animum
3231 1261 3387 1330 culpo
3413 1277 3427 1327 ;
3453 1263 3509 1314 et

1934 1363 1984 1417 in
2017 1376 2114 1416 suo
2164 1377 2360 1432 genere
2398 1377 2590 1433 corpus
2627 1362 2785 1417 laudo
2813 1404 2827 1428 ,
2858 1360 2944 1416 vel
2997 1359 3177 1430 ettlpo.
3205 1357 3260 1413 Si
3288 1371 3374 1412 me
3423 1353 3508 1410 in-

1937 1463 2172 1525 terroges
2217 1455 2338 1526 quid
2370 1455 2438 1508 sit
2465 1454 2652 1509 melius
2671 1496 2684 1519 ,
2717 1464 2892 1509 utrum
2921 1450 3377 1524 quodvituperavl
3402 1491 3418 1518 ,
3441 1463 3510 1506 an

1935 1548 2076 1619 quod
2119 1531 2368 1610 laudavi;
2422 1545 2716 1602 mirabilem
2757 1547 3157 1620 responsionem
3198 1554 3512 1615 recepturus

1936 1655 2015 1696 es.
2042 1641 2150 1710 Ego
2180 1648 2322 1696 certe
2348 1639 2476 1695 illud
2496 1640 2810 1710 vituperavi,
2841 1649 2894 1695 et
2915 1655 3013 1711 ego
3037 1639 3138 1694 hoc
3157 1639 3364 1694 laudavi
3394 1637 3513 1696 εἰη-

1940 1739 2234 1803 termgatus
2267 1739 2440 1788 tamen
2485 1731 2611 1803 quid
2654 1730 2723 1786 sit
2762 1729 2990 1797 melius,
3037 1731 3332 1801 respondeo
3391 1743 3514 1785 esse

1938 1823 2126 1878 melius
2156 1821 2299 1895 quod
2326 1823 2638 1898 vituperavi,
2664 1839 2728 1878 eo
2768 1822 2908 1898 quod
2958 1823 3184 1878 laudavi.
3216 1822 3272 1877 Si
3302 1821 3513 1882 miraris

1938 1918 1990 1972 in
2021 1918 2101 1973 his
2136 1917 2379 1986 duobus,
2412 1917 2626 1972 attende
2672 1917 2757 1972 illa
2789 1917 2894 1973 duo
2938 1918 2987 1971 in
3020 1925 3268 1990 promptu
3299 1915 3469 1986 posita
3495 1955 3511 1980 ,

1938 2028 2055 2084 quae
2087 2013 2501 2067 commemoravi
2547 2011 2614 2069 de
2659 2027 2790 2067 auro
2835 2022 2888 2082 et
2918 2011 3154 2084 plumbo.
3189 2012 3328 2068 Ecce
3373 2012 3513 2066 vitu-

1938 2106 2116 2178 peravi
2153 2122 2364 2162 aurum.
2408 2106 2520 2160 Non
2581 2106 2777 2168 bonum
2822 2121 3044 2178 aurum,
3089 2105 3360 2161 sordidum
3389 2113 3469 2160 est
3498 2146 3514 2174 ,

1938 2215 2046 2256 non
2077 2200 2145 2253 ita
2176 2198 2338 2275 fulget
2366 2241 2379 2265 ,
2408 2214 2514 2254 non
2540 2199 2609 2254 ita
2641 2207 2940 2270 purgatum.
2975 2197 3086 2252 Hoc
3114 2196 3388 2268 plumbum
3417 2213 3515 2266 op-

1939 2292 2146 2360 timum,
2182 2290 2309 2352 nihil
2339 2291 2630 2366 purgatius.
2655 2289 2787 2356 llluti
2816 2290 3128 2362 vituperavi,
3152 2289 3255 2352 hoc
3279 2288 3516 2360 laudavi;

1938 2392 1993 2438 et
2020 2385 2172 2456 posui
2215 2392 2340 2444 ante
2381 2392 2432 2439 le
2463 2395 2742 2462 utrumque
2768 2426 2781 2449 ,
2819 2384 3128 2454 vituperans
3155 2399 3314 2438 unum
3347 2424 3360 2449 ,
3405 2383 3518 2436 lau-

1938 2478 2070 2534 dans
2096 2476 2257 2534 aliud.
2278 2477 2403 2536 Post
2431 2476 2568 2532 hanc
2589 2478 3030 2550 vituperationem
3055 2474 3518 2546 laudationemque

1937 2586 2147 2642 meam,
2183 2571 2444 2652 interroga
2493 2587 2580 2632 me
2624 2570 2747 2642 quid
2792 2571 2979 2632 horum
3029 2571 3098 2636 sit
3146 2569 3375 2636 melius;
3425 2555 3516 2626 rc-

1938 2664 2232 2736 spondebo,
2266 2665 2467 2734 Aurum
2491 2665 2682 2732 melius
2712 2673 2794 2726 est
2819 2665 2978 2724 ctiam
3005 2661 3315 2738 sordidum,
3356 2676 3517 2734 quam

1940 2759 2217 2829 plmuhum
2248 2769 2547 2832 purgatum.
2583 2758 2735 2816 Unde
2764 2759 2995 2822 melius?
3022 2767 3076 2816 et
3114 2772 3279 2830 quare
3308 2758 3518 2828 vitupe-

1939 2853 2114 2914 rasti?
2157 2855 2334 2922 Quare
2385 2854 2712 2928 vituperavit?
2756 2853 2888 2926 Quia
2929 2853 3165 2920 nondum
3209 2861 3291 2916 est
3329 2866 3520 2922 aurum

1938 2944 2078 3014 quod
2105 2955 2278 3016 potest
2305 2959 2444 3012 esse.
2474 2945 2609 3016 Quid
2631 2954 2806 3018 potest
2835 2946 2990 3008 esse?
3019 2945 3304 3018 Purgatum
3330 2954 3383 3000 et
3402 2958 3515 3002 me-

1940 3037 2062 3102 lius.
2097 3038 2228 3109 Quia
2283 3037 2520 3096 nondum
2571 3047 2854 3108 purgatum
2887 3045 2970 3094 est
2993 3078 3008 3108 ,
3035 3038 3390 3107 vituperatum
3416 3043 3516 3092 est.

1939 3128 2222 3192 Plumbum
2248 3145 2416 3200 quare
2467 3129 2738 3198 laudatum
2772 3129 2898 3200 est?
2925 3128 3059 3195 Quia
3087 3129 3192 3202 jam
3226 3129 3297 3183 ita
3323 3142 3520 3199 purga-

1939 3232 2050 3280 tum
2072 3232 2173 3290 est,
2198 3231 2256 3278 ut
2283 3224 2472 3286 melius
2500 3239 2620 3290 esse
2647 3239 2754 3292 non
2785 3223 2973 3297 possit.
3006 3222 3133 3291 item
3165 3223 3300 3288 dicis
3325 3237 3520 3294 equum

1938 3316 2194 3384 optimum
2223 3354 2240 3380 ,
2272 3325 2326 3369 et
2356 3314 2625 3378 hominem
2655 3314 2982 3386 pessimum;
3010 3322 3191 3376 tamen
3227 3329 3365 3386 equo
3402 3315 3520 3381 lau-

1938 3405 2066 3472 dato
2109 3405 2376 3476 priepouis
2400 3405 2672 3472 hominem
2702 3407 3078 3476 vituperatum.
3107 3405 3162 3462 Si
3186 3406 3330 3464 enim
3353 3406 3519 3462 inter-

1938 3501 2142 3571 rogeris
2167 3517 2234 3566 ex
2263 3499 2347 3562 bis
2393 3500 2600 3564 duobus
2623 3500 2754 3572 quid
2783 3501 2854 3555 sit
2889 3501 3078 3568 melius
3102 3542 3118 3570 ,
3160 3514 3515 3572 responsurus

1939 3608 2018 3661 es,
2049 3594 2250 3658 Homo:
2285 3609 2394 3658 non
2439 3594 2679 3662 meritis.
2709 3592 2804 3654 sed
2831 3602 3042 3661 natura.
3079 3591 3136 3660 la
3162 3593 3364 3660 artibus
3387 3592 3520 3660 dicis

1939 3686 2195 3755 optimum
2227 3695 2464 3749 sutorem
2489 3726 2504 3752 ,
2533 3685 2680 3746 verbi
2724 3685 2892 3756 gratia
2920 3725 2936 3752 ,
2967 3694 3019 3742 et
3045 3685 3394 3756 reprehendis
3420 3685 3519 3742 ali-

1938 3795 2095 3848 quem
2117 3779 2507 3849 jurisporitum.
2537 3777 2684 3850 quod
2708 3779 2906 3844 multis
2923 3779 3067 3849 leges
3095 3779 3338 3849 ignoret;
3369 3785 3518 3834 suto-

1939 3885 2051 3926 rem
2080 3869 2302 3930 laudasti
2333 3909 2348 3936 ,
2376 3869 2742 3940 iurisperitum
2775 3867 3165 3938 reprehendisti
3191 3885 3204 3922 :
3235 3883 3298 3924 ex
3327 3866 3409 3926 his
3435 3875 3519 3922 ta-

1937 3979 2062 4030 men
2089 3963 2296 4024 duobus
2335 3977 2518 4033 quaere
2538 3961 2661 4032 quis
2689 3962 2758 4020 sit
2781 3961 2998 4027 melior;
3027 3961 3323 4032 imperitior
3355 3961 3519 4032 juris-

1937 4057 2140 4126 peritus
2173 4055 2410 4126 perfecto
2429 4054 2598 4116 sutori
2633 4054 2981 4124 praeponitur.
3003 4051 3247 4121 intendat
3272 4051 3520 4114 Charitas

1937 4161 2134 4205 vestra.
2165 4149 2242 4206 ita
2273 4149 2456 4208 multis
2484 4147 2643 4211 rebus
2674 4146 2919 4216 laudatis,
2939 4145 3164 4216 aliisque
3182 4145 3514 4216 vituperatis,

1938 4242 2251 4312 interrogati
2301 4242 2749 4311 plerumqueres
2784 4241 3116 4309 vitupﬁrataa
3159 4239 3520 4312 praeponimus

1936 4337 2094 4392 rebus
2122 4335 2366 4391 laudatis.
2396 4334 2589 4399 Natura
2639 4334 2830 4394 animm
2877 4332 3215 4404 praestantior
3245 4340 3335 4390 est.
3358 4346 3520 4406 quem

1936 4437 2121 4484 natura
2149 4427 2388 4496 corporis
2416 4466 2432 4493 ,
2459 4425 2673 4492 excellit
2695 4425 2924 4487 multum
2943 4440 2958 4490 ;
2977 4438 3068 4488 res
3094 4422 3385 4493 spiritualis
3410 4429 3516 4502 est,

1935 4533 2026 4575 res
2052 4521 2366 4588 incorporea
2397 4525 2500 4584 est,
2526 4516 2702 4575 vicine
2721 4524 2806 4576 est
2837 4514 3148 4580 substantia:
3175 4514 3292 4574 Dei.
3321 4512 3520 4582 invisis

1935 4609 2042 4664 bile
2070 4609 2323 4679 quiddam
2347 4617 2452 4676 est,
2481 4607 2616 4678 regit
2647 4622 2844 4677 corpus
2869 4647 2886 4671 ,
2930 4613 3112 4670 movet
3138 4604 3376 4660 membra
3397 4645 3412 4670 ,
3440 4603 3519 4664 di-

1936 4701 2059 4771 rigit
2090 4715 2303 4766 sensus,
2328 4709 2597 4770 pra'parat
2625 4698 3001 4768 cogitationes,
3027 4696 3232 4753 exserit
3255 4694 3518 4770 actiones,

1933 4793 2075 4862 capit
2112 4808 2292 4848 rerum
2322 4791 2650 4854 inﬁnitarum
2682 4790 2973 4861 imagines;
3023 4797 3076 4854 et
3111 4789 3228 4859 quis
3272 4796 3355 4850 est
3401 4794 3517 4854 tat):

1933 4887 2086 4950 dem,
2117 4885 2306 4938 fratres
2345 4883 2647 4944 charissimi
2681 4922 2696 4950 ,
2727 4883 2816 4952 qui
2860 4881 3093 4948 sufﬁciat
3131 4877 3374 4946 laudibus
3399 4877 3516 4946 ειιιὶτ

1934 4978 2077 5031 nnc?
2123 4977 2192 5030 Et
2213 4975 2262 5030 si
2283 4975 2334 5030 in
2358 4975 2550 5032 animae
2581 4973 2828 5037 laudibus
2847 4973 3112 5043 delinitur.
3144 4986 3262 5046 qua:
3289 4971 3404 5036 iam
3431 4977 3517 5040 ερι

1931 5068 2046 5138 ejus
2073 5068 2163 5137 qui
2201 5067 2433 5124 animant
2459 5066 2738 5127 condidit?
2766 5066 2833 5130 Et
2865 5073 3041 5130 tamen
3076 5070 3219 5132 tanta
3273 5070 3358 5128 est
3396 5061 3514 5139 ejus

1929 5163 2121 5234 gratia,
2155 5170 2214 5217 ut
2239 5162 2386 5218 dicat
2411 5162 2576 5220 homo
2603 5161 2724 5224 iste,
2747 5156 2950 5224 Lauda,
2971 5156 3142 5224 enim
3168 5171 3300 5222 mea,
3332 5153 3513 5210 Domi-

1930 5269 2071 5308 num.
2103 5253 2234 5319 Quis
2267 5259 2446 5324 potest
2503 5249 2718 5311 laudare
2766 5247 2975 5308 Deum?
3027 5245 3083 5315 Si
3122 5245 3359 5316 diceret,
3402 5243 3510 5304 Te-

1928 5348 2096 5418 ipsam
2122 5347 2294 5412 lauda,
2317 5346 2542 5406 fortasse
2566 5341 2818 5408 deﬁceret
2848 5339 3084 5410 :Lattdq,
3109 5338 3300 5412 inquit,
3320 5336 3506 5394 Deum.

1927 5441 2138 5496 Conare
2167 5438 2380 5509 pietatis
2399 5435 2621 5500 affectu,
2639 5433 2860 5498 (lebetes
2888 5432 2942 5488 in
2968 5431 3215 5500 laudibus
3235 5430 3373 5502 ejus.
3397 5429 3508 5486 Exs-

1928 5533 2075 5603 pedit
2117 5531 2206 5586 tibi
2239 5528 2473 5584 deiicere
2514 5524 2785 5588 laudando
2816 5523 2986 5592 Deum
3011 5564 3027 5586 .
3057 5536 3215 5596 quam
3245 5520 3506 5597 proﬁcere

1925 5623 2189 5679 laudando
2219 5630 2288 5676 te.
2312 5619 2445 5674 Cum
2468 5617 2610 5674 enim
2631 5615 2816 5673 laudas
2843 5615 3033 5683 Deum,
3065 5625 3118 5672 et
3144 5627 3250 5673 non
3269 5612 3505 5685 explicas

1989 5829 2004 5860 ι
2041 5833 2168 5887 uss,
2192 5833 2278 5890 per
2300 5822 2471 5880 cuncta
2488 5823 2744 5882 creauere.
