4038 6462
522 358 651 417 1887

515 474 655 545 quod
684 473 781 538 vis,
804 471 1109 528 extenditur
1133 470 1188 526 in
1229 470 1483 525 interiora
1502 470 1519 501 ί
1546 468 1797 539 cogitatio
1823 477 1949 533 tua;
1976 467 2091 537 ipsa

518 568 760 621 extensio
788 567 1117 634 capaciorem
1148 573 1199 618 te
1228 563 1348 616 facit
1374 562 1490 632 ejus
1519 577 1675 631 quem
1706 560 1910 616 laudas.

587 660 642 714 5.
682 658 808 724 Quis
846 672 975 724 ergo
1011 666 1121 720 est,
1163 664 1219 709 ut
1256 655 1433 710 dicere
1472 670 1769 724 cmperam,
1811 653 1899 722 qui
1938 652 2085 717 dicit,

515 750 694 805 Lauda
714 794 725 814 ,
756 751 927 803 anima
954 766 1063 803 mea
1083 792 1097 815 ,
1144 749 1415 803 Dominum
1438 750 1463 801 ?
1505 746 1643 802 Caro
1674 762 1777 800 non
1817 746 1962 801 dicit.
2012 744 2091 799 Sit

514 844 637 899 licet
680 857 875 912 corpus
917 843 1248 911 angelicum,
1298 842 1517 896 inferius
1555 849 1637 895 est
1676 854 1831 908 quam
1875 838 2089 902 anima;

513 935 792 989 consilium
837 935 1097 1004 superiori
1126 933 1257 987 dare
1284 950 1389 987 non
1418 942 1613 1003 potest.
1661 930 1842 985 Infelix
1873 940 1953 984 est
1979 930 2091 998 ipsa

515 1028 691 1082 anima
711 1068 725 1091 ,
757 1028 799 1083 si
831 1042 859 1081 a
890 1043 1113 1097 corpore
1153 1035 1424 1095 exsliectat
1460 1024 1761 1080 consilium.
1794 1022 1928 1076 Caro
1960 1023 2093 1077 bene

516 1119 795 1186 obediens,
829 1119 1024 1173 famula
1053 1129 1132 1173 est
1158 1119 1385 1183 animae;
1421 1118 1508 1172 illa
1535 1117 1686 1187 regit,
1722 1115 1835 1168 hac
1860 1115 2090 1184 regitur;

516 1211 606 1265 illa
636 1211 879 1281 imperat,
906 1212 1003 1265 ista
1033 1210 1318 1264 famulatur
1343 1227 1354 1263 :
1379 1207 1589 1279 quando
1616 1214 1789 1276 potest
1815 1220 1939 1259 caro
1963 1203 2091 1257 dare

518 1301 621 1357 hoc
640 1304 919 1357 consilium
941 1302 1175 1357 animae?
1201 1302 1329 1368 Quis
1356 1309 1436 1355 est
1459 1315 1585 1369 ergo
1605 1300 1692 1369 qui
1716 1298 1863 1363 dicit,
1889 1295 2091 1364 Lauda,

517 1398 684 1450 anima
711 1414 853 1461 mea,
899 1394 1220 1457 Dominum?
1264 1394 1404 1448 Nihil
1449 1394 1743 1447 invenimus
1781 1391 2006 1459 amplius
2037 1389 2093 1443 in

516 1484 761 1553 homine,
795 1502 952 1557 quam
982 1503 1195 1542 carnem
1239 1496 1292 1541 et
1321 1486 1553 1539 animam
1591 1502 1602 1536 :
1637 1492 1779 1537 totus
1805 1482 1964 1535 homo
1994 1480 2096 1535 hoc

515 1589 631 1643 est,
662 1580 878 1648 spiritus
904 1588 957 1634 et
986 1595 1131 1633 caro.
1163 1580 1242 1633 An
1277 1578 1409 1632 forte
1451 1578 1561 1647 ipsa
1592 1577 1767 1631 anima
1816 1575 1915 1629 sibi
1945 1574 2091 1639 dicit,

516 1676 573 1723 et
600 1669 697 1723 sibi
728 1670 954 1738 quodam
984 1668 1142 1723 modo
1168 1673 1411 1737 imperat,
1443 1675 1498 1721 et
1521 1682 1579 1720 se
1602 1667 1913 1720 exhortatur
1938 1675 2095 1735 atque

516 1759 750 1814 excitat?
797 1759 1121 1825 Quibusdam
1164 1759 1304 1812 enim
1347 1758 1827 1828 perturbationibus
1867 1772 1931 1811 ex
1962 1771 2093 1825 qua-

514 1849 637 1903 dam
666 1852 745 1903 sui
774 1860 921 1919 parte
943 1850 1208 1914 ﬂuitabat;
1239 1864 1307 1904 ex
1337 1848 1561 1918 quadam
1584 1864 1709 1903 vero
1737 1856 1905 1917 parte,
1935 1862 2094 1916 quam

517 1951 709 1995 vocant
740 1952 973 1996 mentem
997 1941 1327 2005 rationalem,
1361 1941 1501 1994 illam
1528 1954 1631 2009 qua
1657 1939 1854 2009 cogitat
1883 1938 2096 2007 sapien-

516 2032 684 2097 tiam,
718 2032 986 2086 inhterens
1014 2032 1237 2085 Domino
1275 2032 1383 2100 jam
1430 2040 1484 2085 et
1524 2030 1799 2099 suspirans
1840 2028 1890 2080 in
1924 2027 2092 2091 illum,

514 2122 888 2177 animadvertit
916 2123 1168 2191 quasdam
1200 2136 1324 2175 suas
1354 2120 1634 2175 inferiores
1678 2129 1851 2189 partes
1884 2127 2095 2188 pertur-

514 2213 629 2269 bari
660 2215 891 2271 motibus
930 2215 1305 2275 saecularibus,
1338 2223 1391 2268 et
1419 2212 1705 2282 cupiditate
1731 2210 1953 2280 quadam
1984 2220 2093 2265 ter-

512 2318 763 2359 renorum
804 2304 1192 2359 desideriorum
1234 2304 1311 2358 ire
1354 2304 1406 2357 in
1451 2303 1749 2365 exteriora,
1794 2301 2094 2371 relinquere

514 2398 824 2453 interiorem
854 2398 1019 2452 Deum
1057 2414 1069 2450 :
1106 2407 1315 2453 revocat
1345 2411 1403 2451 se
1435 2395 1501 2450 ab
1531 2395 1884 2450 exterioribus
1913 2394 1978 2448 ad
2011 2394 2094 2447 in-

517 2490 735 2554 teriora,
768 2492 835 2544 ab
865 2489 1199 2544 inferioribus
1226 2488 1291 2544 ad
1322 2488 1614 2557 superiora,
1641 2497 1695 2542 et
1718 2486 1866 2551 dicit,
1891 2485 2091 2551 Lauda,

513 2583 687 2635 anima
713 2598 855 2642 mea,
884 2581 1181 2634 Dominum.
1224 2578 1363 2647 Quid
1405 2579 1496 2633 tibi
1539 2583 1712 2647 placet
1756 2578 1806 2630 in
1858 2576 2095 2629 saeculo?

515 2674 653 2743 Quid
684 2683 765 2728 est
792 2674 933 2743 quod
957 2673 1034 2727 vis
1064 2672 1324 2726 laudare?
1354 2670 1477 2741 quid
1504 2678 1585 2725 est
1612 2668 1753 2739 quod
1776 2669 1854 2723 vis
1879 2666 2095 2721 amare?

514 2763 857 2835 Quacumque
884 2764 1157 2834 corporeis
1183 2763 1427 2818 sensibus
1459 2773 1508 2815 te
1533 2761 1882 2824 converteris,
1912 2774 2097 2813 oecur-

513 2857 583 2910 rit
626 2856 721 2910 tibi
765 2857 991 2919 cceluni,
1032 2856 1262 2910 occurrit
1306 2853 1400 2907 tibi
1447 2863 1631 2907 terra:
1664 2852 1803 2922 quod
1850 2866 1996 2904 amas
2040 2852 2091 2905 in

514 2953 681 3012 terra,
716 2957 982 3001 terrenum
1013 2957 1127 3010 est;
1162 2944 1415 3015 quidquid
1446 2959 1593 2997 amas
1618 2944 1749 2998 etin
1779 2944 1935 3007 caelo,
1969 2957 2092 2997 cor-

515 3052 735 3106 poreum
763 3048 863 3093 est.
912 3038 1118 3107 Ubique
1147 3052 1294 3091 amas
1318 3078 1332 3103 ,
1361 3044 1417 3091 et
1464 3036 1657 3105 ubique
1702 3034 1884 3089 laudas
1916 3053 1928 3089 :
1960 3051 2093 3103 quo-

514 3130 675 3185 modo
704 3130 998 3185 laudandus
1041 3139 1123 3184 est
1162 3130 1249 3184 ille
1278 3129 1366 3199 qui
1396 3128 1517 3182 fecit
1564 3128 1661 3181 ista
1705 3141 1823 3196 quae
1870 3125 2094 3180 laudas?

514 3222 635 3279 1am
661 3238 787 3293 ergo
812 3223 900 3278 diu
924 3231 1179 3293 occupata
1203 3222 1398 3286 vixisti,
1424 3228 1477 3275 et
1501 3219 1890 3276 desideriorum
1919 3218 2093 3273 diver-

512 3317 677 3372 sitate
704 3318 977 3373 verberata
1005 3359 1019 3381 ,
1054 3324 1232 3386 portas
1278 3315 1457 3384 plagas
1477 3353 1491 3378 ,
1532 3312 1778 3377 saucia',
1806 3311 1968 3365 divisa
2000 3325 2093 3378 per

512 3422 723 3463 amores
752 3409 946 3463 multos
970 3451 983 3473 ,
1018 3408 1211 3477 ubique
1256 3406 1524 3475 inquieta,
1569 3416 1826 3472 nusquam
1868 3415 2086 3467 secura;

509 3498 761 3567 colligere
790 3499 853 3552 ad
883 3509 933 3553 te
976 3500 1144 3568 ipsam
1168 3497 1190 3528 ³
1216 3514 1227 3549 :
1260 3493 1515 3567 quidquid
1545 3494 1637 3548 tibi
1670 3492 1798 3547 foris
1828 3491 2087 3560 placebat,

510 3606 690 3661 quaere
720 3607 875 3661 quem
908 3591 1100 3645 habeat
1128 3598 1420 3643 auctorem.
1454 3586 1594 3641 Nihil
1624 3586 1813 3639 melius
1841 3586 1895 3638 in
1925 3593 2086 3648 terra,

510 3682 659 3736 verbi
698 3682 865 3753 gratia
887 3723 900 3747 ,
930 3696 1085 3750 quam
1119 3680 1221 3734 hoc
1251 3690 1303 3733 et
1334 3677 1460 3732 illud
1494 3695 1507 3731 :
1542 3691 1758 3738 aurum,
1792 3685 2086 3744 argentum,

509 3776 778 3838 animalia,
811 3774 1052 3837 arbores,
1082 3772 1437 3835 ammnitates,
1464 3779 1627 3824 totam
1661 3777 1854 3822 terram
1896 3766 2085 3836 cogita.

508 3869 642 3935 Quid
673 3868 861 3923 melius
907 3869 958 3921 in
999 3867 1137 3922 caelo
1161 3865 1307 3929 sole,
1354 3863 1476 3917 luna
1498 3903 1513 3926 ,
1547 3858 1851 3916 sideribus?
1896 3857 2087 3912 Totum

507 3962 701 4016 coelum
737 3962 932 4030 cogita.
980 3958 1167 4015 Omnia
1216 3957 1314 4010 ista
1366 3954 1523 4009 simul
1568 3953 1705 4007 bona
1747 3950 1922 4015 valde,
1966 3948 2088 4018 quia

508 4051 632 4107 fecit
663 4053 801 4107 Deus
845 4052 1019 4104 omnia
1074 4050 1210 4104 bona
1240 4046 1411 4101 valde.
1462 4044 1705 4114 Undique
1748 4039 2089 4111 pulchritudo

508 4146 684 4214 operis
708 4185 723 4210 ,
751 4159 868 4215 quae
895 4142 987 4197 tibi
1018 4139 1357 4197 commendat
1382 4137 1658 4192 artificem.
1686 4134 1894 4189 Miraris
1922 4133 2085 4187 fabri.

506 4252 623 4294 cam
651 4278 664 4301 ,
698 4251 818 4290 ama
863 4234 1253 4288 fabricatoreni.
1306 4229 1419 4284 Non
1466 4226 1741 4295 occuperis
1770 4224 1822 4277 in
1851 4238 1917 4278 eo
1945 4222 2087 4293 quod

505 4328 703 4384 factum
736 4337 837 4391 est,
885 4334 940 4380 et
982 4322 1200 4379 recedas
1240 4321 1308 4376 ab
1337 4320 1429 4374 illo
1470 4316 1559 4387 qui
1597 4314 1742 4370 fecit.
1793 4313 1915 4368 ﬂare
1944 4313 2089 4367 enim

506 4420 699 4489 quibus
720 4416 1018 4486 occuparis,
1044 4414 1143 4469 sub
1166 4423 1215 4467 te
1240 4410 1384 4473 fecit,
1406 4408 1529 4479 quia
1551 4405 1651 4460 sub
1669 4404 1846 4474 seipse
1868 4412 1918 4457 te
1939 4400 2083 4457 fecit.

506 4508 565 4566 Si
611 4510 836 4563 haarebis
885 4507 1166 4576 superiori,
1211 4501 1439 4557 calcabis
1485 4498 1774 4559 inferiora;
1822 4495 1866 4549 si
1908 4504 2086 4549 autem

506 4581 730 4657 recedas
756 4616 786 4653 a
819 4600 1114 4668 superiori,
1150 4598 1245 4649 ista
1290 4594 1381 4648 tibi
1414 4593 1467 4645 in
1508 4588 1822 4659 supplicium
1852 4601 2084 4641 conver-

508 4702 707 4751 tentur.
759 4692 847 4748 Sic
894 4691 1035 4745 enim
1086 4690 1277 4743 factum
1316 4694 1434 4751 est,
1476 4682 1669 4736 fratres
1703 4680 1809 4734 mei
1840 4696 1852 4731 :
1882 4678 2088 4750 accepit

508 4784 669 4840 homo
707 4797 899 4853 corpus
942 4790 1190 4851 tanquam
1237 4780 1290 4833 in
1334 4776 1683 4839 famulatum,
1716 4773 1880 4827 Deum
1908 4780 2085 4826 autem

507 4878 790 4934 Dominum
823 4877 1020 4930 habens
1042 4915 1056 4939 ,
1100 4888 1308 4928 servum
1336 4884 1531 4941 corpus
1550 4908 1564 4933 ,
1610 4866 1810 4921 habens
1837 4880 1995 4933 supra
2026 4878 2087 4918 se

507 4969 869 5034 Conditorem,
896 4967 1029 5022 infra
1054 4981 1112 5022 se
1137 4964 1277 5036 quod
1318 4963 1419 5019 sub
1446 4962 1535 5016 illo
1566 4959 1839 5015 conditum
1866 4966 1986 5021 est;
2032 4957 2085 5010 in

508 5063 687 5120 medio
727 5062 954 5132 quodam
996 5061 1114 5115 loco
1144 5057 1415 5113 rationalis
1446 5055 1619 5108 anima
1664 5052 1979 5115 constituta,
2012 5048 2088 5103 le-

508 5174 626 5229 gem
674 5156 896 5225 accepit,
943 5154 1147 5209 haerere
1194 5149 1488 5222 superiori,
1536 5159 1720 5214 regere
1760 5142 2082 5196 inferiorem.

511 5249 717 5318 Regere
743 5262 848 5301 non
873 5254 1054 5317 potest
1074 5245 1397 5302 inferiorem,
1423 5238 1525 5293 nisi
1551 5245 1763 5305 regatur
1787 5248 1816 5286 a
1843 5232 2084 5286 meliore.

510 5338 765 5395 Trahitur
793 5337 861 5391 ab
901 5336 1182 5402 inferiore,
1210 5332 1443 5389 deseruit
1471 5343 1599 5398 ergo
1647 5324 1942 5379 meliorem.
1970 5320 2086 5377 Non

513 5441 685 5501 potest
726 5444 915 5501 regere
953 5428 1094 5499 quod
1129 5425 1381 5494 regebat,
1423 5422 1543 5491 quia
1584 5417 1691 5487 regi
1733 5415 1898 5469 noluit
1923 5430 1952 5466 a
1984 5428 2087 5481 quo

509 5523 811 5592 regebatur.
841 5520 1000 5576 Modo
1032 5532 1159 5587 ergo
1189 5516 1409 5578 redeat,
1442 5512 1637 5566 laudet.
1669 5505 1957 5563 Consilium
1987 5505 2086 5559 sibi

576 5661 589 5690 ι
629 5668 729 5709 Alit.
758 5648 1502 5719 etaliquotMss.,_in_aytleinTﬂ-
1553 5703 1563 5719 ,

576 5723 598 5753 ³
629 5703 784 5782 Ego?
795 5703 940 5782 vlla:
952 5703 1123 5782 partes
1138 5703 1498 5782 desideriorum
1516 5703 1932 5782 plagas-saticulus
1946 5705 2050 5782 pinati

576 5786 596 5815 ι
630 5758 1815 5843 axiqiégii6653105555";.‘aiggejaa'iagayz
1851 5758 2087 5843 llffidquid

523 5843 593 5897 ιω
615 5828 990 5907 ρἥὐιαεῖὸαι,
1015 5851 1175 5903 mre
1196 5849 1335 5901 quem
1358 5828 1525 5884 habeat
1550 5833 1805 5879 mitterem.
1878 5828 1928 5868 at.

1733 350 1793 406 S.
1833 345 2200 407 AUGUSTINI
2237 345 2543 404 EPISCOPI

3642 348 3775 409 1888

2205 482 2271 521 ex
2296 467 2413 522 luce
2443 466 2537 522 Dei
2564 465 2655 521 dat
2690 468 2803 537 ipsa
2831 466 3005 524 anima
3045 480 3141 538 per
3176 466 3489 524 rationalem
3513 477 3771 535 mentem,

2200 559 2342 614 unde
2369 561 2601 629 concipit
2629 561 2906 616 consilium
2936 562 3098 615 fixum
3130 562 3182 616 in
3213 562 3509 617 mternitate
3538 564 3774 618 auctoris

2200 649 2306 704 sui.
2361 649 2510 719 Legit
2573 650 2641 704 ibi
2698 650 2947 719 quiddam
3001 650 3367 717 tremendum,
3420 651 3771 718 laudandum,

2200 742 2518 806 amandum,
2558 741 2962 797 desiderantium
3011 751 3065 798 et
3106 743 3461 814 appetendum
3495 764 3507 799 :
3538 744 3773 799 nondum

2202 842 2365 899 tenet,
2399 833 2634 889 nondum
2660 834 2833 902 capit;
2868 835 3231 889 coruscatione
3258 836 3483 905 quadam
3516 819 3775 904 perstrin-

2199 925 2367 994 gitur,
2398 938 2503 978 non
2533 933 2615 978 est
2646 933 2753 978 tam
2780 924 2949 979 valida
2976 934 3033 979 ut
3072 936 3283 980 maneat
3323 925 3415 981 ibi.
3445 926 3629 996 Itaque
3657 927 3772 983 col-

2202 1018 2316 1087 ligit
2361 1032 2419 1072 se
2461 1017 2527 1071 ad
2575 1018 2856 1073 sanitatem
2901 1018 3218 1088 quamdam,
3264 1027 3319 1074 et
3362 1019 3526 1084 dicit,
3569 1019 3774 1087 Meda,

2201 1110 2371 1163 anima
2402 1126 2531 1175 mea,
2560 1108 2854 1163 Dominum.

2273 1198 2326 1254 6.
2369 1200 2433 1253 Ει
2471 1200 2595 1269 quid
2636 1210 2747 1266 est,
2790 1199 3025 1273 fratres?
3062 1199 3249 1257 Nonne
3286 1201 3560 1258 laudamus
3598 1202 3777 1258 Domi-

2202 1291 2374 1346 num?
2431 1307 2607 1345 nonne
2658 1291 2893 1361 quotidie
2944 1290 3197 1363 hymnum
3246 1307 3346 1348 nos
3401 1303 3681 1349 cantamus
3710 1293 3777 1348 ‘7

2203 1399 2379 1439 n0une
2408 1386 2644 1455 quotidie
2667 1400 2762 1456 pro
2788 1385 3002 1440 modulo
3034 1394 3217 1440 nostro
3241 1394 3395 1441 sonat
3422 1401 3483 1441 os
3513 1397 3774 1455 nostrum,

2202 1478 2425 1546 parturit
2454 1493 2548 1533 cor
2592 1488 2831 1532 nostrum
2882 1478 3061 1533 laudes
3093 1478 3235 1533 Dei?
3282 1478 3347 1534 Et
3376 1478 3503 1549 quid
3528 1488 3611 1534 est
3638 1479 3777 1549 quod

2201 1570 2520 1625 laudamus?
2572 1570 2812 1640 Magnum
2860 1579 2943 1624 est
2968 1569 3109 1640 quod
3152 1570 3465 1636 laudamus;
3514 1571 3608 1626 sed
3640 1570 3777 1641 quod

2200 1662 2480 1716 laudamus
2529 1662 2703 1716 adhuc
2750 1662 3017 1716 infirmum
3049 1673 3152 1717 est.
3196 1662 3419 1730 Quando
3454 1663 3639 1733 implet
3668 1664 3777 1718 lau-

2202 1754 2354 1807 dator
2383 1752 2748 1807 excellentiam
2790 1752 3033 1807 laudati?
3077 1754 3212 1808 Ecce
3250 1754 3410 1809 homo
3441 1764 3573 1819 stat,
3602 1764 3778 1810 cantat

2207 1846 2321 1901 Deo
2349 1847 2619 1916 aliquanto
2665 1846 2917 1914 prolixius
2937 1888 2952 1913 ,
2981 1856 3033 1901 et
3060 1862 3200 1916 stupe
3241 1848 3375 1902 labia
3408 1860 3693 1905 moventur
3714 1851 3778 1905 ad

2200 1946 2443 2000 cantum,
2492 1937 2740 2006 cogitatio
2782 1947 2957 1991 autem
2990 1952 3083 2006 per
3124 1939 3304 1993 nescio
3351 1955 3471 2009 qua:
3516 1939 3776 1995 desideria

2201 2029 2362 2082 volat.
2418 2028 2601 2084 Stabat
2646 2042 2773 2098 ergo
2818 2043 2968 2083 mens
3017 2038 3195 2083 nostra
3240 2028 3470 2099 quodam
3516 2030 3679 2083 modo
3716 2031 3777 2085 ad

2202 2121 2411 2175 laudem
2436 2121 2552 2187 Dei,
2585 2130 2639 2175 et
2662 2122 2837 2175 anima
2869 2130 3046 2175 nostra
3082 2136 3174 2190 per
3202 2119 3436 2175 diversas
3464 2121 3778 2192 cupiditates

2200 2214 2284 2268 vel
2312 2227 2469 2267 curas
2497 2213 2826 2282 negotiorum
2857 2210 2956 2265 hac
2985 2219 3143 2282 atque
3184 2211 3304 2266 illac
3331 2210 3588 2266 ﬂuitabat.
3620 2212 3777 2281 Quasi

2201 2307 2430 2376 desuper
2468 2306 2691 2360 attendit
2735 2306 2846 2375 ipsa
2893 2320 3041 2358 mens
3085 2304 3149 2359 ad
3176 2304 3471 2361 ﬂuitantem
3499 2307 3597 2359 hae
3627 2317 3779 2376 atque

2202 2398 2355 2464 illac,
2388 2407 2441 2452 et
2465 2397 2579 2468 ejus
2608 2396 3023 2468 inquietudinem
3054 2397 3417 2451 molestiarum
3460 2400 3612 2467 quasi
3652 2413 3779 2453 coa-

2202 2506 2355 2543 vcrsa
2382 2490 2667 2558 alloquitur
2696 2506 2706 2541 :
2738 2487 2937 2553 Lauda,
2962 2488 3131 2541 anima
3156 2504 3286 2552 mea,
3319 2486 3615 2542 Dominum.
3648 2487 3778 2557 Quid

2202 2591 2277 2636 est
2324 2580 2465 2650 quod
2510 2580 2574 2633 de
2617 2580 2733 2633 aliis
2776 2578 2934 2633 rebus
2975 2579 3216 2647 satagis?
3259 2578 3383 2649 quid
3428 2588 3511 2633 est
3547 2580 3690 2649 quod
3732 2591 3779 2636 te

2201 2680 2425 2741 occupat
2470 2686 2595 2724 cura
2630 2684 2803 2724 rerum
2854 2679 3183 2722 terrenarum
3231 2678 3387 2737 atque
3434 2670 3779 2723 mortalium?

2201 2763 2292 2820 Sta
2337 2779 2580 2828 mecum,
2615 2762 2768 2817 lauda
2804 2762 3105 2817 Dominum.
3153 2760 3220 2816 Et
3262 2763 3411 2830 quasi
3458 2763 3572 2832 ipsa
3607 2765 3777 2819 anima

2202 2866 2563 2929 prtegravata,
2601 2864 2654 2911 et
2680 2871 2786 2909 non
2812 2856 2992 2909 valens
3034 2857 3105 2909 ita
3147 2857 3441 2910 consistere
3477 2866 3534 2910 ut
3564 2857 3776 2927 dignum

2201 2963 2301 3014 est,
2333 2950 2619 3021 respondet
2644 2950 2806 3004 menti
2840 2964 2854 3004 :
2877 2948 3120 3002 Laudabo
3145 2946 3422 3002 Dominum
3448 2950 3623 3003 invita
3647 2966 3777 3004 mea.

2202 3045 2338 3112 Quid
2362 3054 2463 3110 est,
2488 3046 2539 3097 in
2567 3044 2666 3096 vita
2690 3043 2843 3095 mea?
2870 3042 3003 3110 Quia
3027 3041 3185 3096 modo
3215 3042 3264 3095 in
3296 3051 3466 3096 morte
3495 3059 3615 3097 mea
3640 3059 3777 3097 sum.

2202 3134 2345 3205 Ergo
2372 3134 2516 3203 prius
2546 3132 2829 3188 exhortare
2862 3140 2944 3197 te,
2976 3140 3030 3187 et
3057 3130 3172 3197 dic,
3200 3129 3416 3197 Lauda,
3448 3132 3621 3185 annua
3649 3149 3778 3200 mea,

2201 3225 2496 3281 Dominum.
2531 3223 2839 3293 ReSpondet
2885 3222 2975 3277 tibi
3018 3223 3193 3276 anima
3234 3230 3319 3276 tua
3351 3240 3364 3277 :
3396 3222 3580 3277 Laudo
3609 3240 3778 3293 quan-

2201 3328 2309 3373 tum
2341 3333 2555 3389 possum
2582 3359 2596 3381 ,
2630 3315 2858 3369 tenuiter
2878 3357 2893 3382 ,
2921 3314 3164 3381 exiliter,
3207 3313 3508 3368 infirmiter.
3560 3314 3781 3381 Quare?

2198 3410 2332 3480 Quia
2378 3406 2629 3478 quamdiu
2674 3421 2855 3460 sumus
2904 3405 2956 3459 in
2998 3418 3260 3473 corpore,
3303 3405 3712 3473 peregrinantur
3750 3420 3781 3458 ι

2199 3502 2424 3556 Domino
2454 3498 2533 3571 (Il
2558 3498 2675 3552 Cor.
2704 3512 2765 3555 v,
2793 3496 2884 3564 6).
2916 3495 3091 3562 Quare
3126 3494 3205 3549 sic
3248 3493 3433 3547 laudas
3469 3494 3780 3561 Dominum,

2198 3610 2304 3647 non
2336 3592 2590 3661 perfecte,
2633 3604 2737 3642 non
2763 3586 3067 3641 stabiliter?
3112 3584 3377 3655 Interroga
3403 3584 3734 3651 Scripturam
3760 3603 3776 3640 :

2196 3684 2329 3751 Quia
2373 3697 2553 3753 corpus
2582 3679 2717 3751 quod
2757 3678 3096 3748 corrumpitur
3118 3719 3133 3744 ,
3160 3686 3397 3748 aggravat
3434 3675 3660 3728 animam
3684 3718 3701 3742 ,
3733 3686 3783 3731 et

2195 3775 2429 3844 deprimit
2458 3783 2655 3827 terrena
2696 3769 2990 3824 inhabitatio
3034 3785 3234 3823 sensum
3272 3769 3431 3821 multa
3470 3769 3780 3838 cogitantem

2194 3866 2349 3940 (Sap.
2378 3881 2464 3931 ix,
2488 3866 2555 3919 15
2574 3864 2613 3934 ).
2645 3861 2794 3917 Tolle
2824 3861 2953 3915 mihi
2983 3875 3177 3929 corpus
3214 3860 3355 3930 quod
3386 3870 3639 3930 aggravat
3667 3861 3773 3914 ani-

2194 3974 2358 4021 mam,
2390 3966 2443 4011 et
2472 3954 2629 4009 laudo
2661 3954 2939 4008 Dominum
2972 3968 2987 4016 ;
3018 3951 3145 4005 tolle
3173 3949 3301 4003 mihi
3329 3958 3599 4004 terrenam
3628 3948 3777 4003 habi-

2195 4051 2449 4107 tationem
2480 4047 2866 4117 deprimentem
2893 4058 3109 4098 sensum
3142 4042 3307 4097 multa
3335 4040 3691 4112 cogitantem,
3720 4052 3775 4095 ut

2192 4162 2221 4200 a
2261 4144 2441 4199 multis
2492 4140 2544 4196 in
2594 4155 2755 4195 unum
2806 4137 3094 4202 conﬂuain,
3142 4144 3195 4189 et
3240 4134 3397 4189 laudo
3442 4134 3770 4190 Dominum:

2192 4237 2441 4313 quamdiu
2487 4245 2661 4289 autem
2705 4234 2777 4287 ita
2819 4246 2972 4295 sum,
3006 4244 3111 4283 non
3154 4242 3406 4298 possum,
3449 4240 3769 4297 przegravor.

2190 4332 2329 4401 Quid
2359 4329 2532 4400 ergo?
2578 4325 2761 4381 silebis
2782 4366 2796 4390 ,
2827 4332 2881 4379 et
2910 4337 3015 4377 non
3056 4318 3296 4375 laudabis
3327 4317 3563 4389 perfecte
3590 4316 3770 4372 Domi-

2191 4424 2362 4479 num?
2385 4419 2628 4475 Laudabo
2659 4417 2933 4471 Dominum
2956 4416 3010 4468 in
3035 4415 3136 4467 vita
3163 4428 3295 4466 mea.

2264 4518 2315 4570 7.
2357 4514 2493 4583 Quid
2524 4522 2626 4577 est,
2657 4512 2710 4564 in
2738 4510 2839 4563 vita
2868 4525 2977 4563 mea
2995 4509 3020 4561 ?
3046 4508 3178 4577 Spes
3209 4521 3319 4561 mea
3347 4513 3399 4556 tu
3427 4519 3481 4558 es
3507 4501 3613 4557 hic.
3644 4501 3773 4573 Spes

2190 4626 2302 4663 mea
2333 4624 2383 4662 es
2412 4617 2466 4659 tu
2495 4604 2582 4658 hic
2604 4644 2616 4667 ,
2649 4601 2875 4656 dicimus
2903 4618 2915 4651 :
2945 4598 3106 4669 portio
3135 4604 3313 4649 autem
3359 4610 3473 4647 mea
3515 4608 3622 4647 non
3666 4592 3769 4655 hic,

2191 4701 2284 4760 sed
2313 4701 2369 4753 in
2394 4709 2527 4752 terra
2556 4694 2820 4750 viventium
2847 4688 3017 4760 (Psal.
3046 4703 3194 4753 cm,
3220 4684 3308 4757 6).
3341 4684 3473 4739 Nam
3501 4684 3598 4738 ista
3632 4691 3772 4739 terra

2191 4791 2527 4850 morientium
2574 4796 2656 4841 est
2686 4801 2699 4837 :
2732 4786 2855 4838 hinc
2892 4781 3216 4835 transimus:
3249 4777 3345 4833 sed
3384 4777 3608 4831 interest
3647 4791 3769 4845 quo.

2192 4884 2453 4953 Quoniam
2485 4889 2539 4934 et
2569 4876 2738 4931 malus
2778 4874 2937 4927 homo
2967 4868 3337 4939 peregrinatur
3372 4865 3493 4931 hic,
3524 4874 3580 4919 et
3604 4864 3771 4919 bonus

2194 4979 2354 5032 homo
2384 4972 2750 5045 peregrinatur
2778 4967 2884 5020 hic.
2933 4964 3047 5018 Non
3090 4962 3233 5017 enim
3261 4960 3432 5014 bonus
3473 4958 3693 5025 transit,
3722 4967 3774 5013 et

2194 5070 2362 5125 malus
2392 5066 2477 5120 hic
2504 5066 2812 5133 permanet;
2845 5063 2937 5109 aut
2964 5054 3132 5108 malus
3158 5050 3382 5119 transit,
3408 5057 3463 5104 et
3487 5048 3663 5103 bonus
3689 5047 3774 5102 hic

2194 5168 2471 5232 permanet
2499 5175 2510 5211 :
2541 5153 2697 5209 ambo
2722 5157 3022 5210 transeunt,
3052 5145 3145 5200 sed
3170 5160 3275 5199 non
3305 5144 3463 5198 ambo
3495 5140 3562 5196 ad
3588 5156 3771 5195 unum.

2194 5230 2309 5306 Duo
2338 5256 2490 5303 erant
2515 5263 2529 5311 ;
2572 5258 2770 5315 pauper
2798 5241 3071 5294 ulcerosus
3094 5235 3160 5289 ad
3192 5234 3406 5305 ianuam
3430 5233 3620 5301 jacens
3644 5230 3772 5283 divi-

2196 5346 2282 5411 tis,
2308 5352 2362 5398 et
2384 5340 2533 5395 dives
2563 5336 2775 5391 indutus
2804 5345 3037 5403 purpura
3067 5337 3119 5382 et
3148 5326 3329 5398 bysso,
3360 5324 3411 5377 in
3440 5322 3615 5392 epulis
3641 5335 3775 5390 quo-

2196 5439 2321 5493 tidie
2348 5430 2639 5504 splendidis
2667 5446 2678 5481 :
2709 5427 2866 5481 ambo
2913 5424 3000 5477 hic
3043 5430 3221 5483 erant,
3254 5417 3417 5472 ambo
3443 5415 3570 5470 hinc
3596 5424 3776 5468 trans-

2196 5533 2398 5590 ierunt,
2427 5524 2520 5579 sed
2567 5537 2670 5575 non
2699 5519 2764 5572 ad
2793 5532 2954 5573 unum
2980 5516 3153 5569 locum
3179 5530 3193 5577 ;
3226 5511 3436 5565 diversa
3467 5507 3585 5561 loca
3612 5504 3780 5561 susei-

2140 5636 2143 5639 '
2195 5623 2366 5693 piunt,
2390 5616 2512 5686 quia
2536 5614 2738 5669 diversa
2763 5611 2950 5665 merita
2974 5603 3287 5678 perducunt.
3313 5598 3550 5655 Transiit
3574 5610 3780 5667 pauper

2260 5758 2274 5785 ί
2312 5749 2528 5801 Nonnulli
2566 5755 2694 5804 Mss,
2734 5741 2944 5807 quotidie
2978 5752 3065 5789 nos
3098 5742 3366 5807 credamus.
3394 5731 3507 5793 Alii,
3550 5729 3790 5793 hymnum

2199 5825 2461 5870 cantamus.
2492 5818 2543 5861 Et
2564 5804 2775 5873 quidam,
2799 5807 2997 5869 hymnos
3012 5804 3274 5853 cantamus.
