4038 6470
253 410 394 471 1889

255 526 310 581 in
338 523 516 580 sinum
539 518 770 578 Abraha
790 558 807 586 ,
838 523 896 574 et
934 509 1144 573 transiit
1177 510 1328 570 dives
1357 511 1410 566 in
1439 513 1706 565 tormenta
1741 504 1829 559 in-

258 615 516 672 ferorum.
548 612 722 669 V'icini
749 623 976 681 corpore
1013 606 1068 663 in
1101 614 1279 670 terra;
1313 601 1403 657 ille
1431 602 1484 655 in
1512 599 1673 654 domo
1695 636 1712 663 ,
1743 594 1834 649 ille

258 719 382 763 ante
403 706 622 778 januam
652 712 816 775 :-post
846 708 1076 758 mortem
1105 705 1308 753 tantum
1330 688 1581 763 separati,
1609 696 1667 743 ut
1696 685 1838 740 dicat

259 799 552 864 Abraham,
580 795 726 852 Inter
766 809 858 848 nos
896 801 942 847 et
983 806 1069 845 vos
1109 790 1262 842 chaos
1299 797 1537 856 magnum
1581 779 1838 848 ﬁrmatum

260 899 328 942 est
359 887 508 958 (Luc.
538 902 648 954 xvr,
681 883 901 954 19-26).
944 882 1119 951 Ergo,
1162 879 1384 941 fratres,
1424 871 1674 944 quoniam
1715 881 1840 938 spes

260 981 347 1036 hic
380 980 568 1050 pascit,
605 979 709 1033 vita
753 987 928 1032 autem
970 983 1152 1029 nostra
1181 970 1412 1042 perfecta
1453 981 1557 1021 non
1599 971 1700 1030 est,
1740 960 1843 1016 nisi

259 1074 351 1129 illa
389 1088 508 1144 quae
548 1071 913 1142 promittitur;
958 1067 1044 1122 hic
1072 1066 1322 1138 gemitus,
1366 1060 1455 1116 hic
1500 1057 1838 1118 tentationes,

262 1165 351 1220 hic
393 1163 672 1234 angustiae,
701 1161 785 1217 hic
830 1173 1122 1223 maerores,
1171 1157 1254 1211 hic
1295 1152 1575 1226 pericula:
1608 1147 1844 1204 laudabit

259 1258 439 1311 anima
479 1265 660 1310 nostra
687 1255 965 1309 Dominum
1003 1249 1271 1322 quomodo
1297 1245 1592 1302 laudandus
1617 1251 1728 1308 est,
1757 1255 1846 1295 se-

260 1349 495 1404 cundum
518 1347 658 1419 quod
681 1348 876 1402 dicitur
899 1347 951 1400 in
977 1346 1080 1399 alio
1105 1345 1328 1414 psalmo,
1350 1339 1494 1394 Beati
1514 1338 1597 1406 qui
1622 1336 1850 1390 habitant

261 1441 320 1494 in
349 1440 500 1494 domo
529 1449 646 1505 tua,
676 1438 730 1492 in
763 1437 951 1492 sarcula
975 1435 1275 1490 satculorum
1299 1429 1578 1485 laudabunt
1605 1438 1651 1482 te
1677 1425 1846 1498 (Psal.

269 1545 494 1596 Lxxxm,
520 1528 632 1599 5);
679 1526 891 1599 quando
932 1533 1098 1581 totum
1145 1521 1414 1594 negotium
1453 1528 1694 1575 nostrum
1738 1519 1848 1587 ipsa

263 1621 386 1677 laus
412 1621 534 1677 erit.
563 1620 670 1678 Sed
711 1619 926 1691 quando
963 1617 1106 1674 hoc?
1134 1615 1202 1670 In
1229 1616 1332 1669 vita
1353 1630 1485 1668 mea.
1517 1612 1672 1666 Modo
1709 1610 1851 1666 enim

264 1714 396 1786 quid
425 1713 552 1769 est?
600 1713 788 1768 Posset
814 1711 907 1767 tibi
936 1710 1135 1775 dicere,
1176 1708 1317 1762 Mors
1348 1720 1488 1761 mea.
1534 1703 1682 1760 Unde
1707 1716 1853 1758 mors

269 1804 406 1860 tua?
432 1803 569 1871 Quia
596 1803 910 1874 peregrinor
936 1817 967 1856 a
993 1800 1238 1855 Domino.
1265 1797 1322 1853 Si
1348 1797 1490 1852 enim
1517 1795 1723 1851 haerere
1753 1794 1851 1861 illi,

269 1899 376 1952 vita
404 1905 523 1962 est;
549 1895 800 1952 recedere
824 1895 890 1949 ab
916 1894 1004 1949 illo
1020 1935 1034 1956 .
1065 1907 1208 1948 mors
1228 1899 1329 1946 est.
1357 1889 1461 1945 Sed
1486 1887 1615 1959 quid
1651 1896 1702 1942 te
1725 1900 1858 1942 con-

275 1990 516 2046 solatur?
541 1989 694 2059 Spes.
724 1987 840 2044 Jam
866 1986 999 2042 vivis
1026 1987 1080 2041 in
1105 1999 1198 2056 8pc
1221 1999 1238 2051 ;
1265 1983 1336 2039 de
1357 1997 1451 2052 spe
1470 1980 1647 2044 lauda,
1670 1979 1739 2035 de
1761 1993 1858 2049 spe

271 2093 450 2136 canta.
478 2081 633 2138 Unde
670 2095 816 2136 mors
857 2088 948 2135 tua
987 2086 1070 2134 est
1113 2092 1218 2132 non
1260 2083 1478 2139 cantes;
1524 2073 1667 2128 unde
1701 2071 1856 2140 vivis,

273 2183 454 2230 canta.
486 2175 626 2229 Mors
652 2182 740 2228 tua
767 2178 850 2228 est
875 2171 944 2229 de
967 2185 1200 2228 mmrore
1227 2168 1388 2239 hujus
1413 2165 1617 2233 saeculi,
1640 2166 1774 2221 vivis
1804 2164 1858 2219 in

275 2281 375 2337 spe
405 2266 586 2322 saeculi
615 2265 797 2321 futuri.
827 2263 1070 2319 Laudabo
1094 2304 1110 2330 ,
1140 2261 1345 2334 inquit,
1373 2257 1649 2315 Dominum
1683 2259 1737 2312 in
1762 2257 1862 2312 vita

275 2373 412 2411 mea.
843 2411 856 2422 ,

353 2453 409 2508 8.
452 2453 518 2507 Ει
547 2452 811 2523 quomodo
836 2450 1076 2507 laudabis
1103 2450 1382 2506 Dominum
1413 2447 1598 2504 tuum?
1633 2446 1864 2502 Psallam

275 2541 393 2597 Deo
417 2558 527 2596 meo
562 2543 806 2613 quamdiu
829 2557 962 2598 sum.
1009 2540 1192 2608 Qualis
1233 2539 1320 2594 illa
1351 2539 1602 2603 laudatio,
1635 2537 1866 2592 Psallam

278 2631 394 2686 Deo
429 2649 541 2687 meo
569 2634 812 2703 quamdiu
839 2649 952 2687 sum
973 2631 1006 2711 2¹
1044 2630 1251 2711 Videte,
1296 2629 1511 2685 Fratres
1546 2631 1671 2696 mei,
1711 2629 1867 2700 quale

280 2720 389 2775 erit
415 2721 542 2775 illud
569 2736 709 2777 esse.
748 2721 849 2778 Ubi
887 2721 1211 2791 sempiterna
1250 2719 1480 2775 laudatio
1509 2719 1642 2784 erit,
1666 2720 1866 2789 sempi-

282 2817 496 2865 ternum
521 2826 640 2866 esse
661 2812 782 2866 erit.
811 2812 948 2867 Ecce
971 2811 1128 2865 modo
1152 2825 1242 2876 es;
1271 2810 1524 2879 numquid
1553 2810 1730 2880 psallis
1758 2812 1869 2866 Deo

282 2908 381 2954 tuo
407 2902 655 2972 quamdiu
680 2903 783 2958 es?
812 2903 950 2958 Ecce
977 2901 1277 2973 psallebas;
1317 2901 1557 2956 avertisti
1592 2910 1643 2956 te
1672 2901 1738 2956 ad
1766 2901 1868 2956 ali-

278 2993 429 3064 quod
457 2995 748 3066 negotium,
791 2995 902 3066 jam
947 3011 1053 3052 non
1083 2981 1292 3066 psallis:
1325 3005 1379 3052 et
1415 3011 1474 3051 es
1500 3014 1513 3051 :
1541 3011 1667 3051 ecce
1692 3010 1784 3061 es,
1817 3003 1871 3051 et

280 3102 392 3142 non
429 3087 641 3159 psallis.
665 3088 934 3144 Fortassis
969 3088 1132 3145 etiam
1171 3088 1458 3158 cupiditate
1494 3089 1779 3143 inclinatus
1802 3087 1871 3142 ad

280 3179 489 3249 aliquid
507 3221 522 3245 ,
547 3194 653 3234 non
681 3181 853 3236 solum
893 3194 998 3235 non
1039 3180 1243 3250 psallis,
1273 3179 1365 3234 sed
1391 3187 1444 3234 et
1469 3178 1693 3234 oll'cndis
1716 3178 1870 3232 audi-

279 3278 399 3324 tum
436 3271 589 3340 ejus;
623 3281 677 3326 et
705 3287 762 3326 es
793 3280 992 3326 tamen.
1035 3270 1163 3340 Qua:
1208 3271 1308 3326 erit
1351 3269 1436 3324 illa
1483 3269 1749 3332 laudatio,
1783 3269 1873 3324 ubi

279 3362 543 3431 quamdiu
583 3377 641 3418 es
687 3361 913 3417 laudes?
958 3361 1065 3418 Sed
1108 3361 1233 3432 quid
1281 3361 1384 3428 ait,
1432 3361 1675 3431 quamdiu
1717 3358 1874 3413 sum?

280 3453 596 3524 Aliquando
633 3452 773 3508 forte
813 3469 916 3508 non
957 3453 1102 3508 erit?
1147 3452 1257 3508 lmo
1282 3461 1536 3506 aeternum
1574 3452 1676 3506 erit
1701 3452 1872 3520 ipsum

285 3546 409 3613 diu,
443 3554 498 3601 et
527 3544 646 3600 ideo
671 3560 796 3600 vere
820 3543 910 3600 diu
938 3545 1060 3599 erit.
1102 3543 1233 3598 Nam
1257 3543 1507 3612 quidquid
1532 3542 1689 3597 linem
1715 3541 1876 3597 habet

279 3639 342 3694 in
377 3646 644 3708 tempore,
671 3637 966 3708 quamlibet
991 3637 1204 3706 longum
1227 3636 1315 3703 sit,
1339 3635 1431 3690 diu
1460 3644 1690 3691 nonest.
1722 3633 1875 3689 Psal-

279 3731 395 3787 lam
423 3729 533 3785 Deo
563 3747 673 3786 meo
699 3729 940 3796 quamdiu
967 3745 1100 3783 sum.

359 3822 422 3878 9.
466 3822 680 3877 Interim
725 3822 884 3887 bene,
930 3818 1171 3874 laudabis
1197 3810 1478 3874 Dominum
1521 3817 1574 3871 in
1610 3816 1717 3870 vita
1764 3825 1872 3882 tua,

281 3913 479 3986 psallis
519 3913 590 3970 de
633 3912 810 3968 futuro
836 3913 945 3967 Deo
986 3922 1078 3968 tuo
1112 3911 1364 3982 quamdiu
1389 3926 1468 3966 es.
1511 3909 1697 3965 Bene:
1727 3908 1878 3979 quid-

281 4008 422 4079 quid
466 4007 554 4062 hic
579 4003 1008 4076 praesumendum
1037 4013 1138 4072 est,
1181 4003 1246 4058 de
1284 4004 1373 4057 illo
1404 4015 1582 4073 spera.
1623 4001 1742 4055 Non
1779 4013 1878 4056 nos

282 4099 515 4155 deserat
537 4111 662 4167 spes
690 4097 744 4151 in
769 4096 869 4150 ista
909 4095 1332 4165 peregrinatione
1373 4100 1427 4150 et
1465 4093 1778 4161 tentatione,
1824 4092 1878 4148 in

283 4193 413 4247 istis
436 4188 866 4259 improbitatibus
884 4197 940 4242 et
959 4186 1162 4242 insidiis
1187 4186 1409 4252 inimici,
1433 4187 1880 4256 circumstrepen-

286 4285 442 4339 tibus
467 4279 702 4350 undique
732 4280 1113 4336 tentationibus
1137 4279 1349 4347 saeculi,
1377 4278 1609 4348 undique
1649 4278 1703 4334 in
1729 4278 1878 4334 labo-

284 4375 452 4430 ribus
480 4380 536 4428 et
562 4372 848 4442 angoribus
887 4371 1222 4427 constitutos.
1255 4369 1391 4438 Quid
1423 4384 1552 4440 ergo
1588 4369 1880 4424 faciemus?

285 4465 440 4522 Audi
478 4464 601 4536 quid
648 4471 898 4534 sequatur
941 4481 954 4516 :
999 4461 1174 4518 Nolite
1215 4461 1468 4530 conﬁdere
1510 4461 1563 4514 in
1609 4460 1878 4532 principes.

286 4557 553 4621 Fratres,
599 4570 849 4625 magnum
896 4554 1163 4624 negotium
1208 4551 1295 4608 hic
1331 4552 1661 4622 accipimus;
1705 4550 1880 4605 divina

286 4667 402 4705 vox
431 4659 548 4715 est,
577 4659 628 4704 et
665 4648 894 4718 desuper
934 4657 1090 4702 sonat
1126 4645 1298 4701 nobis.
1343 4645 1497 4701 Modo
1525 4646 1663 4701 enim
1705 4645 1884 4700 nescio

288 4760 403 4816 qua
431 4742 748 4797 inﬁrmitate
773 4741 948 4795 anima
989 4738 1218 4793 humana
1240 4780 1255 4806 ,
1284 4737 1497 4810 quando
1524 4736 1684 4791 fuerit
1715 4737 1885 4792 tribu-

289 4837 412 4893 lata
430 4876 445 4902 ,
474 4834 562 4890 hic
599 4833 847 4903 desperat
883 4831 951 4886 de
979 4829 1224 4896 Domino,
1255 4837 1310 4885 et
1334 4829 1442 4883 vult
1471 4843 1795 4897 praesumere
1819 4828 1887 4884 de

290 4929 543 4985 homine.
585 4928 803 4983 Dicatur
831 4924 1032 4981 homini
1069 4924 1121 4978 in
1153 4921 1438 4977 afﬂictione
1476 4921 1650 4992 aliqua
1684 4922 1886 4977 consti-

293 5030 443 5089 tuto,
489 5021 586 5078 Est
626 5019 840 5090 quidam
882 5007 1044 5072 homo
1086 5029 1336 5086 magnus,
1377 5028 1475 5086 Per
1515 5028 1673 5082 quem
1715 5011 1889 5084 possis

291 5112 524 5171 liberari
547 5131 560 5168 :
584 5110 806 5176 arridet,
822 5109 1038 5181 gaudet,
1061 5107 1300 5179 erigitur.
1319 5104 1471 5174 Quod
1493 5105 1535 5159 si
1558 5104 1765 5160 dicatur
1785 5103 1883 5171 illi,

291 5207 524 5264 Liberat
545 5214 596 5261 te
617 5203 758 5260 Deus
785 5222 797 5257 :
822 5203 972 5274 quasi
995 5199 1366 5273 desperatione
1384 5196 1639 5268 frigescit.
1663 5197 1890 5253 Promit-

294 5302 437 5356 titur
455 5298 709 5355 auxilium
733 5295 991 5360 mortalis,
1014 5304 1067 5350 et
1085 5293 1286 5364 gaudes
1305 5310 1318 5345 :
1340 5291 1667 5362 promittitur
1683 5290 1892 5346 immor-

295 5392 462 5457 talis,
494 5399 550 5446 et
585 5389 753 5444 tristis
791 5390 888 5444 es!
932 5385 1266 5442 Promittitur
1312 5384 1409 5438 tibi
1434 5381 1574 5454 quod
1611 5380 1803 5437 liberet
1840 5389 1891 5437 te

293 5493 486 5543 tecum
522 5479 858 5546 liberandus,
890 5488 943 5534 et
985 5486 1233 5546 tanquam
1273 5474 1452 5544 aliquo
1479 5488 1670 5543 magno
1695 5472 1893 5527 auxilio

294 5576 550 5637 exsultas
577 5592 589 5628 :
613 5573 938 5645 promittitur
961 5569 1048 5624 ille
1073 5567 1326 5622 liberator
1350 5567 1439 5636 qui
1475 5564 1763 5620 liberatore
1783 5577 1893 5619 non

293 5669 550 5740 indiget,
577 5676 632 5724 et
658 5666 806 5738 quasi
851 5657 1206 5719 ad‘fabcllam
1249 5658 1525 5732 desperas.
1573 5656 1666 5713 Va:
1702 5657 1896 5714 talibus

294 5760 755 5834 cogitationibus;
798 5759 954 5828 longe
997 5753 1402 5828 peregrinantur
1427 5754 1485 5810 ις
1527 5765 1658 5810 vere
1697 5751 1896 5809 misera

365 5878 390 5914 ι
426 5872 1107 5942 mam.er

1354 392 1750 454 ENARRATIO
1787 389 1853 447 IN
1890 385 2211 446 PSALMUM
2246 385 2448 444 CXLV.

1945 509 2001 556 et
2022 515 2211 572 magna
2240 513 2387 555 mors
2407 499 2460 555 in
2483 499 2582 556 eis.
2607 494 2986 571 Appropinqna
3004 538 3023 568 ,
3048 497 3226 572 incipe
3246 497 3522 556 desidera-

1947 606 2008 648 re
2028 633 2044 658 ,
2073 593 2247 662 incipe
2271 606 2511 661 quaerere
2539 598 2594 646 et
2617 605 2905 662 agnoscere
2924 605 3045 647 eum
3065 605 3096 646 a
3122 606 3230 662 quo
3251 591 3421 647 factus
3443 604 3524 646 es.

1936 682 2062 760 Non
2090 684 2234 740 enim
2262 683 2476 739 deseret
2499 697 2633 754 opus
2661 698 2814 738 suum
2838 722 2855 750 ,
2899 683 2945 739 si
2979 683 3048 739 ab
3087 698 3252 755 opere
3283 697 3383 740 suo
3419 697 3530 739 non

1947 773 2242 828 deseratur.
2269 771 2535 830 Converte
2560 787 2690 844 ergo
2716 783 2769 830 te
2793 774 2859 828 ad
2887 773 3035 829 illum
3065 774 3150 830 cui
3175 774 3308 830 dicis
3329 813 3346 842 ,
3388 773 3531 829 Lau-

1948 863 2080 919 dabo
2106 864 2379 920 Dominum
2401 866 2455 920 in
2474 865 2577 920 vita
2595 881 2708 920 mea
2729 906 2746 934 ,
2774 865 2990 936 psallam
3013 864 3122 921 Deo
3150 881 3259 937 meo
3287 866 3534 934 quamdiu

1950 971 2083 1011 sum.
2115 955 2293 1011 Monet
2317 957 2460 1013 enim
2485 971 2584 1011 nos
2607 957 2718 1026 jam
2742 956 2989 1026 impletus
3017 965 3164 1012 tanto
3183 956 3370 1025 spiritu
3396 957 3498 1012 iste
3515 995 3536 1024 ,

1951 1056 2006 1102 et
2031 1047 2160 1102 dicit
2184 1049 2334 1118 quasi
2362 1050 2517 1120 longe
2544 1049 2761 1104 remotis
2786 1090 2802 1115 ,
2849 1057 2905 1104 et
2944 1047 3101 1118 longe
3144 1047 3532 1118 peregrinanti-

1951 1139 2051 1195 bus
2074 1178 2092 1206 ,
2120 1149 2175 1194 et
2198 1155 2303 1194 non
2342 1141 2512 1196 solum
2562 1141 2727 1196 Deum
2774 1155 2880 1195 non
2923 1139 3223 1196 volentibus
3270 1139 3530 1205 laudare,

1953 1230 2047 1285 sed
2077 1231 2310 1286 nondum
2335 1233 2420 1286 vel
2445 1232 2512 1288 de
2533 1233 2640 1288 Deo
2659 1233 2994 1304 sperantibus
3018 1249 3031 1288 :
3067 1230 3243 1286 Nolite
3280 1232 3536 1301 conﬁdere

1944 1321 2006 1400 in
2034 1321 2322 1390 principes,
2361 1332 2410 1376 et
2441 1323 2495 1375 in
2534 1323 2666 1391 filios
2709 1325 3004 1389 hominum,
3050 1323 3228 1394 quibus
3257 1323 3274 1354 ¹
3319 1339 3421 1376 non
3463 1329 3542 1378 est

1954 1410 2114 1466 salus.
2145 1410 2200 1465 ln
2233 1427 2338 1468 uno
2364 1412 2472 1467 ﬁlio
2500 1412 2730 1469 hominis
2754 1415 2932 1482 salus;
2959 1423 3015 1470 et
3041 1415 3092 1468 in
3114 1415 3230 1485 ipso
3269 1429 3377 1470 non
3415 1415 3541 1484 quia

1957 1505 2098 1558 filius
2127 1503 2359 1558 hominis
2381 1544 2398 1571 ,
2428 1504 2523 1560 sed
2549 1507 2668 1576 quia
2699 1505 2862 1562 Filius
2907 1504 2999 1562 Dei
3024 1524 3039 1573 ;
3080 1522 3186 1562 non
3226 1515 3442 1576 pr0pter
3491 1503 3547 1562 id

1958 1595 2101 1665 quod
2131 1595 2367 1666 suscepit
2393 1612 2459 1651 ex
2487 1604 2538 1652 te
2561 1635 2577 1661 ,
2605 1597 2701 1652 sed
2727 1607 2943 1666 pr0pter
2970 1595 3023 1652 id
3050 1596 3192 1668 quod
3217 1597 3448 1652 servavit
3490 1595 3548 1651 in

1959 1700 2043 1741 se.
2077 1687 2214 1757 Ergo
2242 1686 2296 1742 in
2327 1687 2473 1742 nullo
2501 1687 2714 1742 homine
2741 1688 2887 1742 salus
2917 1688 3074 1758 :quia
3113 1697 3169 1743 ct
3197 1689 3251 1742 in
3299 1687 3390 1742 illo
3425 1687 3550 1742 ideo

1959 1777 2103 1832 salus
2126 1817 2142 1843 ,
2176 1777 2298 1847 quia
2327 1777 2468 1833 Deus
2491 1819 2507 1845 ,
2530 1779 2616 1849 qui
2645 1788 2718 1832 est
2742 1794 2893 1846 super
2916 1778 3085 1832 omnia
3102 1777 3242 1833 Deus
3261 1778 3550 1832 benedictus

1961 1869 2014 1923 in
2039 1869 2245 1924 stecula.
2279 1869 2354 1926 De
2375 1870 2589 1926 Christo
2613 1870 2811 1926 dictum
2837 1878 2921 1926 est
2948 1888 2960 1924 :
2992 1869 3077 1926 Ea:
3107 1872 3288 1941 quibus
3320 1870 3551 1927 Christus

1961 1960 2238 2014 secundum
2292 1978 2494 2015 carnem
2542 1961 2736 2032 (Rom.
2782 1977 2871 2026 Ix,
2917 1962 3012 2032 5).
3068 1961 3148 2017 Ex
3192 1961 3430 2033 quibus?
3472 1961 3553 2016 Ex

1940 2051 2162 2141 .Juda‘is
2185 2092 2201 2120 ,
2233 2068 2297 2108 ex
2326 2053 2562 2124 patribus
2587 2053 2816 2110 Christus
2857 2054 3136 2109 secundum
3173 2070 3379 2108 carnem
3399 2070 3418 2108 :
3457 2052 3554 2110 sed

1964 2146 2220 2215 numquid
2250 2148 2350 2202 hoc
2381 2155 2545 2202 totum
2571 2145 2816 2202 Christus
2839 2187 2854 2211 ,
2904 2145 3046 2217 quod
3087 2146 3380 2202 secundum
3429 2161 3552 2201 car-

1964 2238 2134 2294 nem?
2165 2238 2277 2292 Non
2309 2257 2322 2293 :
2352 2254 2524 2310 neque
2553 2239 2694 2294 enim
2725 2238 3013 2294 secundum
3061 2252 3276 2294 carnem
3324 2237 3377 2293 id
3431 2246 3516 2293 est
3535 2277 3554 2304 ,

1965 2345 2117 2396 super
2143 2331 2313 2383 omnia
2338 2328 2479 2385 Deus
2498 2328 2782 2384 benedictus
2807 2329 2863 2383 in
2882 2329 3088 2384 sazcula.
3120 2327 3244 2384 Ideo
3268 2329 3321 2384 in
3352 2327 3444 2384 illo
3468 2341 3554 2386 sa-

1967 2421 2051 2477 lus
2072 2465 2086 2487 ,
2119 2424 2238 2492 quia
2270 2422 2474 2477 Domini
2501 2432 2573 2477 est
2597 2424 2755 2476 salus.
2789 2421 2926 2477 Dicit
2945 2421 3088 2477 enim
3113 2421 3250 2478 alius
3278 2421 3546 2492 psalmus:

1966 2512 2177 2568 Domini
2204 2525 2276 2568 est
2315 2515 2453 2569 salus
2476 2557 2490 2579 ,
2537 2524 2583 2569 et
2625 2531 2776 2586 super
2820 2514 3062 2585 populum
3100 2523 3240 2568 tuum
3281 2513 3557 2568 benedictio

1969 2616 2056 2660 tua
2085 2608 2103 2678 (
2128 2607 2271 2662 Psal.
2302 2624 2392 2674 ιιι,
2426 2609 2458 2663 9
2486 2609 2524 2680 ).
2557 2608 2621 2663 Et
2649 2609 2766 2664 sine
2793 2622 2951 2664 causa
2978 2609 3078 2663 sibi
3103 2616 3354 2679 arrogant
3379 2605 3556 2662 homi-

1970 2714 2067 2754 nes
2092 2699 2215 2770 quia
2247 2698 2374 2754 dant
2396 2700 2642 2754 salutem.
2676 2699 2787 2754 Sibi
2828 2699 2973 2755 dent.
3009 2698 3292 2769 Responde
3329 2697 3562 2767 superbo

1971 2792 2174 2848 homini
2207 2812 2218 2847 :
2247 2794 2505 2849 Gloriaris
2529 2835 2543 2859 ,
2575 2793 2696 2864 quia
2727 2793 2861 2847 dicis
2887 2801 2938 2848 te
2963 2792 3090 2848 dare
3125 2791 3252 2846 mihi
3295 2791 3560 2857 salutem;

1974 2884 2070 2939 tibi
2100 2885 2186 2938 da.
2216 2885 2352 2940 Vide
2378 2886 2423 2939 si
2451 2885 2615 2941 habes
2641 2900 2780 2939 eam.
2812 2883 3173 2940 Considerans
3202 2883 3340 2938 bene
3365 2882 3567 2953 fragili-

1973 2985 2135 3031 tatem
2166 2986 2308 3031 tuam
2335 3019 2349 3040 ,
2389 2977 2540 3032 vides
2583 2977 2703 3048 quia
2751 2977 2982 3031 nondum
3032 2977 3220 3034 habes.
3267 2975 3412 3045 Ergo
3453 2974 3567 3030 noli

1973 3083 2194 3124 monere
2219 3077 2278 3122 ut
2305 3079 2609 3138 exspectem
2633 3085 2660 3122 a
2685 3078 2736 3124 te
2759 3110 2774 3136 ,
2802 3069 2893 3123 sed
2916 3077 3167 3138 exspecta
3191 3083 3424 3126 mecum.
3452 3063 3568 3122 No-

1975 3157 2062 3211 lite
2085 3160 2337 3227 conﬁdere
2360 3159 2412 3212 in
2441 3160 2711 3229 principes,
2739 3170 2784 3213 et
2811 3160 2865 3213 in
2893 3160 3026 3228 ﬁlios
3061 3160 3350 3225 hominum,
3383 3159 3566 3230 quibus

1974 3266 2076 3303 non
2110 3259 2180 3304 est
2205 3251 2363 3303 salus.
2394 3251 2530 3304 Ecce
2560 3250 2741 3304 nescio
2783 3249 2872 3318 qui
2922 3250 3189 3319 principes
3235 3249 3564 3318 procedunt,
3653 3255 3656 3258 ’

1977 3339 2158 3394 nescio
2181 3339 2357 3404 unde,
2386 3347 2439 3393 et
2479 3337 2696 3393 dicunt:
2741 3338 2853 3409 Ego
2892 3337 3136 3407 baptizo,
3184 3347 3239 3393 et
3276 3352 3376 3408 ego
3422 3339 3565 3408 quod

1976 3431 2176 3487 dedero
2200 3474 2214 3497 ,
2246 3429 2346 3484 hoc
2384 3438 2467 3485 est
2504 3439 2787 3485 sanctum:
2823 3438 2876 3483 et
2915 3430 2958 3483 si
3002 3429 3070 3484 ab
3103 3430 3210 3483 alio
3252 3431 3524 3500 acceperis
3547 3469 3564 3492 ,

1977 3523 2107 3578 nihil
2141 3522 2423 3594 accepisti;
2451 3522 2492 3577 si
2524 3538 2553 3578 a
2581 3536 2668 3577 me
2696 3521 3002 3591 acceperis,
3049 3519 3249 3593 aliquid
3290 3521 3562 3592 accepisti.

1977 3614 2022 3669 Ο
2051 3615 2211 3669 homo
2236 3655 2250 3681 ,
2282 3629 2315 3669 o
2346 3615 2588 3684 princeps
2614 3654 2628 3678 ,
2663 3614 2804 3668 inter
2833 3612 2969 3668 ﬁlios
2996 3612 3271 3667 hominum
3300 3613 3379 3666 vis
3406 3627 3526 3668 esse
3546 3653 3564 3680 ,

1979 3716 2033 3762 et
2063 3708 2201 3761 inter
2229 3707 2497 3776 principes
2535 3707 2724 3776 quibus
2774 3722 2878 3761 non
2914 3715 2996 3762 est
3041 3707 3228 3762 salus?
3272 3705 3396 3762 Ideo
3440 3722 3568 3778 ergo

1979 3800 2152 3855 habeo
2181 3800 2406 3854 salutem
2433 3840 2448 3863 ,
2480 3798 2604 3869 quia
2633 3807 2687 3852 tu
2728 3798 2854 3851 mihi
2895 3797 3037 3853 das?
3079 3797 3249 3852 Tuum
3295 3805 3375 3852 est
3425 3797 3571 3852 enim

1979 3891 2118 3961 quod
2147 3890 2276 3945 das?
2305 3893 2407 3945 Aut
2435 3904 2564 3945 vero
2589 3890 2749 3944 etiam
2781 3899 2833 3943 tu
2863 3889 3000 3943 das?
3043 3891 3125 3944 vel
3159 3890 3259 3944 hoc
3283 3888 3570 3944 dicendum

1981 3990 2101 4046 est,
2131 3982 2251 4052 quia
2285 3981 2499 4037 ludas?
2546 3981 2694 4036 Dicat
2740 3990 2793 4036 et
2838 3981 3011 4036 fistula
3060 3982 3181 4052 quia
3227 3991 3279 4037 et
3322 3982 3433 4051 ipsa
3478 3982 3575 4036 dat

1981 4091 2213 4148 aquam;
2259 4075 2397 4130 dicat
2423 4085 2476 4130 ct
2517 4075 2718 4130 canalis
2749 4075 2868 4145 quia
2913 4075 3028 4146 ipse
3071 4084 3288 4138 manat;
3317 4075 3460 4130 dicat
3511 4083 3573 4130 et

1981 4182 2158 4237 prmco
2186 4167 2305 4238 quia
2332 4175 2384 4222 ct
2411 4166 2523 4237 ipse
2547 4167 2759 4222 liberat.
2784 4166 2900 4238 Ego
2927 4167 2978 4221 in
3021 4182 3154 4238 aqua
3189 4167 3405 4223 attendo
3445 4166 3570 4223 fon-

1983 4268 2088 4313 tem
2116 4301 2131 4325 ,
2183 4258 2236 4314 in
2268 4274 2396 4314 voce
2435 4259 2695 4329 praeconis
2732 4273 2963 4329 agnosco
2994 4258 3248 4329 judicem.
3292 4257 3406 4313 Non
3457 4259 3567 4314 eris

1983 4358 2042 4405 tu
2069 4351 2224 4420 plane
2246 4358 2431 4404 auctor
2455 4350 2638 4404 salutis
2669 4364 2801 4404 mete
2828 4368 2839 4401 τ
2871 4349 2958 4404 ille
2985 4350 3087 4404 erit
3114 4349 3183 4405 de
3212 4364 3318 4420 quo
3347 4364 3573 4405 securus

1984 4457 2100 4497 sum
2129 4458 2143 4506 ;
2173 4440 2240 4495 de
2266 4450 2318 4495 te
2348 4441 2578 4496 incertus
2605 4456 2743 4495 sum.
2775 4441 2830 4496 Si
2877 4457 2982 4495 non
3023 4442 3096 4497 sis
3142 4455 3400 4512 arrogans
3423 4483 3437 4507 ,
3463 4456 3574 4498 non

1986 4549 2086 4605 ego
2111 4534 2258 4589 solus
2286 4533 2352 4588 de
2386 4543 2436 4589 te
2461 4533 2696 4589 incertus
2725 4548 2842 4587 sum
2867 4575 2882 4598 ,
2911 4533 3004 4588 sed
3033 4541 3087 4589 et
3114 4543 3167 4590 lu
3192 4534 3258 4590 de
3281 4541 3351 4589 te.
3381 4533 3463 4589 Ab
3485 4533 3576 4589 illo

1986 4642 2114 4698 ergo
2141 4626 2268 4681 mihi
2301 4625 2449 4680 salus
2473 4668 2486 4692 ,
2521 4626 2605 4695 qui
2641 4633 2713 4678 est
2755 4641 2907 4693 super
2948 4627 3158 4690 omnia;
3202 4625 3321 4696 quia
3365 4623 3578 4680 Domini

1987 4727 2058 4772 est
2084 4719 2241 4772 salus.
2271 4715 2351 4772 Tu
2378 4717 2516 4772 inter
2543 4717 2679 4771 filios
2722 4715 3040 4784 hominum,
3085 4726 3140 4771 tu
3184 4717 3323 4771 inter
3369 4717 3571 4785 princi-

1987 4825 2126 4881 pes:
2161 4809 2254 4865 sed
2296 4807 2456 4862 audio
2500 4822 2683 4862 vocem
2726 4807 2920 4862 Psalmi
2946 4849 2961 4873 ,
3007 4805 3182 4861 Nolite
3226 4807 3477 4874 conﬁdere
3521 4806 3578 4860 in

1990 4901 2241 4972 principes
2265 4939 2280 4966 ,
2309 4908 2355 4952 et
2378 4899 2432 4953 in
2453 4898 2586 4967 ﬁlios
2607 4899 2866 4952 hominum
2889 4940 2905 4965 ,
2929 4916 2962 4952 a
2981 4897 3159 4969 quibus
3179 4912 3278 4950 non
3307 4903 3379 4949 est
3406 4896 3568 4950 salus.

2062 4992 2150 5048 10.
2193 4991 2360 5063 [υενδ.
2391 4989 2492 5065 4.]
2531 4991 2834 5048 Secundum
2862 4990 3068 5045 turbam
3097 4989 3370 5044 hominum
3396 5030 3410 5055 ,
3442 4987 3572 5058 quid

1992 5096 2115 5144 sunt
2144 5086 2229 5142 isti
2258 5086 2349 5140 lilii
2391 5085 2708 5142 hominum?
2746 5085 2880 5152 Quid
2923 5092 3046 5138 sunt
3085 5083 3164 5137 vis
3205 5082 3382 5138 scire?
3428 5081 3578 5136 Exiet

1991 5181 2196 5251 spiritus
2225 5179 2366 5249 ejus,
2395 5189 2441 5234 et
2466 5187 2733 5234 revertetur
2755 5178 2809 5230 in
2837 5185 3020 5230 terram
3059 5190 3224 5229 suam.
3243 5174 3381 5229 Ecce
3408 5181 3576 5228 totum

1993 5270 2134 5342 quod
2161 5271 2391 5341 loquitur
2416 5313 2429 5336 ,
2462 5270 2706 5326 nesciens
2731 5265 2982 5338 quamdiu
3001 5265 3284 5337 loquatur;
3311 5265 3576 5330 minatur,

1996 5366 2239 5422 nesciens
2267 5363 2517 5434 quamdiu
2546 5363 2705 5416 vivat.
2735 5359 2922 5417 Subito
2944 5359 3086 5414 exiet
3107 5359 3325 5428 spiritus
3349 5357 3465 5426 ejus
3483 5400 3498 5426 ,
3521 5367 3579 5414 et

1995 5469 2296 5515 revertetur
2324 5456 2376 5510 in
2405 5464 2596 5509 terram
2642 5468 2813 5508 suam.
2855 5449 3121 5521 Numquid
3165 5449 3374 5520 quando
3413 5448 3528 5503 vult
3551 5491 3570 5515 ,

1996 5553 2138 5607 exiet
2174 5549 2388 5619 spiritus
2409 5546 2565 5617 ejus?
2612 5545 2807 5612 Exiet,
2829 5553 2883 5598 et
2901 5543 3113 5614 quando
3135 5557 3237 5597 non
3259 5542 3371 5596 vult
3390 5542 3533 5597 exiet
3554 5582 3575 5608 ,

1999 5653 2052 5700 et
2077 5641 2287 5714 quando
2312 5639 2480 5694 nescit
2507 5645 2799 5693 revertetur
2825 5637 2877 5691 in
2903 5643 3100 5690 terram
3130 5649 3301 5689 suam.
3331 5631 3576 5688 Exeunte

2065 5807 2082 5837 ι
2098 5801 2233 5863 Edd.,
2250 5801 2306 5865 in
2524 5796 2781 5865 particula,
2797 5795 2868 5857 in,
2889 5795 3033 5865 abest
3052 5801 3210 5865 a_Lxx
3235 5801 3332 5865 ειμι
3349 5799 3479 5850 uss,
3493 5793 3576 5855 qut

2005 5874 2170 5916 tamen
2190 5855 2504 5924 infra,'tertio
2524 5859 2649 5921 loco,
2671 5855 2859 5910 habent
2875 5869 2984 5908 mm
3005 5857 3140 5920 Edd.,
3160 5869 3191 5906 α
3209 5855 3389 5918 quibus.
