4080 6488
518 414 659 488 1891

524 540 715 616 spiritu
737 585 752 611 ,
782 544 905 597 caro
931 534 1230 595 revertetur
1250 550 1308 591 in
1325 536 1544 591 terram.
1572 528 1683 589 Sed
1700 530 1820 602 quia
1842 546 1965 587 caro
1985 540 2101 586 erat

523 644 642 707 una:
672 634 747 690 sic
776 628 1132 703 loquebatur(
1153 624 1229 684 De
1255 643 1342 683 me
1375 627 1515 682 enim
1560 637 1856 695 praesume,
1906 630 1959 677 et
2001 636 2099 693 ego

522 726 615 783 tibi
642 725 711 782 do
735 767 750 789 ,
778 738 889 780 non
912 723 1152 778 dicerent
1175 719 1275 776 nisi
1309 719 1384 774 illi
1409 717 1477 775 de
1508 716 1699 789 quibus
1742 716 1938 770 dictum
1975 710 2055 768 est
2081 756 2095 781 ,

526 817 658 886 Quia
682 828 801 871 caro
826 823 941 870 sunt
968 813 987 888 [
1010 812 1135 868 Gen.
1169 826 1221 867 vt
1243 856 1256 880 ,
1287 806 1365 884 5}
1392 811 1433 883 ),
1468 808 1615 864 Exiet
1641 808 1846 879 spiritus
1872 805 1981 876 ejus
2006 846 2019 868 ,
2050 813 2098 858 et

518 918 789 964 revertetur
816 908 869 962 in
897 916 1078 963 terram
1106 920 1250 961 suam
1286 922 1304 959 :
1339 902 1392 958 in
1434 898 1525 957 illa
1557 900 1636 955 die
1667 898 1895 971 peribunt
1930 913 2097 952 omnes

518 1000 846 1071 cogitationes
874 1002 983 1072 ejus
1009 1000 1048 1055 ¹.
1082 996 1180 1055 Ubi
1208 1004 1290 1053 est
1317 995 1551 1070 typhus?
1590 993 1679 1049 ubi
1707 998 1787 1048 est
1812 990 2097 1061 superbia?

519 1091 613 1147 ubi
638 1100 719 1147 est
739 1092 989 1163 iactantia
1009 1090 1033 1145 ?
1055 1088 1160 1146 Sed
1189 1090 1323 1144 forte
1347 1086 1417 1143 ad
1444 1088 1617 1141 locum
1652 1082 1846 1151 bonum
1876 1082 2099 1138 transic-
2150 1146 2152 1149 τ

517 1182 628 1250 rit,
656 1182 724 1238 ad
744 1184 918 1253 justos
949 1200 961 1237 :
991 1184 1034 1237 si
1061 1190 1237 1237 tamen
1267 1180 1492 1235 transiit.
1522 1176 1653 1233 Nam
1682 1177 1771 1247 qui
1801 1177 1875 1230 sic
1905 1176 2093 1245 loque—

518 1271 673 1330 batur
695 1318 708 1340 ,
744 1276 926 1331 nescio
948 1288 1051 1346 quo
1073 1273 1358 1329 transierit.
1386 1270 1723 1342 Loquebatur
1744 1269 1882 1324 enim
1913 1270 2096 1336 super-

516 1364 603 1422 bia
628 1384 642 1433 ;
674 1374 725 1423 et
754 1367 931 1422 nescio
957 1380 1060 1437 quo
1088 1374 1359 1421 transeant
1385 1364 1514 1418 tales
1541 1360 1781 1416 homines
1809 1403 1819 1423 ,
1849 1359 1947 1412 nisi
1975 1358 2093 1427 quia

516 1454 740 1528 inspicio
768 1458 993 1514 alterum
1026 1458 1287 1528 psalmum
1315 1498 1329 1522 ,
1374 1463 1427 1510 et
1467 1455 1622 1509 video
1668 1452 1864 1506 malum
1911 1458 2091 1504 eorum

514 1561 637 1605 esse
668 1551 966 1607 transitum.
1007 1547 1123 1603 Vidi
1153 1549 1361 1618 impium
1390 1544 1602 1601 exaltari
1627 1559 1776 1613 super
1803 1541 1975 1595 cedros
2002 1538 2093 1593 Li-

516 1640 632 1700 bani
656 1686 669 1711 ,
705 1652 749 1697 et
781 1644 992 1697 transivi
1011 1686 1027 1710 ,
1059 1652 1105 1696 et
1130 1656 1239 1697 cere
1266 1656 1364 1695 non
1392 1650 1497 1695 erat
1522 1654 1541 1705 ;
1566 1650 1610 1693 et
1637 1637 1838 1709 quaesivi
1868 1652 1977 1690 cum
2005 1679 2018 1702 ,
2048 1644 2095 1690 et

513 1744 615 1791 non
645 1746 716 1791 est
754 1740 984 1790 inventus
1026 1735 1163 1789 locus
1200 1736 1306 1805 ejus
1354 1730 1538 1807 (Psal.
1574 1744 1742 1785 XXXVI
1771 1772 1785 1797 ,
1819 1727 1887 1785 35
1910 1770 1925 1796 ,
1957 1730 2024 1785 56

513 1825 619 1885 ls‘tc
650 1831 765 1901 pius
807 1831 897 1900 qui
939 1829 1147 1884 transiit
1188 1836 1243 1885 et
1280 1844 1384 1883 non
1430 1826 1627 1882 invenit
1672 1825 1926 1894 impium,
1970 1824 2093 1880 illuc

515 1922 761 1993 pervenit
793 1920 879 1975 ubi
913 1936 1015 1975 non
1049 1929 1130 1976 ρει
1159 1921 1369 1989 impius.
1414 1918 1590 1988 Ergo,
1632 1916 1820 1971 fratres
1843 1958 1857 1981 ,
1907 1931 2090 1971 omnes

510 2012 824 2079 audiamus;
860 2015 1046 2069 fratres
1072 2013 1247 2069 dilecti
1277 2014 1380 2068 Deo
1407 2055 1421 2079 ,
1463 2027 1647 2065 omnes
1686 2009 1996 2065 audiamus:
2036 2007 2091 2062 in

510 2104 743 2179 qualibet
776 2104 1112 2162 tribulatione
1137 2149 1151 2173 ,
1186 2107 1236 2160 in
1277 2105 1509 2176 quolibet
1546 2100 1810 2158 desiderio
1856 2099 2090 2155 muneris

510 2196 677 2258 divini
703 2243 717 2267 ,
748 2212 853 2255 non
882 2196 1105 2255 lidamus
1132 2202 1183 2253 in
1215 2199 1484 2269 principes
1512 2239 1524 2260 ,
1558 2213 1656 2251 nec
1687 2196 1737 2250 in
1763 2195 1895 2249 ﬁlios
1922 2192 2092 2248 homi-

510 2302 635 2348 num
662 2332 677 2358 ,
712 2291 762 2344 in
794 2290 984 2360 quibus
1015 2306 1118 2344 non
1151 2294 1233 2343 est
1260 2290 1421 2344 salus.
1454 2286 1644 2341 Totum
1692 2286 1791 2339 hoc
1826 2284 2047 2339 mortale
2071 2325 2086 2349 ,

509 2382 869 2438 transitorium
915 2390 967 2437 et
1006 2381 1263 2436 caducum
1305 2380 1406 2435 est.
1448 2376 1594 2432 Exiet
1632 2377 1839 2450 spiritus
1866 2378 1972 2447 ejus
1996 2417 2009 2440 ,
2045 2383 2090 2428 et

505 2482 774 2531 revertetur
795 2471 846 2527 in
875 2482 1056 2527 terram
1086 2473 1345 2529 suam:in
1394 2471 1485 2525 illa
1525 2471 1606 2524 die
1652 2468 1879 2540 peribunt
1922 2485 2091 2524 omnes

506 2569 830 2640 Cogitationes
860 2569 986 2639 ejus.
1684 2612 1691 2618 .

578 2662 664 2716 ii.
706 2656 874 2733 [vers
912 2661 964 2717 5.
991 2656 1017 2733 1
1053 2657 1187 2727 Quid
1218 2673 1345 2730 ergo
1375 2654 1597 2712 iacimus
1624 2698 1637 2722 ,
1671 2656 1714 2710 si
1744 2657 1794 2711 in
1824 2650 1959 2709 ﬁlios
1990 2653 2088 2710 ho-

503 2755 706 2813 minum
734 2798 746 2820 ,
789 2756 832 2809 si
876 2755 927 2808 in
972 2753 1238 2824 principes
1284 2768 1390 2807 non
1442 2760 1520 2806 est
1566 2748 1933 2821 sperandum?
1962 2749 2088 2821 quid

504 2843 979 2905 ﬁcimus?Beatus
1021 2847 1164 2914 Cujus
1208 2841 1345 2897 Deus
1391 2841 1549 2896 Iacob
1596 2843 1800 2912 adjulor
1841 2846 1911 2895 est
1959 2840 2085 2911 ejus.

501 2926 623 2996 Non
650 2939 736 2993 ille
764 2938 924 2993 homo
965 2944 1055 2991 aut
1098 2936 1185 2990 ille
1226 2936 1387 2990 homo
1414 2981 1426 3002 ,
1469 2948 1573 2989 non
1617 2934 1705 2989 ille
1754 2933 1971 3004 angelus
2001 2946 2091 2990 aut

502 3027 595 3087 ille
623 3028 875 3101 angelus;
899 3029 990 3085 sed
1009 3072 1022 3095 ,
1046 3024 1232 3082 Beatus
1257 3030 1397 3099 cujus
1427 3026 1559 3081 Deus
1581 3025 1739 3081 Jacob
1765 3028 1968 3098 adjutor
1987 3036 2090 3081 est:

507 3122 709 3193 quiaet
738 3122 835 3191 ipsi
862 3118 1026 3176 Jacob
1051 3119 1126 3175 sic
1153 3119 1249 3173 fuit
1272 3120 1485 3187 adjutor
1512 3162 1523 3182 ,
1552 3128 1611 3174 ut
1640 3116 1705 3173 de
1740 3118 1903 3173 Jacnb
1946 3115 2092 3174 face-

506 3225 589 3272 rct
629 3214 790 3271 isr'ael
827 3212 1004 3285 (Cen.
1034 3222 1189 3269 xxxtt
1212 3257 1224 3279 ,
1258 3212 1391 3285 28).
1437 3212 1680 3283 Magnum
1728 3210 2044 3282 adjutorium
2070 3253 2086 3281 ,

506 3307 667 3364 Israel
686 3309 794 3380 jam
825 3308 1011 3363 videns
1040 3307 1224 3363 Deum.
1255 3306 1351 3363 Hic
1378 3322 1504 3377 ergo
1545 3308 1747 3377 positus
1773 3315 1823 3360 et
1853 3304 2089 3376 peregri-

507 3416 607 3457 nus
646 3402 880 3456 nondum
927 3398 1113 3456 videns
1164 3402 1326 3455 Deum
1353 3442 1367 3467 ,
1411 3400 1454 3453 si
1498 3397 1749 3454 habueris
1792 3394 2087 3467 adiutorem

506 3491 669 3549 Deum
697 3492 898 3559 Jacob,
939 3507 1003 3547 ex
1054 3490 1217 3546 Jacob
1266 3488 1370 3543 eris
1420 3488 1623 3555 Israel,
1665 3501 1717 3543 et
1756 3488 1861 3541 eris
1902 3486 2090 3542 videns

504 3576 710 3650 Deum;
738 3592 793 3639 et
818 3585 980 3655 periet
1003 3584 1176 3639 omnis
1202 3582 1351 3637 labor
1370 3591 1422 3636 et
1442 3580 1618 3635 omnis
1642 3580 1889 3651 gemitus,
1918 3588 2091 3634 trans-

507 3677 620 3735 ient
649 3695 789 3733 our-.e
828 3676 1106 3733 mordaces
1129 3719 1143 3743 ,
1185 3673 1471 3731 succedent
1501 3672 1685 3728 laudes
1715 3674 1913 3728 felices.
1956 3668 2089 3727 Bea-

509 3778 586 3828 tus
614 3774 755 3843 cujus
788 3771 920 3824 Deus
963 3762 1123 3824 Iacob
1163 3769 1365 3839 adjutor
1402 3774 1475 3823 est
1518 3768 1665 3839 ejus:
1707 3764 1860 3836 hujus
1904 3764 2085 3821 Jacob.

510 3866 682 3933 Quare
710 3867 807 3922 iste
828 3865 1012 3920 beatus
1034 3906 1047 3930 ,
1071 3865 1279 3919 interim
1308 3862 1482 3917 adhuc
1508 3861 1560 3917 in
1588 3863 1687 3918 hac
1702 3863 1809 3916 vita
1834 3860 2087 3933 gemens“!

509 3956 641 4026 Spes
688 3958 827 4012 illius
865 3957 917 4011 in
962 3955 1235 4010 Dominum
1273 3954 1436 4009 Deum
1486 3955 1665 4025 ipsius.
1700 3952 1823 4009 Ideo
1862 3953 2046 4010 beatus
2071 3995 2086 4021 ,

509 4052 627 4122 quia
656 4066 767 4122 spes
795 4050 953 4119 ipsius
984 4049 1035 4103 in
1066 4042 1335 4102 Dominum
1366 4046 1530 4101 Deum
1552 4048 1731 4118 ipsius.
1762 4045 1819 4102 In
1864 4050 1969 4118 quo
2009 4054 2091 4101 est

512 4160 636 4215 apes
664 4144 829 4216 ipsius
852 4187 867 4214 ,
900 4145 1010 4214 ipse
1036 4143 1138 4198 erit
1171 4158 1259 4198 res
1306 4140 1495 4212 ipsius.
1536 4139 1755 4196 Fratres
1778 4182 1793 4208 ,
1838 4156 1905 4195 an
1954 4137 2089 4194 forte

511 4240 679 4295 erravi
706 4279 721 4298 .
752 4236 871 4308 quia
900 4235 1004 4291 dixi
1035 4252 1149 4291 rem
1177 4245 1412 4290 nostram
1444 4232 1674 4289 futurum
1706 4233 1914 4290 Deum?
1953 4232 2089 4300 Quid

511 4331 555 4388 si
588 4330 818 4385 dicerem
849 4328 1215 4385 literedimtem
1246 4336 1480 4383 nostram
1509 4327 1783 4384 futurum?
1818 4326 1952 4399 Spes
1982 4344 2092 4383 mea

510 4440 565 4479 es
594 4432 645 4477 tu
670 4466 685 4491 ,
721 4423 880 4493 portio
912 4438 1020 4476 mea
1044 4422 1095 4475 in
1123 4432 1257 4477 terra
1291 4420 1557 4475 viventium
1597 4423 1615 4490 (
1642 4418 1785 4474 Psal.
1815 4435 1964 4487 cxu,
1993 4419 2088 4492 6).

514 4512 593 4571 Tu
617 4516 721 4570 eris
749 4516 921 4586 portio
948 4530 1085 4570 mea.
1118 4513 1238 4569 Eris
1269 4522 1322 4569 tu
1350 4514 1619 4583 possessio
1642 4555 1657 4581 ,
1686 4521 1739 4567 et
1762 4512 2088 4583 possidebis;

514 4607 783 4681 possessio
818 4607 913 4661 Dei
950 4607 1093 4673 eris,
1136 4617 1189 4660 et
1231 4605 1497 4675 possessio
1538 4615 1626 4658 tua
1660 4604 1762 4660 erit
1805 4603 1985 4658 Deus:
2037 4612 2091 4658 tu

512 4699 623 4754 eris
652 4697 919 4769 possessio
946 4696 1061 4766 ejus
1086 4738 1102 4764 ,
1144 4705 1206 4751 ut
1241 4696 1434 4751 coleris
1481 4695 1547 4750 ab
1589 4711 1694 4761 eo;
1743 4704 1797 4751 et
1838 4697 1949 4766 ipse
1993 4696 2093 4750 erit

513 4789 782 4862 possessio
812 4798 898 4843 tua
925 4830 938 4852 ,
983 4796 1040 4842 ut
1065 4788 1208 4842 colas
1234 4803 1378 4843 eunt.
1406 4787 1537 4842 Nam
1567 4798 1617 4843 et
1649 4797 1702 4842 tu
1729 4788 1858 4843 colis
1887 4788 2047 4843 Deum
2071 4827 2088 4853 ,

514 4891 569 4939 et
594 4883 785 4939 coleris
814 4899 843 4936 a
876 4883 1004 4938 Deo.
1034 4882 1199 4937 Recte
1225 4882 1419 4936 dicitur
1442 4923 1457 4949 ,
1482 4882 1611 4938 Coto
1635 4883 1799 4937 Deum
1831 4900 1843 4937 :
1868 4897 2092 4953 quomo-

514 4977 583 5031 do
613 4984 789 5031 autem
817 4976 964 5030 color
993 4990 1024 5029 a
1055 4973 1207 5030 Deo?
1231 4972 1537 5029 invenimus
1565 4975 1706 5044 apud
1738 4976 2046 5046 Apostotnm
2077 4992 2090 5029 :

516 5066 647 5134 Dei,
680 5067 847 5138 inquit
871 5108 885 5133 ,
912 5066 1228 5138 agricultura
1252 5108 1268 5132 ,
1296 5065 1393 5120 Dei
1435 5066 1704 5136 wdiﬁcatio
1741 5067 1857 5123 estis
1885 5066 1900 5137 (
1926 5066 1943 5121 Ι
1972 5066 2090 5122 Cor.

518 5177 572 5217 tu
597 5202 610 5224 ,
637 5160 733 5230 9).
780 5160 844 5213 Et
882 5158 1179 5226 Dominus,
1225 5157 1337 5227 Ego
1367 5175 1520 5225 sum,
1569 5158 1775 5229 inquit,
1820 5158 1971 5224 vitis,
2011 5172 2096 5213 vos

515 5253 629 5311 estis
657 5260 908 5306 sarmenta
931 5292 949 5317 ,
974 5259 1020 5304 et
1052 5248 1209 5304 Pater
1237 5266 1374 5304 meus
1420 5249 1644 5325 agricola
1672 5247 1865 5321 (Joan.
1902 5263 2002 5315 xv,
2031 5248 2054 5303 1
2076 5288 2094 5315 ,

523 5345 616 5414 5).
645 5343 1010 5413 Colitteergo
1040 5343 1183 5397 Deus
1208 5381 1223 5406 ,
1274 5349 1330 5397 ut
1372 5341 1445 5396 sis
1487 5342 1829 5406 lructuosus;
1871 5349 1925 5395 et
1967 5341 2096 5396 colis

520 5437 685 5493 Deum
711 5447 816 5505 ,ut
844 5435 917 5492 sis
956 5434 1280 5491 fructuosus.
1330 5434 1447 5490 Tibi
1498 5435 1695 5490 bonum
1739 5444 1821 5489 est
1861 5432 2001 5504 quod
2048 5441 2099 5488 te

519 5531 646 5585 colit
674 5531 856 5595 Deus;
889 5529 983 5583 tibi
1010 5528 1205 5583 bonum
1233 5536 1314 5583 est
1339 5526 1481 5597 quod
1524 5527 1654 5582 colis
1695 5527 1880 5582 Deum.
1917 5524 2099 5582 Cultor

524 5622 664 5678 Deus
690 5622 733 5677 si
759 5621 974 5678 recedat
998 5621 1065 5676 ab
1089 5620 1302 5677 homine
1328 5662 1347 5685 ,
1364 5619 1607 5676 desertus
1627 5619 1681 5674 tit
1705 5619 1900 5685 homo;
1928 5618 2101 5674 cultor

522 5715 683 5771 homo
714 5716 757 5769 si
786 5715 997 5770 recedat
1025 5730 1053 5768 a
1082 5715 1189 5769 Deo
1214 5756 1229 5782 ,
1271 5713 1511 5769 desertus
1539 5713 1595 5767 iit
1625 5713 1737 5783 ipse
1766 5712 1945 5767 homo.
1993 5710 2101 5767 Nec

514 5804 713 5865 Crescit
740 5804 883 5861 Deus
906 5804 1193 5862 accedente
1220 5812 1274 5863 ts
1291 5844 1313 5873 ,
1346 5819 1447 5862 nec
1485 5802 1751 5862 dem
1792 5802 2102 5862 discedente

584 5918 601 5953 ι
636 5917 853 5971 Nonnulli
874 5927 1002 5984 3185.,
1040 5930 1224 5972 eorum.

1746 410 1800 471 5.
1843 400 2206 472 AUGUS’l‘iNi
2244 399 2551 469 Εηεωμι

3630 414 3792 482 1892

2206 537 2283 586 te.
2316 526 2456 599 Ergo
2488 528 2585 583 erit
2615 528 2727 595 ipse
2751 528 3023 597 possessio
3046 528 3229 586 nostra
3252 560 3265 598 ,-
3292 534 3353 588 ut
3379 518 3476 591 lies
3500 536 3704 608 pascat;
3734 550 3788 598 et

2207 620 2405 678 erimus
2436 621 2699 690 possessio
2728 622 2843 691 ejus
2864 665 2877 689 ,
2906 630 2963 677 ut
2990 628 3090 680 nos
3117 630 3287 696 regat.

2276 714 2362 769 i2.
2405 712 2574 787 [vers
2600 712 2650 770 ϐ.
2675 711 2696 787 ]
2736 713 2865 786 Spes
2884 716 3022 771 illius
3040 718 3092 771 in
3114 715 3389 774 Dominam
3415 716 3579 775 Deum
3607 724 3786 794 ipsius.

2204 803 2332 874 Quis
2353 816 2432 862 est
2458 809 2557 863 iste
2579 806 2831 864 Dominus
2852 808 2988 864 Deus
3010 810 3215 881 ipsius?
3234 812 3503 871 Attencﬁte
3528 860 3541 881 ,
3566 812 3777 875 fratres.

2201 896 2349 953 Multi
2377 900 2517 954 enim
2548 899 2745 954 habent
2774 903 2967 958 multos
2996 902 3122 958 deos
3149 948 3159 967 ,
3189 913 3242 959 et
3267 903 3450 961 dicunt
3480 922 3571 963 eos
3609 908 3786 965 domi-

2202 1000 2302 1047 nos
2328 1005 2452 1047 suos
2492 1001 2547 1048 et
2593 992 2723 1048 deus
2772 1008 2914 1048 suos.
2966 993 3069 1050 Sed
3120 995 3249 1052 dicit
3298 1000 3623 1068 Apostolus,
3676 1002 3791 1057 Etsi

2204 1092 2319 1139 aunt
2367 1085 2450 1155 qui
2494 1085 2733 1140 dicuntur
2776 1084 2882 1151 dii,
2929 1089 3030 1142 sive
3072 1089 3125 1143 in
3168 1090 3321 1157 caelo,
3369 1092 3473 1146 sive
3514 1093 3565 1148 in
3616 1103 3790 1161 terra;

2203 1176 2619 1247 quemadmodum
2650 1191 2766 1233 sunt
2795 1181 2866 1233 dii
2892 1181 3072 1248 multi,
3121 1193 3169 1237 et
3206 1184 3396 1239 domini
3421 1186 3567 1241 mulli
3595 1207 3612 1242 :
3644 1191 3786 1245 nobis

2204 1278 2367 1324 taurea
2392 1286 2522 1326 unus
2548 1270 2686 1329 Deus
2710 1316 2723 1338 ,
2761 1272 2912 1329 Pater
2935 1320 2950 1341 ,
2982 1292 3043 1331 ea:
3070 1292 3167 1347 quo
3198 1280 3367 1333 omnia
3394 1323 3404 1345 ,
3438 1292 3483 1336 et
3514 1301 3642 1338 unus
3673 1284 3783 1340 Do-

2200 1364 2369 1418 minus
2390 1363 2542 1418 Jesus
2572 1364 2835 1432 Christus,
2872 1384 2958 1438 per
2998 1360 3140 1440 quem
3190 1372 3358 1425 omnia
3402 1372 3419 1443 (
3445 1373 3467 1428 l
3494 1373 3610 1429 Cor.
3650 1394 3741 1432 vni
3769 1422 3782 1447 ,

2203 1452 2302 1509 {iet
2334 1454 2420 1528 6).
2454 1454 2595 1527 Ergo
2620 1457 2689 1511 sit
2721 1458 2831 1528 ipse
2860 1474 2982 1529 spes
3009 1468 3092 1515 tua
3114 1504 3127 1528 ,
3163 1461 3417 1519 Dominus
3446 1462 3585 1522 Deus
3624 1474 3743 1524 tuus
3769 1486 3782 1534 ;

2200 1545 2252 1602 in
2283 1549 2371 1601 illo
2402 1548 2469 1603 sit
2495 1554 2617 1619 spes
2649 1560 2755 1605 tua.
2791 1551 2846 1606 in
2877 1553 3094 1610 domino
3120 1554 3220 1610 dco
3242 1571 3338 1611 suo
3365 1566 3448 1614 est
3478 1570 3599 1630 Spes
3623 1565 3782 1619 etiam

2200 1638 2337 1695 illius
2362 1641 2451 1711 qui
2481 1643 2607 1697 colit
2632 1640 2919 1699 Saturnum
2945 1663 2957 1712 ;
2988 1646 3041 1701 in
3084 1644 3301 1705 domino
3345 1646 3447 1706 deo
3495 1652 3661 1723 ipsius
3702 1666 3781 1712 est

2198 1747 2360 1803 spes,
2404 1734 2493 1802 qui
2542 1732 2670 1790 colit
2710 1734 2931 1791 Martem
2958 1780 2971 1804 ,
3016 1738 3104 1809 qui
3147 1741 3273 1796 colit
3306 1733 3607 1813 Neptunum
3640 1788 3654 1812 ,
3694 1748 3784 1818 qui

2196 1826 2321 1880 colit
2348 1822 2703 1883 Mercurium:
2743 1830 2862 1899 plus
2900 1830 3036 1885 addo
3063 1874 3077 1898 ,
3121 1832 3208 1902 qui
3246 1835 3371 1889 cotit
3403 1845 3685 1903 ventrem,
3716 1834 3783 1895 de

2198 1917 2389 1988 quibus
2416 1918 2615 1973 dietum
2645 1928 2727 1975 est
2752 1961 2767 1986 ,
2802 1921 3024 1986 Quorum
3056 1924 3177 1977 deus
3205 1935 3370 1979 venter
3398 1937 3467 1979 est
3496 1930 3512 1996 (
3546 1925 3781 1997 Philipp.

2197 2022 2254 2066 In
2279 2055 2292 2079 ,
2325 2009 2455 2083 i9).
2489 2012 2626 2084 Ergo
2654 2014 2739 2068 ille
2766 2015 2902 2068 illius
2928 2015 3060 2070 deus
3084 2057 3098 2081 ,
3130 2027 3288 2086 atque
3324 2017 3414 2073 ille
3458 2019 3620 2076 illius.
3654 2021 3783 2090 Quis

2197 2098 2354 2171 hujus
2380 2102 2717 2173 beati?Quia
2748 2120 2861 2175 spes
2897 2106 3056 2174 ipsius
3096 2106 3149 2161 tu
3186 2105 3405 2162 Domino
3449 2104 3558 2163 Dee
3599 2110 3780 2180 ipsius.

2192 2189 2303 2248 Sed
2329 2195 2447 2264 quis
2476 2202 2558 2250 est
2586 2192 2729 2268 iste?
2767 2194 2869 2261 Qui
2897 2195 3015 2265 fecit
3035 2197 3215 2251 (“celum
3244 2207 3290 2251 et
3317 2206 3498 2253 terram
3519 2241 3533 2265 ,
3570 2214 3710 2254 mare
3738 2212 3783 2256 et

2196 2286 2365 2340 omnia
2393 2301 2506 2356 φιιε
2529 2287 2579 2341 in
2606 2288 2675 2341 eis
2700 2296 2836 2341 sant.
2876 2286 3093 2344 Fratres
3127 2290 3230 2344 mei
3257 2332 3271 2355 ,
3310 2302 3559 2361 magnum
3612 2286 3781 2347 Deam

2196 2379 2490 2434 habemus!
2534 2380 2911 2436 benedicamus
2954 2398 3147 2436 nomen
3188 2391 3430 2438 sanctum
3470 2384 3588 2453 ejus
3612 2426 3628 2451 ,
3659 2384 3782 2456 quia

2193 2470 2439 2542 dignatus
2467 2476 2549 2527 est
2576 2470 2749 2528 facere
2778 2486 2874 2528 nos
2902 2472 3297 2544 possessionem
3327 2486 3499 2530 suam.
3528 2470 3778 2531 Nondum

2193 2564 2347 2619 vides
2371 2559 2538 2619 Deum
2565 2608 2579 2633 ,
2611 2578 2719 2620 non
2749 2575 2898 2635 potes
2941 2578 3121 2621 amare
3160 2565 3317 2636 ptene
3357 2567 3497 2638 quod
3545 2566 3783 2622 nondum

2194 2658 2363 2714 vides.
2391 2660 2521 2727 Quae
2547 2660 2694 2716 vides
2720 2701 2735 2727 ,
2762 2661 2875 2731 ipse
2901 2659 3045 2715 fecit.
3072 2652 3274 2716 Miraris
3297 2659 3548 2716 mundum
3580 2702 3595 2727 ,
3618 2677 3785 2732 quare

2195 2766 2302 2807 non
2330 2748 2586 2808 artificem
2616 2752 2798 2807 mundi
2828 2750 2843 2785 ¹
2869 2753 2895 2807 ?
2928 2748 3165 2824 Suspicis
3208 2755 3401 2810 coelum
3429 2795 3444 2821 ,
3492 2762 3546 2809 et
3583 2754 3783 2809 exhor-

2194 2844 2362 2899 rescis
2389 2862 2401 2910 ;
2430 2846 2631 2916 cogitas
2657 2846 2963 2901 universam
3003 2854 3198 2902 terram
3226 2889 3241 2914 ,
3274 2856 3327 2902 et
3370 2848 3782 2914 eontremiscis;

2196 2939 2360 2993 maris
2405 2939 2821 3009 magnitudinem
2864 2936 3075 3009 quando
3114 2940 3433 3011 cogitatione
3458 2938 3480 2972 ²
3508 2941 3784 3010 occupas?

2193 3022 2420 3099 Respice
2463 3029 2999 3087 innumerabilitatem
3036 3033 3344 3098 stellarum;
3389 3035 3595 3104 respice
3640 3042 3784 3109 tanta

2194 3130 2390 3190 genera
2440 3123 2744 3190 seminum,
2804 3124 2978 3178 tantas
3039 3120 3375 3181 diversitates
3434 3126 3781 3197 animalium,

2196 3212 2450 3284 quidquid
2483 3222 2628 3267 natat
2659 3216 2710 3269 in
2752 3214 2904 3285 aquis
2930 3256 2944 3283 ,
2993 3216 3133 3286 repit
3181 3218 3231 3271 in
3275 3225 3412 3273 terra
3437 3261 3453 3285 ,
3502 3220 3688 3275 volitat
3729 3218 3783 3277 in

2195 3318 2320 3361 aere
2346 3348 2359 3371 ,
2383 3306 2573 3362 circuit
2613 3307 2663 3362 in
2709 3307 2883 3366 ccelo:
2936 3311 3116 3365 om:iia
3152 3311 3250 3365 ista
3276 3353 3291 3377 ,
3340 3329 3496 3383 quam
3550 3330 3739 3386 magna
3763 3357 3779 3381 ,

2194 3408 2352 3467 quam
2418 3399 2711 3466 praeclara,
2764 3415 2923 3470 quam
2981 3402 3233 3471 pulchra,
3280 3420 3434 3475 quam
3481 3404 3781 3475 stupenda!

2195 3482 2333 3543 Ecce
2366 3488 2453 3557 qui
2484 3487 2603 3543 fecit
2638 3488 2752 3543 haec
2783 3492 2961 3545 Omnia
2988 3534 3001 3557 ,
3038 3492 3176 3547 Deus
3207 3501 3328 3547 tuus
3362 3504 3463 3550 est.
3516 3492 3663 3552 Pone
3709 3497 3782 3553 ibi

2194 3592 2342 3650 spem
2390 3588 2569 3648 tuam,
2616 3590 2673 3636 ut
2718 3581 2790 3637 sis
2832 3582 3062 3639 beatus:
3106 3585 3235 3656 Spes
3263 3586 3403 3641 illius
3430 3587 3786 3643 inDominum

2194 3668 2359 3726 Deum
2386 3674 2563 3744 ipsius.
2594 3673 2809 3742 Quem?
2842 3672 2947 3740 Qui
2970 3676 3086 3747 fecit
3112 3677 3291 3732 calum
3321 3687 3367 3733 et
3392 3688 3568 3733 terram
3594 3722 3610 3749 ,
3641 3698 3789 3737 mare

2194 3775 2240 3822 et
2268 3768 2436 3821 omnia
2464 3784 2575 3837 qua:
2600 3769 2651 3821 in
2680 3769 2750 3822 eis
2776 3779 2913 3823 sunt.
2934 3768 3179 3841 Magnum
3212 3770 3469 3828 habemus
3497 3773 3696 3829 Deum!

2268 3858 2352 3915 15.
2396 3856 2666 3915 Attendite
2689 3903 2702 3927 ,
2740 3860 2931 3918 fratres
2954 3904 2969 3930 ,
3012 3880 3260 3933 magnum
3303 3862 3468 3920 Deum
3496 3909 3512 3933 ,
3540 3866 3741 3921 bonum
3764 3909 3780 3935 ,

2197 3940 2485 4007 facientem
2526 3953 2670 4006 talia.
2710 3952 2849 4020 Quid
2893 3968 3018 4024 ergo
3054 3952 3178 4010 hinc
3216 3957 3465 4025 cogitavit
3510 3950 3652 4012 Deus
3678 3998 3694 4023 ,
3731 3968 3785 4012 ut

2196 4038 2398 4099 faceret
2426 4046 2511 4116 (si
2538 4053 2716 4102 tamen
2739 4045 3021 4103 dicendum
3047 4058 3129 4103 est
3165 4046 3232 4104 de
3278 4044 3388 4104 Deo
3410 4092 3427 4118 ,
3475 4049 3780 4126 Cogitavit)

2196 4138 2373 4191 Caelum
2397 4179 2410 4204 ,
2441 4146 2624 4192 terram
2651 4181 2662 4203 ,
2688 4156 2828 4194 mare
2853 4183 2865 4205 ,
2895 4150 2941 4195 et
2962 4142 3131 4196 omnia
3151 4159 3262 4214 quae
3282 4142 3333 4196 in
3356 4143 3425 4197 eis
3449 4144 3603 4197 sum?
3627 4141 3786 4199 Forte

2195 4226 2433 4285 dicturus
2464 4240 2577 4286 erat
2608 4230 2768 4287 hoino
2794 4233 2926 4288 iste:
2956 4232 3119 4289 Video
3146 4233 3361 4306 quidem
3393 4237 3571 4290 omnia
3597 4252 3785 4307 magna

2194 4320 2335 4381 ista:
2369 4324 2560 4379 coeltmi
2612 4332 2665 4379 et
2695 4330 2926 4393 terram,
2972 4343 3118 4383 mare
3164 4326 3287 4383 fecit
3332 4329 3471 4384 Deus
3514 4347 3528 4383 :
3574 4328 3786 4399 quando

2196 4433 2282 4473 me
2308 4427 2580 4489 computat
2610 4418 2752 4474 Deus
2782 4419 2921 4475 inter
2946 4437 3009 4476 ea
3059 4438 3176 4492 qua:
3212 4420 3380 4477 fecit?
3427 4432 3481 4477 et
3520 4438 3647 4477 vere
3690 4436 3789 4492 ego

2196 4512 2438 4583 pertinco
2470 4510 2534 4565 ad
2564 4528 2743 4566 curam
2787 4511 2955 4582 ipsius
2983 4556 2997 4580 ,
3044 4524 3098 4569 et
3143 4514 3306 4570 modo
3355 4515 3419 4570 de
3464 4530 3549 4569 me
3594 4516 3789 4585 cogitat

2197 4599 2338 4657 Dens
2364 4645 2379 4671 ,
2410 4610 2499 4656 aut
2522 4603 2621 4658 scit
2646 4620 2715 4657 an
2743 4604 2957 4659 vivam?
2984 4603 3119 4673 Quid
3162 4616 3244 4661 est
3290 4608 3391 4662 hoc
3431 4607 3571 4675 quod
3617 4607 3789 4661 dicis?

2196 4692 2313 4751 Non
2341 4696 2595 4766 subrepat
2620 4698 2711 4751 tibi
2740 4697 2877 4752 mala
2899 4700 3149 4769 cogitatio
3177 4700 3227 4753 in
3264 4716 3397 4768 cor;
3442 4700 3510 4756 de
3552 4700 3637 4755 his
3672 4710 3791 4756 esto

2198 4787 2265 4845 de
2295 4789 2484 4859 quibus
2508 4787 2665 4860 paulo
2686 4800 2807 4845 ante
2829 4790 3180 4861 loquebamur
3206 4834 3220 4858 ,
3244 4791 3492 4846 Laudabo
3520 4793 3788 4847 Dominum

2199 4881 2252 4935 in
2278 4881 2377 4935 vita
2414 4898 2523 4935 mea
2548 4924 2562 4947 ,
2594 4884 2807 4951 psallunt
2835 4879 2942 4937 Deo
2969 4901 3077 4937 meo
3113 4884 3352 4954 quamdiu
3378 4901 3509 4939 sum.
3547 4878 3651 4939 Sed
3683 4886 3783 4939 iSLe

2199 4974 2332 5029 alios
2353 4974 2640 5044 alloquitur
2664 5019 2679 5043 ,
2705 4976 2887 5031 nescio
2909 4992 3044 5048 quos
3074 4978 3320 5048 tepidos,
3358 4994 3491 5051 quos
3532 4980 3790 5034 exhorta-

2202 5076 2289 5123 tur
2315 5108 2329 5133 ,
2360 5076 2412 5122 et
2434 5068 2583 5138 quasi
2615 5078 2830 5123 veretur
2857 5084 2920 5123 ne
2965 5068 3249 5139 desperent
3291 5069 3358 5126 de
3401 5084 3492 5136 se,
3534 5072 3656 5141 quia
3707 5088 3771 5125 ve

2203 5177 2309 5217 non
2339 5162 2463 5216 sunt
2487 5161 2536 5216 in
2562 5172 2815 5231 computo
2837 5162 2953 5217 Dei.
2984 5160 3264 5218 Multorum
3311 5166 3451 5229 enim
3497 5166 3628 5221 tales
3671 5175 3794 5220 sunt

2204 5255 2575 5326 cogitationes.
2610 5252 2715 5311 Sed
2767 5250 2885 5311 ideo
2928 5256 3181 5313 deserunt
3228 5258 3434 5325 Deum,
3475 5269 3528 5313 et
3569 5267 3795 5328 pergunt

2202 5362 2299 5418 per
2327 5347 2574 5420 quaelibet
2605 5358 2818 5418 peccata
2837 5391 2850 5414 ,
2880 5349 3004 5420 quia
3034 5365 3137 5405 non
3161 5351 3387 5405 credunt
3412 5366 3601 5405 curare
3626 5352 3793 5405 Deum

2204 5440 2329 5512 quid
2352 5452 2528 5513 agant.
2560 5440 2693 5496 Audi
2722 5440 2929 5513 eloquia
2954 5441 3128 5497 divina
3156 5483 3169 5507 ,
3194 5442 3301 5497 noli
3324 5442 3391 5497 de
3413 5451 3465 5498 te
3485 5442 3793 5512 desperare.

2206 5533 2305 5604 Qui
2333 5534 2539 5589 curavit
2569 5532 2745 5588 iaeere
2774 5544 2826 5588 te
2853 5575 2868 5599 ,
2893 5549 2997 5588 non
3040 5544 3189 5590 curat
3230 5535 3453 5590 reticere
3489 5544 3539 5590 te
3561 5535 3583 5573 9
3608 5534 3795 5589 Nonne

2207 5618 2346 5681 Deus
2375 5636 2496 5684 tuus
2527 5636 2607 5682 cst
2631 5627 2717 5697 qui
2748 5626 2879 5683 fecit
2905 5628 3097 5683 caelum
3127 5669 3141 5694 ,
3183 5637 3236 5682 et
3265 5640 3458 5683 terram
3484 5670 3497 5695 ,
3531 5636 3583 5683 et
3610 5627 3793 5682 mare?

2207 5714 2260 5775 Si
2306 5718 2406 5773 ista
2461 5719 2572 5774 sola
2622 5718 2856 5787 diceret,
2899 5720 3035 5777 forte
3078 5719 3434 5792 responderes
3480 5730 3535 5776 tu
3579 5738 3592 5775 :
3655 5720 3794 5776 Deus

2272 5853 2295 5923 ξ
2325 5851 2493 5923 gini-es
2516 5853 3101 5923 Μεθηηᾳιιιενεηανιὶβςαη
3122 5852 3306 5923 mundi.
3344 5911 3377 5923 Α

2275 5916 2295 5947 ³
2328 5913 2460 5977 Edd.,
2486 5913 2815 5979 cogitationem
2839 5914 2863 5967 Ρ
2887 5913 2989 5968 Mss.
3017 5931 3153 5979 vero,
3182 5913 3480 5980 cogitatione.
