4080 6464
536 384 699 476 sses

557 534 684 606 quid
739 528 1001 588 festinas?
1048 524 1173 597 quid
1219 521 1387 591 dicis,
1452 522 1562 595 Ego
1617 522 1778 577 sum?
1843 521 2133 590 Exspecta,

559 638 806 695 mquam;
836 629 1007 675 totum
1042 619 1234 689 legam.
1278 615 1505 679 Audisti,
1537 614 1681 669 Beati
1712 614 1801 683 qui
1830 610 2134 682 persecutio-

560 733 674 771 nem
698 715 989 785 patiuntur;
1006 711 1114 781 jam
1142 710 1234 765 tibi
1257 709 1438 764 nescio
1452 708 1578 777 quid
1598 720 1838 775 coeperas
1865 716 2132 774 arrogare.

556 808 610 865 Si
641 806 922 876 permittis,
966 812 1132 858 totum
1160 802 1316 871 lego;
1367 799 1485 853 vide
1511 797 1636 868 quid
1666 805 1935 865 sequatur.
1985 794 2130 848 Beati

555 902 639 971 qui
679 897 1067 968 persecutionem
1108 894 1367 965 patiuntur
1396 900 1600 961 propter
1633 890 1883 961 justitiam
1923 887 2131 956 (Matth.

556 1010 606 1058 ν,
634 991 742 1060 10).
796 987 950 1043 Modo
1000 987 1104 1052 die,
1159 986 1270 1055 Ego
1310 999 1447 1039 sum.
1497 982 1551 1038 Si
1594 981 1756 1037 audes
1792 980 1988 1045 dicere,
2025 980 2135 1049 Ego

556 1101 670 1138 sum
698 1100 711 1148 ;
744 1082 1014 1151 superiora
1061 1095 1179 1149 quae
1205 1078 1310 1131 dixi
1344 1084 1692 1131 retractemus
1721 1090 1733 1126 :
1765 1083 1871 1137 aut,
1917 1088 1983 1126 ne
2014 1072 2132 1126 lon-

555 1191 677 1245 gum
716 1174 803 1238 sit,
854 1173 953 1225 hoc
986 1186 1145 1224 unum
1189 1168 1499 1236 interrogo:
1542 1166 1598 1220 Si
1644 1164 1927 1219 damnares
1969 1179 2130 1216 unum

554 1265 843 1327 hominem,
885 1262 1035 1329 cujus
1066 1274 1277 1314 causam
1318 1256 1569 1321 nescires,
1611 1255 1836 1309 auderes
1867 1266 1916 1309 te
1953 1253 2133 1309 dicere

557 1366 737 1411 tenere
767 1352 1066 1423 justitiam?
1107 1358 1215 1416 aut,
1267 1349 1310 1403 si
1338 1348 1461 1418 quid
1489 1361 1585 1416 pro
1613 1345 1712 1400 hac
1740 1361 1800 1400 re
1832 1359 2015 1413 passus
2041 1359 2128 1398 es-

553 1460 659 1513 ses,
706 1444 947 1514 injuriam
998 1439 1338 1497 nominares?
1387 1438 1559 1507 Erigis
1593 1446 1644 1492 te
1688 1438 1738 1491 in
1792 1435 2130 1490 temerarium

555 1537 780 1591 tribunal
807 1534 982 1590 cordis
1012 1533 1109 1598 tui,
1142 1531 1279 1587 unde
1310 1529 1696 1602 praecipiteris;
1721 1536 1775 1583 et
1796 1527 1960 1583 audes
1987 1528 2130 1583 ferre

558 1628 874 1683 sententiam
896 1625 962 1681 de
983 1624 1195 1679 homine
1222 1623 1372 1692 cujus
1388 1636 1600 1677 causam
1630 1622 1829 1675 nescis!
1852 1620 1962 1674 Hoc
1990 1620 2035 1675 si
2063 1619 2131 1676 de

554 1736 658 1773 uno
680 1719 892 1773 homine
922 1717 1143 1781 faceres,
1174 1729 1321 1769 esses
1352 1714 1615 1782 injustus:
1645 1711 1772 1765 facis
1794 1711 1897 1766 hoc
1920 1712 1986 1767 de
2018 1720 2129 1767 toto

552 1812 681 1866 orbe
723 1818 1005 1876 terrarum,
1055 1816 1108 1862 et
1130 1807 1303 1877 justus
1328 1806 1421 1861 es?
1469 1805 1684 1859 Fratres
1709 1803 2028 1869 cbarissimi,
2075 1812 2130 1859 et

551 1918 667 1973 quae
707 1912 788 1955 est
817 1917 933 1971 qum
960 1899 1153 1969 patitur
1179 1898 1444 1967 injuriam,
1474 1896 1574 1951 nisi
1603 1895 1839 1949 Ecclesia
1868 1896 2128 1951 catholica

552 2010 669 2065 qua:
692 2003 831 2049 tanta
855 1993 952 2048 ista
979 1992 1307 2063 perpetitur?
1352 1991 1491 2044 Inter
1516 1997 1593 2043 tot
1620 1990 1869 2043 scandala
1910 1989 2125 2043 hmreti-

551 2100 731 2139 eorum
772 2085 964 2153 gemit;
1010 2083 1150 2137 videt
1193 2097 1286 2152 per
1324 2081 1490 2135 malas
1519 2081 1792 2134 suasiones
1820 2090 1875 2134 et
1915 2079 2126 2135 fraudes

548 2177 660 2244 rapi
702 2174 766 2229 de
799 2174 1001 2244 gremio
1040 2188 1136 2227 suo
1176 2173 1433 2239 inlirmos,
1478 2172 1725 2241 parvulos
1761 2171 1989 2240 pretrahi
2030 2186 2127 2241 per

546 2267 728 2322 nescio
756 2282 872 2336 quae
900 2274 1103 2320 secreta
1137 2265 1389 2318 malarum
1434 2264 1805 2334 speluncarum
1831 2306 1845 2327 ,
1889 2264 2124 2332 rebapti-

546 2359 671 2423 zari,
712 2357 979 2413 exsufﬂari
1018 2358 1069 2411 in
1116 2356 1194 2412 eis
1238 2355 1530 2421 Christum,
1581 2356 1747 2411 occidi
1801 2356 1851 2409 in
1898 2356 1975 2411 eis
2019 2370 2123 2410 non

545 2450 769 2505 mortale
806 2450 934 2504 illud
962 2464 1113 2504 suum
1152 2464 1258 2519 quo
1287 2448 1533 2503 homines
1558 2457 1701 2515 sunt,
1744 2448 1836 2503 sed
1866 2448 1991 2502 illud
2019 2462 2125 2517 quo

543 2541 599 2597 in
624 2551 879 2597 aeternum
905 2542 1091 2596 victuri
1113 2550 1255 2595 sunt.
1276 2540 1538 2595 Suadetur
1558 2539 1755 2594 homini
1780 2540 1975 2604 dicere,
2006 2539 2123 2594 Non

544 2649 661 2691 sum
704 2635 1044 2699 christianus,
1092 2644 1145 2689 et
1183 2633 1387 2704 justitia
1418 2642 1658 2687 vocatur.
1700 2633 2027 2687 Accessurus
2065 2646 2123 2687 es

543 2726 611 2781 ad
640 2726 965 2796 episc0pum,
1008 2726 1081 2779 ait
1109 2726 1203 2790 illi,
1239 2725 1363 2780 vide
1388 2740 1452 2780 ne
1472 2724 1619 2779 dicas
1645 2709 1696 2779 te
1722 2740 1841 2779 esse
1875 2723 2121 2778 christia-

542 2836 669 2876 num
702 2838 714 2875 :
747 2822 789 2876 si
812 2821 951 2875 enim
973 2820 1168 2875 dixeris
1190 2828 1240 2874 te
1268 2834 1385 2873 esse
1410 2818 1776 2882 christianum,
1808 2834 1911 2870 non
1938 2832 1997 2871 es
2029 2831 2123 2871 ac-

543 2922 830 2986 cepturus;
862 2923 919 2966 ut
944 2922 1119 2965 autem
1150 2911 1400 2979 accipias,
1432 2910 1516 2964 dic
1564 2918 1615 2963 te
1649 2924 1751 2961 non
1799 2923 1936 2963 esse.
1986 2907 2120 2973 Quid

544 3019 751 3071 mones,
782 3001 1253 3072 cliristiane?quid
1283 3001 1479 3055 doces?
1509 2999 1667 3055 Certe
1696 3000 2119 3069 persecutionem

546 3096 743 3166 pateris
775 3095 823 3148 τί
853 3102 1049 3164 quanto
1087 3103 1138 3146 tu
1174 3092 1351 3147 verior
1379 3092 1719 3161 persecutor!
1766 3089 1990 3158 Quando
2017 3089 2121 3143 Im-

542 3197 815 3257 peratores
837 3186 1288 3256 persequebantur
1315 3183 1666 3249 Christianos,
1697 3181 1950 3236 minando
1969 3196 2118 3251 coge-

541 3280 688 3343 bant,
715 3278 855 3349 quod
884 3287 937 3331 tu
967 3277 1132 3332 eflieis
1169 3276 1457 3331 suadendo.
1488 3274 1784 3330 Persuades
1824 3274 2119 3330 christiano

542 3380 601 3424 ut
626 3380 779 3441 neget
803 3385 863 3425 se
882 3384 1000 3424 esse
1016 3368 1362 3423 christianum
1386 3385 1399 3421 :
1422 3367 1561 3436 quod
1590 3376 1640 3419 tu
1669 3364 1942 3420 suadendo
1965 3365 2115 3434 iacis,

543 3462 645 3517 hoc
659 3470 964 3530 persecutor
983 3459 1271 3514 occidendo
1293 3475 1395 3512 non
1415 3457 1553 3512 fecit.
1578 3456 1688 3513 Sub
1707 3466 1756 3512 te
1785 3458 1910 3511 vivit
1932 3456 2114 3522 homo,

539 3556 632 3625 qui
663 3564 818 3625 negat
855 3569 913 3608 se
940 3568 1057 3607 esse
1085 3552 1453 3606 christianum.
1484 3549 1665 3618 Negat,
1700 3558 1753 3603 et
1778 3549 1943 3603 vivit?
1990 3549 2119 3604 Per-

540 3646 675 3700 didit
694 3646 800 3715 jam
826 3645 984 3699 vitam
1012 3661 1026 3709 ;
1054 3644 1277 3698 cadaver
1306 3643 1397 3697 tibi
1426 3642 1673 3712 loquitur.
1705 3642 1803 3708 Qui
1833 3656 2116 3712 percussus

541 3746 625 3791 est
643 3735 816 3806 gladio
836 3735 1209 3805 persecutoris,
1228 3734 1437 3799 cecidit,
1465 3742 1518 3787 et
1542 3733 1672 3787 vivit
1705 3752 1717 3788 :
1748 3734 1832 3787 cui
1860 3734 2113 3803 loqueris,

539 3836 665 3891 stat,
704 3834 757 3882 et
781 3826 993 3886 cecidit.
1030 3825 1152 3879 llzec
1177 3824 1393 3888 faciens,
1438 3821 1687 3892 quidquid
1714 3837 1900 3892 passus
1931 3822 2111 3889 fueris,

538 3921 729 3991 injuria
756 3920 897 3974 erit?
918 3917 1049 3973 Nolo
1070 3918 1161 3971 tibi
1183 3916 1471 3971 blandiaris
1502 3931 1514 3967 :
1552 3915 1596 3970 si
1624 3915 1739 3969 haec
1771 3915 1963 3984 injusta
1991 3924 2116 3969 sunt

537 4012 715 4066 omnia
744 4026 861 4080 qua:
889 4010 1035 4074 facis,
1076 4008 1328 4079 quidquid
1366 4007 1561 4076 pateris
1598 4006 1798 4076 justum
1846 4007 1966 4061 erit.
2018 4005 2114 4061 Cui

538 4112 715 4157 autem
758 4101 882 4156 facit
924 4100 1198 4170 judicium,
1228 4100 1313 4170 qui
1343 4099 1558 4153 custodit
1600 4099 1853 4152 veritatem
1887 4099 1939 4151 in
1964 4108 2113 4153 a'ter-

534 4210 658 4248 num
679 4196 702 4249 ?
723 4192 975 4261 Injurium
997 4192 1371 4259 accipientibus.

588 4287 674 4340 l7.
694 4282 982 4357 [vers.7,8.]
997 4283 1111 4337 iam
1127 4291 1180 4335 tu
1201 4281 1445 4352 procede,
1461 4290 1514 4335 et
1530 4280 1615 4335 dic
1627 4279 2113 4335 ratiocinationibus

538 4372 646 4431 illis
660 4377 762 4431 tuis
784 4375 958 4441 bonis,
984 4383 1037 4428 et
1055 4374 1203 4443 quasi
1226 4374 1393 4427 acutis
1409 4380 1462 4427 et
1486 4372 1781 4437 subtilibus,
1808 4372 1927 4441 quia
1948 4379 2001 4425 tu
2020 4387 2113 4441 pa-

536 4468 643 4522 scis
662 4484 676 4532 ;
699 4476 753 4521 et
766 4465 851 4520 dic
867 4484 879 4519 :
897 4464 1190 4519 Famelicus
1209 4472 1379 4533 potest
1397 4463 1651 4532 pascere?
1672 4461 1725 4516 id
1743 4471 1840 4527 est,
1864 4471 2111 4531 peccator

536 4568 710 4631 potest
730 4559 856 4613 dare
882 4566 1121 4612 sanctum
1140 4557 1162 4609 ?
1184 4555 1478 4609 Famelicus
1511 4562 1684 4623 potest
1708 4553 1965 4623 pascere?
1995 4554 2110 4607 lan-

534 4649 725 4721 guidus
775 4656 949 4718 potest
990 4646 1213 4701 sanare?
1268 4645 1454 4714 ligatus
1500 4652 1676 4714 potest
1720 4644 1961 4698 solvere?
2009 4643 2108 4698 Ista

536 4748 662 4796 sunt
685 4739 850 4795 veluti
878 4752 1067 4807 magna
1094 4746 1147 4791 et
1174 4735 1406 4801 subtilia,
1434 4736 1626 4805 quibus
1651 4734 1918 4804 decipiunt
1938 4735 2109 4803 impe-

535 4833 686 4888 ritos.
713 4830 935 4888 Claudat
970 4830 1073 4885 illis
1102 4844 1162 4884 os
1186 4828 1421 4897 psalmus
1447 4828 1547 4884 iste
1577 4847 1590 4882 :
1636 4827 1850 4882 Dantem
1884 4830 1903 4860 ³
1946 4845 2111 4884 escam

535 4922 884 4979 esurientibus.
920 4921 1056 4976 Ecce
1077 4920 1205 4975 nihil
1227 4936 1256 4973 a
1281 4929 1333 4974 te
1350 4930 1638 4989 exspecto;
1672 4919 1812 4973 Deus
1835 4920 1922 4973 dat
1947 4936 2110 4974 escam

535 5016 881 5071 esurientibus.
913 5014 1111 5082 Quibus
1136 5012 1525 5069 esurientibus?
1549 5011 1825 5067 Omnibus.
1849 5012 1984 5080 Quid
2005 5021 2105 5080 est,

536 5108 819 5162 omnibus?
845 5102 1102 5161 Omnibus
1128 5104 1443 5159 animalibus
1460 5144 1474 5169 ,
1522 5102 1768 5158 omnibus
1810 5104 2109 5160 hominibus

535 5201 649 5269 ipse
685 5200 775 5255 dat
799 5213 975 5255 escam
1000 5215 1015 5265 ;
1042 5206 1095 5253 et
1114 5198 1311 5252 nullam
1334 5210 1509 5251 escam
1535 5206 1711 5250 servat
1734 5195 1943 5252 dilectis
1965 5199 2110 5253 suis?

533 5290 592 5345 Si
619 5291 812 5347 habent
839 5290 996 5343 aliam
1028 5288 1241 5351 famem,
1266 5286 1527 5341 babentet
1553 5286 1711 5340 aliam
1738 5301 1933 5341 escam.
1954 5288 2109 5355 Quae-

442 5400 446 5405 '
535 5398 715 5437 ramus
754 5382 926 5453 primo
966 5382 1153 5437 l'amem
1194 5380 1448 5451 ipsorum,
1491 5387 1545 5434 et
1575 5378 1904 5433 inveniemus
1931 5394 2108 5435 escam

536 5472 769 5541 ipsorum
802 5491 815 5527 :
850 5472 995 5527 Beati
1021 5473 1108 5541 qui
1142 5475 1364 5526 esuriant
1406 5480 1453 5525 et
1481 5472 1656 5525 sitiunt
1670 5471 1943 5541 justitiam,
1988 5489 2112 5543 quo-

533 5568 671 5621 niam
710 5567 808 5637 ipsi
857 5565 1215 5622 saturabuntur
1240 5564 1423 5635 (lbid.,
1453 5565 1530 5636 6).
1573 5564 1824 5621 Famelici
1864 5565 1957 5621 Dei
1991 5581 2111 5623 esse

599 5696 617 5728 ί
651 5703 754 5760 Hoc
766 5696 871 5749 loco
893 5695 1017 5760 apud
1040 5700 1115 5744 Er.
1137 5702 1320 5760 et_l.ov.
1343 5694 1550 5755 additur,
1576 5700 1704 5745 tanta
1732 5702 1785 5746 tu
1819 5696 1977 5747 verius
1996 5710 2109 5760 per-

534 5756 1023 5819 secutionempat'eris
1050 5770 1068 5807 :
1086 5756 1213 5819 quod
1233 5756 1297 5806 ab
1315 5764 1413 5805 Am.
1426 5764 1488 5819 et
1501 5763 1609 5810 ιω.
1632 5760 1787 5808 abest.

601 5822 633 5851 ’-
654 5820 787 5878 md,
809 5816 910 5869 dat.
936 5825 990 5867 Αι
1010 5816 1135 5878 Mss;
1160 5818 1355 5868 diuitem
1382 5830 1399 5867 :
1418 5818 1555 5879 juxta
1577 5826 1744 5878 Gneo;
1768 5827 1820 5869 et
1845 5820 1893 5870 id
1914 5833 2111 5872 oenatr-

539 5883 618 5941 dat
641 5897 748 5933 eum
769 5882 1022 5946 superiore
1039 5885 1178 5942 parte
1198 5879 1446 5937 versiculi,
1468 5879 1720 5935 facientem
1732 5882 1991 5945 judicium,
2009 5892 2104 5935 etc.

1756 409 1813 464 S.
1853 398 2220 464 AUGUSTINI
2251 400 2557 464 EPISCOPI

3644 434 3659 441 ε
3686 411 3831 472 1898

2241 520 2497 577 debemus
2528 537 2541 574 :
2570 527 2692 576 ante
2714 520 2929 591 janusm
2968 528 3285 592 conspectus
3310 521 3453 579 illius
3481 522 3536 579 in
3566 526 3828 582 orationia

2241 611 2341 667 bus
2376 613 2769 673 mendicemus;
2817 613 2930 683 ipse
2977 614 3063 668 dat
3090 631 3255 669 eseam
3294 617 3641 672 esurientibus.
3685 618 3825 686 Quid

2240 715 2324 760 est
2350 706 2490 775 quod
2520 716 2593 772 te,
2624 706 2893 772 haeretice,
2912 708 3081 777 jactas
3109 709 3227 778 quia
3258 718 3313 763 tu
3339 709 3520 777 solvis,
3553 720 3606 764 tu
3638 713 3821 782 erigis,

2244 807 2297 851 tu
2324 797 2621 852 illuminas?
2642 796 2905 853 Videlicet
2932 800 3052 868 quia
3082 810 3133 854 tu
3165 799 3416 856 liberatus
3438 804 3547 871 jam
3577 820 3656 868 es,
3688 815 3741 860 et
3768 814 3824 860 tu

2241 899 2367 955 stas,
2390 901 2443 945 et
2461 900 2514 945 tu
2534 891 2709 946 lumen
2740 891 2835 945 es?
2863 891 3031 946 Absit.
3060 891 3313 961 Superius
3333 895 3546 951 attende
3588 914 3601 949 :
3650 895 3825 951 Nolite

2240 982 2491 1049 conﬁdere
2533 983 2583 1035 in
2622 983 2889 1052 principes,
2923 993 2966 1036 et
3007 983 3059 1036 in
3100 985 3233 1052 ﬁlios
3263 985 3541 1052 hominum,
3586 988 3823 1058 aquibus

2241 1087 2340 1123 non
2387 1082 2458 1124 est
2510 1073 2669 1126 salus.
2722 1073 2832 1127 Non
2888 1073 2986 1142 ipsi
3030 1074 3156 1128 dant
3208 1076 3449 1130 salutem.
3496 1078 3633 1149 Ergo
3672 1094 3823 1135 recc.

2238 1162 2365 1215 dant
2412 1163 2644 1219 lizeretici
2689 1164 2755 1219 de
2794 1166 2989 1220 medio.
3022 1166 3271 1222 Dominus
3300 1170 3447 1223 solvit
3476 1172 3823 1242 compeditos;

2244 1253 2486 1308 Dominus
2526 1256 2669 1325 erigit
2697 1258 2884 1322 elisos;
2933 1256 3179 1313 Dominus
3205 1261 3454 1330 sapientes
3484 1263 3605 1332 facit
3630 1279 3821 1331 arcos;

2236 1346 2289 1401 id
2316 1357 2417 1413 est,
2449 1363 2542 1403 eos
2573 1349 2661 1417 qui
2690 1350 2816 1405 (ξωεὶ
2844 1359 2966 1404 sunt
3008 1350 3130 1406 facit
3155 1353 3439 1421 sapientes.
3483 1352 3693 1424 Optime
3723 1372 3821 1426 per

2238 1438 2373 1493 hanc
2417 1442 2732 1494 sententiam
2776 1442 3026 1511 exposuit
3060 1443 3210 1497 nobis
3250 1458 3436 1499 omnes
3465 1446 3770 1515 superiores
3802 1463 3818 1501 :

2234 1546 2303 1585 ne
2331 1529 2467 1587 forte
2495 1547 2614 1586 cum
2644 1532 2885 1599 dixisset,
2928 1532 3175 1588 Dominus
3205 1536 3351 1589 solvit
3391 1537 3717 1605 compeditos,
3749 1537 3820 1593 ad

2234 1622 2355 1677 illos
2378 1624 2705 1694 compeditos
2731 1625 3070 1692 referremus,
3090 1627 3181 1696 qui
3199 1626 3332 1682 forte
3351 1640 3565 1699 pr0pter
3587 1631 3818 1700 aliquam

2233 1728 2426 1768 noxam
2477 1714 2705 1785 ligantur
2756 1715 2895 1771 ferro
2934 1732 2965 1770 a
3009 1716 3237 1771 dominis
3281 1720 3425 1783 suis;
3478 1722 3600 1789 quia
3640 1733 3817 1777 autem

2232 1804 2385 1870 dixit,
2420 1803 2581 1875 Erigit
2600 1795 2786 1873 'elisos,
2826 1814 3131 1862 occurreret
3160 1807 3315 1862 nobis
3344 1808 3529 1879 aliquis
3550 1850 3564 1873 ,
3609 1821 3703 1865 aut
3740 1812 3817 1866 of-

2232 1892 2455 1949 fendens
2481 1905 2535 1950 et
2568 1896 2785 1961 cadens,
2826 1908 2918 1951 aut
2945 1913 3083 1968 equo
3112 1899 3314 1968 lapsus.
3349 1901 3444 1954 Est
3469 1902 3605 1956 alius
3634 1918 3816 1975 casus,

2232 1997 2355 2040 sunt
2393 1988 2509 2042 alia:
2538 1988 2858 2058 compedes;
2902 1991 3171 2060 quomodo
3193 2002 3317 2047 sunt
3356 1994 3474 2047 aliae
3504 1996 3739 2051 tenebrae
3760 2005 3815 2052 et

2230 2078 2332 2131 alia
2360 2079 2468 2132 lux.
2510 2078 2567 2133 In
2593 2095 2658 2135 eo
2686 2080 2827 2150 quod
2854 2081 3006 2148 dixit,
3052 2082 3319 2153 Sapientes
3344 2087 3468 2155 facit
3491 2102 3687 2152 cereos;
3714 2104 3813 2143 no.

2230 2169 2323 2223 luit
2348 2168 2544 2235 dicere,
2580 2170 2843 2226 illuminat
2880 2187 3072 2237 caecos,
3102 2189 3168 2227 ne
3201 2184 3255 2228 et
3289 2174 3391 2230 hoc
3419 2178 3705 2232 carnaliter
3729 2178 3812 2231 in-

2230 2261 2529 2331 telligeres;
2559 2262 3043 2318 sicutilluminatus
3072 2274 3155 2321 est
3178 2280 3207 2319 a
3238 2265 3479 2333 Domino,
3508 2269 3663 2339 cujus
3689 2284 3812 2325 ocu-

2230 2352 2310 2407 los
2337 2354 2450 2408 luto
2486 2353 2552 2408 de
2594 2365 2750 2423 sputo
2787 2355 2925 2408 facto
2956 2356 3180 2423 inunxit,
3209 2365 3263 2411 et
3295 2358 3498 2412 salvum
3542 2376 3664 2413 eum
3691 2360 3812 2417 fecit

2228 2444 2407 2515 (Joan.
2448 2461 2521 2511 ix,
2550 2445 2602 2511 6,
2637 2444 2690 2517 7)
2724 2465 2736 2500 :
2787 2462 2855 2501 ne
2898 2447 3001 2501 tale
3043 2447 3243 2517 aliquid
3284 2464 3551 2519 sperares,
3598 2467 3718 2507 cum
3746 2453 3812 2510 de

2227 2537 2592 2606 spiritualibus
2616 2539 2871 2609 loquitur,
2921 2540 3154 2595 ostendit
3198 2542 3482 2611 quamdam
3528 2543 3700 2599 lucem
3727 2560 3810 2600 sa-

2228 2630 2460 2698 pientiae,
2505 2644 2606 2700 qua
2636 2630 3001 2685 illuminantur
3027 2631 3176 2687 caeci.
3225 2632 3366 2703 Ergo
3392 2635 3661 2704 quomodo
3689 2636 3811 2690 illu-

2227 2723 2497 2777 minantur
2535 2725 2660 2778 ειηθὶ
2688 2726 2805 2779 luce
2833 2725 3130 2793 sapientiae,
3176 2726 3253 2779 sic
3283 2728 3561 2782 solvuntur
3593 2742 3809 2798 compe-

2226 2813 2344 2879 diti,
2375 2814 2451 2868 sic
2475 2815 2750 2885 eriguntur
2774 2814 2911 2869 elisi.
2940 2814 3094 2871 Unde
3122 2831 3310 2872 sumus
3334 2832 3465 2888 ergo
3489 2819 3808 2889 compediti?

2226 2904 2365 2959 unde
2394 2905 2555 2960 elisi?
2580 2904 2785 2975 Corpus
2814 2916 3053 2962 nostrum
3081 2918 3453 2964 ornamentum
3487 2911 3637 2966 nobis
3662 2910 3762 2966 fuit
3788 2926 3809 2966 :

2224 2997 2582 3068 peccavimus,
2612 3008 2666 3053 et
2693 2998 2978 3069 compedes
3017 2999 3142 3055 inde
3168 3002 3492 3070 accepimus.
3530 3001 3659 3069 ρυλε
3686 3011 3807 3060 sunt

2224 3091 2509 3160 compedes
2550 3092 2786 3147 nostrze?
2828 3092 3125 3148 Mortalitas
3168 3094 3300 3163 ipsa.
3331 3094 3467 3149 Audi
3508 3091 3805 3165 apostolum

2223 3182 2466 3247 Paulum,
2523 3184 2644 3253 quia
2686 3192 2741 3239 et
2793 3184 2905 3253 ipse
2951 3184 3122 3239 adhuc
3161 3186 3213 3240 in
3244 3186 3341 3241 bac
3383 3188 3806 3257 peregrinatione

2221 3276 2557 3345 compeditus
2586 3285 2719 3331 erat.
2749 3275 2956 3343 Quanta
2987 3277 3287 3347 peragravit
3311 3278 3647 3347 compeditus
3671 3279 3801 3335 iste!

2220 3368 2336 3423 Non
2362 3368 2439 3423 illi
2464 3367 2677 3423 fuerunt
2703 3382 2893 3439 graves
2917 3368 3236 3439 compedes;
3279 3383 3397 3423 cum
3429 3371 3555 3439 ipsis
3584 3384 3805 3439 compe.

2220 3458 2377 3515 dibus
2424 3467 2537 3515 toto
2587 3460 2735 3514 orbi‘
2787 3459 3131 3529 Evangelium
3180 3461 3486 3529 praedicavit
3525 3479 3539 3514 :
3588 3462 3804 3531 Spiritus

2220 3553 2494 3608 cbaritatis
2522 3554 2698 3621 rapuit
2733 3552 3038 3621 compedes,
3082 3561 3136 3608 et
3160 3553 3402 3608 circuivit
3426 3563 3673 3623 quantum
3701 3569 3804 3624 po-

2222 3647 2337 3699 tuit.
2365 3643 2467 3700 Sed
2497 3652 2674 3699 tamen
2700 3643 2823 3715 quid
2849 3644 2958 3699 ait?
2988 3644 3452 3715 Concupiscentiam
3478 3645 3656 3699 habens
3687 3645 3803 3699 dis-

2218 3735 2365 3803 solvi,
2397 3746 2441 3789 et
2468 3752 2572 3789 esse
2606 3752 2722 3789 cum
2754 3735 2973 3789 Christo.
3005 3734 3141 3801 Quid
3179 3745 3281 3802 est,
3311 3736 3555 3789 dissolvi?
3582 3737 3623 3789 Α
3655 3748 3802 3790 com-

2218 3829 2439 3901 pedibus
2466 3829 2801 3885 mortalitatis
2828 3830 2869 3881 ².
2924 3829 2992 3882 Et
3022 3840 3195 3884 tatuen
3236 3827 3600 3883 misericordia
3626 3827 3801 3883 adhuc

2217 3921 2432 3975 volebat
2451 3935 2568 3975 esse
2589 3922 2640 3975 in
2665 3920 3033 3989 compedibus,
3062 3930 3277 3990 propter
3291 3920 3426 3974 alios
3446 3919 3797 3989 compeditos,

2218 4012 2408 4082 quibus
2434 4012 2760 4066 ministraret
2791 4029 2804 4064 :
2855 4009 3085 4077 Manere,
3120 4011 3307 4080 inquit,
3336 4012 3389 4064 in
3422 4028 3594 4077 carne,
3626 4027 3798 4065 neces-

2216 4104 2408 4157 sarium
2432 4113 2635 4174 propter
2657 4118 2743 4158 vos
2772 4100 3031 4173 (Philipp.
3061 4118 3098 4169 ι,
3126 4101 3218 4167 25,
3248 4100 3364 4172 24).
3396 4102 3646 4156 Dominus
3670 4117 3797 4173 ergo

2215 4199 2359 4253 solvit
2402 4197 2727 4263 compeditos,
2774 4196 2826 4249 id
2861 4204 2971 4260 est,
3011 4211 3074 4250 ex
3113 4194 3427 4249 mortalibus
3470 4195 3798 4250 immortales

2216 4290 2360 4345 facit.
2407 4289 2654 4344 Dominus
2696 4288 2841 4358 erigit
2882 4288 3048 4341 elisos.
3080 4284 3255 4353 Quare
3297 4286 3412 4340 elisi
3458 4285 3619 4340 sunt?
3661 4286 3797 4353 Quia

2215 4384 2376 4439 erecti
2403 4391 2573 4438 erant.
2627 4382 2802 4451 Quare
2829 4380 3141 4448 eriguntur?
3189 4379 3319 4446 Quia
3360 4379 3617 4434 bumiliati
3649 4387 3794 4432 sunt.

2214 4476 2425 4531 Cedidit
2450 4485 2609 4545 atque
2635 4474 2796 4529 elisus
2820 4480 2903 4528 est
2925 4471 3096 4527 Adam
3126 4490 3138 4525 :
3186 4472 3275 4525 ille
3302 4471 3517 4535 cecidit,
3550 4469 3796 4525 Christus

2214 4568 2507 4625 descendit.
2535 4566 2710 4634 Quare
2733 4564 3008 4621 descendit
3026 4566 3114 4634 qui
3138 4578 3243 4618 non
3270 4564 3481 4628 cecidit,
3509 4562 3611 4617 nisi
3640 4570 3696 4616 ut
3720 4562 3797 4616 le-

2215 4672 2428 4718 varetur
2471 4661 2563 4732 qui
2591 4660 2821 4715 cecidit?
2866 4659 3113 4713 Dominus
3148 4658 3394 4727 sapientes
3432 4658 3554 4729 facit
3599 4671 3795 4718 eccos;

2214 4754 2460 4810 Dominus
2503 4754 2666 4824 diligit
2695 4754 2883 4825 justas.
2927 4749 3053 4806 ideo
3081 4750 3207 4806 facit
3242 4748 3499 4820 judicium
3547 4746 3792 4817 injuriam

2213 4846 2613 4916 accipientibus.

2214 4976 2219 4981 .
2286 4937 2375 4993 18.
2403 4935 2552 5010 [νει-ε.
2576 4933 2657 5008 9.]
2678 4934 2746 4990 Ει
2765 4934 2853 5005 qui
2874 4943 2999 4988 sunt
3021 4933 3118 5003 ipsi
3143 4932 3313 5005 justi?
3341 4930 3501 4986 modo
3530 4937 3792 5001 quatenus

2208 5027 2375 5101 justi?
2402 5025 2854 5095 Quemadmodum
2902 5024 3087 5090 babes,
3121 5023 3369 5078 Dominus
3402 5022 3617 5077 custodit
3666 5037 3791 5093 pro-

2212 5120 2419 5192 selytos.
2470 5118 2751 5189 Proselyti,
2819 5117 3039 5172 advena:
3098 5124 3239 5171 sunt.
3305 5115 3487 5171 Omnis
3548 5113 3789 5169 Ecclesia

2213 5212 2479 5277 Gentium,
2511 5210 2773 5281 proselyta
2816 5217 2919 5265 est.
2971 5209 3267 5263 Adventitia
3308 5208 3450 5263 enim
3490 5206 3661 5263 estad
3694 5222 3790 5276 pa-

2216 5314 2342 5369 tres,
2370 5318 2475 5358 non
2499 5302 2568 5358 de
2592 5315 2753 5356 carne
2773 5316 2956 5355 eorum
2999 5310 3142 5367 nata,
3182 5298 3276 5355 sed
3319 5299 3575 5353 imitando
3618 5298 3726 5352 ﬁlia
3743 5298 3787 5351 ³.

2214 5397 2470 5452 Dominus
2500 5404 2677 5450 tamen
2704 5393 2956 5459 custodit,
2985 5408 3090 5449 non
3127 5393 3319 5463 aliquis
3358 5392 3536 5447 homo.
3582 5390 3789 5461 Orpha-

2213 5503 2335 5542 num
2359 5495 2405 5540 et
2425 5486 2626 5539 uiduam
2653 5484 2908 5555 suscipiet.
2939 5484 3105 5540 Nemo
3150 5494 3297 5555 putet
3335 5484 3484 5553 quasi
3530 5481 3787 5554 pupillum

2214 5587 2431 5651 propter
2493 5576 2875 5642 btereditatem,
2937 5587 3031 5631 aut
3085 5576 3296 5632 viduam
3343 5584 3560 5647 propter
3607 5573 3789 5629 nescio

2279 5760 2296 5790 ί
2332 5758 2519 5821 Aliquot
2538 5764 2667 5817 Mss.,
2690 5762 2782 5821 toto
2806 5756 2935 5821 orbe.

2277 5822 2298 5852 ³
2329 5818 2438 5869 ιονί
2465 5821 2708 5881 adjiciunt,
2726 5818 2920 5881 absolvi.
2948 5880 2951 5881 ν
2986 5824 3043 5881 u_.

2283 5884 2303 5915 ³
2336 5890 2406 5931 L‘r.
2426 5878 2573 5946 Lugd.
2592 5878 2727 5944 \’en.,
2752 5880 2983 5932 imitando
3002 5878 3168 5944 ﬁdem.
3233 5884 3288 5929 ιι.
