4080 6464
294 436 431 498 1897

289 548 430 620 quod
456 544 723 617 negotium
764 555 938 601 suum.
961 538 1216 613 Equidem
1236 544 1290 595 et
1316 537 1433 595 istis
1460 538 1598 594 Deus
1623 535 1851 607 opitula-

290 648 395 703 tur,
441 646 497 693 et
522 637 578 692 in
624 634 867 691 omnibus
914 631 1102 688 ofﬁciis
1139 629 1350 701 generis
1394 627 1611 683 humani
1659 626 1855 681 bonum

288 742 424 798 opus
470 726 616 794 facit,
658 725 749 797 qui
789 724 991 795 pupillo
1033 720 1322 787 consulit‘,
1367 719 1454 788 qui
1494 717 1706 771 viduam
1751 729 1858 770 non

287 817 486 873 deserit
530 834 543 871 :
583 816 677 872 sed
735 815 1023 872 secundum
1075 811 1357 884 quemdam
1412 810 1627 865 modum
1673 821 1859 863 omnes

289 907 472 978 pupilli
510 920 713 971 sumus,
754 906 975 960 absente
1017 913 1186 974 patre,
1214 916 1319 956 non
1364 909 1591 955 mortuo.
1622 897 1859 966 Pupillus

287 1000 429 1052 enim
460 998 751 1053 secundum
783 995 1045 1059 homines,
1078 1003 1288 1048 mortuo
1312 1000 1458 1061 patre
1489 991 1566 1044 ﬁt.
1596 989 1664 1044 Et
1692 989 1734 1041 si
1765 1002 1858 1043 ve-

287 1105 405 1143 rum
428 1089 697 1159 qumratis,
716 1087 928 1154 fratres,
946 1086 1068 1156 quia
1092 1086 1266 1139 anima
1292 1098 1396 1138 non
1418 1083 1658 1148 moritur,
1680 1080 1860 1134 vivunt

290 1191 537 1252 parentes
576 1180 771 1245 nostri;
804 1188 857 1234 et
898 1179 1066 1248 magis
1115 1176 1421 1232 absentibus
1466 1174 1701 1245 patribus
1737 1180 1861 1226 sunt

290 1271 496 1341 pupilli,
528 1271 617 1340 qui
662 1269 844 1339 pupilli
887 1276 1009 1323 sunt
1040 1284 1051 1319 :
1082 1267 1127 1322 si
1171 1265 1295 1320 mali
1336 1264 1550 1329 fuerint,
1602 1263 1653 1316 in
1689 1261 1862 1331 ptenis

289 1361 543 1425 vivunt”;
571 1359 615 1413 si
639 1358 762 1414 boni
787 1358 1000 1423 fuerint,
1020 1357 1072 1410 in
1098 1356 1284 1426 requie
1322 1354 1541 1407 vivunt:
1570 1351 1745 1406 omnia
1776 1350 1858 1405 in-

290 1460 437 1523 tegra
486 1459 610 1506 sunt
646 1450 901 1506 Creatori.
943 1448 1141 1502 Tamen
1187 1461 1283 1501 nos
1308 1444 1557 1517 quamdiu
1598 1458 1781 1497 sumus
1807 1443 1863 1498 in

289 1555 516 1611 corpore
561 1540 691 1606 hoc,
737 1547 792 1595 et
844 1536 1282 1609 peregrinationis
1322 1535 1496 1590 locum
1545 1534 1859 1597 incolimus,

288 1634 484 1689 absens
512 1641 595 1688 est
617 1632 774 1686 Pater
810 1638 1010 1693 noster,
1039 1629 1105 1683 ad
1148 1642 1306 1698 quem
1342 1628 1653 1691 clamamus,
1705 1623 1862 1677 Pater

289 1732 479 1788 noster,
506 1722 593 1791 qui
626 1737 678 1775 es
702 1721 755 1775 in
793 1720 929 1774 eisiis
963 1718 1170 1791 (Matth.
1210 1733 1285 1781 v1,
1326 1714 1405 1788 9).
1455 1714 1578 1770 Ideo
1624 1713 1861 1768 Ecclesia

288 1814 471 1879 vidua,
515 1814 663 1883 quasi
704 1812 923 1867 absente
971 1825 1190 1881 sponso,
1232 1809 1450 1864 absente
1497 1806 1632 1863 viro.
1674 1806 1863 1861 Veniet

288 1902 405 1970 ille,
435 1904 523 1974 qui
569 1903 711 1957 illam
740 1902 901 1957 modo
935 1901 1184 1971 protegit,
1215 1913 1321 1954 non
1353 1898 1516 1963 visus,
1540 1897 1632 1952 sed
1656 1895 1865 1952 deside-

290 2002 459 2049 ratus.
486 1992 674 2064 Magno
703 1992 843 2048 enim
872 1991 1137 2046 desiderio
1161 1989 1417 2059 rapimur,
1446 1996 1500 2043 et
1526 2001 1707 2041 amore
1748 1986 1863 2055 ejus

288 2099 449 2154 quem
476 2098 581 2139 non
606 2081 906 2148 videmus',
933 2080 1315 2136 desideramus.
1339 2076 1717 2132 lnhmrebimus
1744 2090 1859 2131 am-

292 2175 534 2247 plexibus
557 2175 677 2242 visi,
706 2175 752 2230 si
789 2173 1021 2229 nondum
1062 2172 1161 2227 visi
1210 2170 1312 2226 ﬁde
1359 2170 1678 2225 detinemur.
1723 2169 1863 2237 Ergo

290 2275 339 2319 et
378 2266 630 2337 pupillum
674 2274 720 2318 et
759 2264 961 2319 uiduam
1004 2262 1125 2333 quid
1169 2259 1335 2316 voluit
1367 2258 1609 2329 intelligi,
1638 2257 1863 2313 fratres?

290 2358 589 2414 Destitutos
614 2357 758 2413 omni
805 2372 905 2427 ope
942 2364 997 2412 et
1037 2353 1254 2409 auxilio.
1302 2350 1561 2406 Destituta
1598 2349 1772 2404 anima
1808 2348 1861 2403 in

291 2447 507 2513 saeculo,
540 2448 650 2518 ipsa
672 2448 771 2503 sibi
798 2455 975 2517 speret
1000 2442 1319 2514 adjutorium
1347 2441 1462 2497 Dei.
1490 2439 1752 2511 Quidquid
1778 2439 1864 2495 hic

290 2536 561 2603 habueris,
582 2553 768 2593 aurum
785 2537 983 2593 habeas
996 2535 1039 2604 ις
1057 2534 1441 2606 prmsumpsisti
1460 2532 1617 2589 inde?
1630 2532 1743 2588 Jam
1757 2546 1862 2588 non

287 2644 352 2685 es
376 2631 693 2701 proselytus,
727 2644 831 2684 non
860 2644 920 2684 es
952 2627 1240 2699 orphanus,
1264 2640 1366 2680 non
1407 2624 1458 2679 in
1486 2624 1641 2679 vidua
1674 2639 1862 2679 nume-

291 2723 451 2776 raris.
496 2722 738 2776 Amicum
789 2720 950 2775 habes
981 2736 996 2773 :
1027 2719 1073 2773 si
1101 2717 1166 2773 de
1215 2716 1305 2771 illo
1351 2715 1779 2786 praesumpseris,
1808 2720 1865 2769 et

293 2809 461 2866 Deum
489 2810 776 2877 dimiseris,
794 2824 901 2865 non
923 2824 981 2864 es
996 2808 1296 2864 destitutus.
1319 2805 1493 2861 Habes
1519 2804 1635 2860 haec
1651 2804 1859 2870 omnia;

289 2915 398 2955 non
428 2900 551 2955 inde
578 2899 876 2969 prmsumis,
906 2915 1009 2954 non
1037 2897 1160 2953 inde
1190 2896 1469 2967 superbis?
1510 2893 1744 2964 Pupillus
1771 2893 1864 2949 Dei

289 3004 372 3056 es,
401 2999 456 3046 et
480 2991 634 3045 vidua
658 2991 771 3045 Dei.
796 2990 1029 3060 Suscipit
1056 3004 1182 3061 ergo
1209 2988 1526 3053 destitutos;
1550 2985 1654 3043 hoc
1680 2984 1814 3042 dixit
1845 3001 1862 3041 :

290 3084 515 3154 suscipit
542 3084 822 3153 pupillum,
850 3083 1069 3153 suscipit
1096 3090 1149 3137 et
1176 3081 1409 3136 viduam.
1460 3076 1465 3079 ’

363 3173 452 3230 19.
486 3173 552 3227 Et
577 3176 708 3227 viam
748 3181 1064 3244 peccatorum
1098 3170 1464 3225 exterminabit.
1491 3168 1621 3236 Quae
1664 3177 1745 3224 est
1780 3169 1865 3224 via

295 3267 681 3339 peccatorum?
720 3264 947 3320 lrridere
992 3264 1091 3318 ista
1116 3277 1236 3332 quae
1262 3261 1506 3317 dicimus.
1538 3259 1667 3327 Quis
1696 3258 1868 3330 pupil-

293 3361 419 3415 lus?
462 3375 579 3430 quae
622 3356 819 3412 vidua?
864 3354 1015 3421 Quod
1053 3368 1274 3424 regnum
1315 3352 1612 3408 caelorum?
1645 3358 1701 3406 et
1748 3364 1868 3420 quae

291 3465 453 3521 poena
493 3446 820 3503 inferorum?
865 3443 1096 3500 Fabellae
1134 3443 1249 3498 ista:
1270 3441 1690 3498 Christianorum
1722 3447 1865 3495 sunt.

293 3541 377 3596 Ad
404 3540 544 3611 quod
570 3538 744 3603 video,
772 3535 837 3591 ad
863 3535 964 3590 hoc
990 3535 1161 3589 vivam
1194 3550 1208 3590 :
1241 3530 1606 3586 Manducemus
1636 3539 1681 3584 et
1724 3530 1867 3583 biba-

295 3652 430 3701 mus,
461 3649 573 3687 cras
591 3632 723 3686 enim
756 3629 1042 3684 moriemur.
1065 3625 1199 3682 Vide
1233 3639 1301 3680 ne
1340 3624 1473 3679 tales
1520 3622 1716 3693 aliquid
1748 3634 1871 3691 per-

295 3724 599 3780 suadeant:
629 3737 695 3777 ne
735 3736 833 3791 per
873 3733 1053 3774 aurem
1081 3718 1134 3772 in
1173 3730 1268 3772 eor
1305 3716 1523 3778 intrent,
1570 3713 1750 3783 spinas
1790 3712 1872 3765 in-

295 3816 517 3871 veniant
556 3814 609 3868 in
656 3811 870 3866 auribus
914 3810 1059 3873 tuis;
1116 3806 1207 3877 qui
1253 3804 1475 3874 cmperit
1527 3803 1604 3863 sic
1648 3802 1867 3870 intrare,

295 3914 528 3977 punctus
588 3900 857 3957 abscedat.
907 3898 1246 3966 Corrumpunt
1290 3894 1435 3950 enim
1499 3908 1661 3947 mores
1717 3891 1871 3946 bonos

297 3996 552 4062 colloquia
582 3994 714 4047 mola
740 3991 784 4064 (l
813 3988 928 4046 Cor.
950 4006 1040 4055 xv,
1063 3987 1133 4044 52
1151 4028 1164 4053 ,
1194 3986 1308 4056 5'5).
1337 3983 1442 4040 Sed
1482 3982 1617 4038 forte
1664 3982 1750 4036 hic
1792 3980 1874 4036 di-

299 4096 485 4143 cturus
510 4099 568 4140 es
593 4102 607 4138 :
629 4083 805 4150 Quare
828 4094 955 4152 ergo
992 4078 1172 4134 felices
1214 4074 1373 4131 sunt?
1405 4072 1542 4128 Ecce
1580 4086 1679 4127 nec
1706 4072 1870 4125 Deum

300 4178 506 4241 colunt,
537 4182 590 4229 et
614 4172 794 4248 omnia
833 4170 974 4225 mala
1014 4166 1249 4239 quotidie
1290 4164 1663 4227 committunt;
1703 4161 1871 4216 abun-

301 4268 433 4323 dant
454 4264 612 4319 rebus
638 4263 719 4317 his
748 4262 943 4333 quibus
965 4273 1064 4330 ego
1108 4271 1270 4328 egens
1312 4254 1515 4309 laboro.
1543 4252 1660 4307 Noli
1712 4250 1873 4305 zelari

303 4361 355 4414 in
385 4365 710 4429 peccatores.
759 4353 894 4421 Quid
924 4350 1202 4420 accipiant,
1232 4347 1410 4413 vides;
1440 4344 1565 4415 quid
1610 4343 1714 4398 illis
1756 4357 1873 4397 ser-

305 4460 478 4514 vetur,
509 4462 615 4502 non
647 4444 832 4499 vides?
858 4444 924 4497 Et
950 4440 1110 4507 unde,
1140 4438 1329 4508 inquit,
1384 4436 1541 4490 video
1586 4433 1724 4504 quod
1769 4447 1873 4487 non

305 4541 548 4597 videtur?
607 4538 835 4593 Omnino
886 4534 1047 4588 habet
1085 4531 1268 4586 oculos
1332 4528 1498 4593 ﬁdes;
1549 4534 1603 4581 et
1642 4524 1875 4594 majores

308 4632 512 4693 oculos,
540 4638 593 4684 et
618 4628 946 4699 potentiores
971 4632 1024 4679 et
1044 4622 1314 4677 fortiores.
1344 4617 1409 4672 Hi
1435 4615 1573 4671 oculi
1606 4616 1874 4670 neminem

309 4721 662 4790 deceperunt;
692 4717 747 4771 lii
790 4715 928 4771 oculi
953 4714 1059 4768 sint
1094 4725 1305 4779 semper
1330 4708 1381 4761 in
1410 4706 1715 4769 Dominum,
1740 4712 1798 4757 ut
1826 4712 1880 4757 et

310 4813 424 4884 ipse
441 4811 631 4867 evellat
650 4809 716 4864 de
742 4808 824 4863 his
847 4804 1049 4875 laqueis
1073 4801 1232 4872 pedes
1258 4808 1379 4853 tuos
1398 4796 1571 4868 (Psat.
1591 4811 1741 4862 xxnv,
1760 4795 1876 4865 15).

310 4883 405 4959 Via
448 4909 785 4972 peccatorum
826 4896 1000 4967 placet
1050 4892 1165 4956 tibi,
1216 4889 1337 4959 quia
1365 4888 1469 4943 lata
1497 4893 1598 4953 est,
1635 4894 1691 4941 et
1724 4883 1881 4940 multi

312 5009 407 5064 per
448 4992 591 5047 illam
633 4988 906 5044 ambulant
935 5002 950 5051 ;
977 4980 1307 5038 latitudinem
1348 4977 1462 5047 ejus
1507 4975 1678 5039 vides,
1719 4974 1879 5029 ﬁnem

314 5084 428 5153 ejus
474 5097 580 5138 non
619 5079 785 5135 vides.
830 5077 969 5132 Ecce
1009 5072 1100 5128 ubi
1132 5070 1332 5135 ﬁnitur,
1376 5066 1723 5137 praecipitium
1763 5070 1879 5130 est;

315 5174 403 5229 ubi
433 5172 641 5239 ﬁnitur,
667 5165 1000 5241 profunditas
1027 5161 1269 5235 qumdam
1292 5156 1526 5214 barathri
1558 5164 1675 5210 est:
1708 5154 1886 5209 laetan-

318 5274 418 5337 tes,
446 5263 799 5335 exspatiautes
822 5260 876 5315 in
902 5258 1003 5313 ista
1038 5256 1143 5321 via,
1171 5253 1263 5308 illo
1293 5250 1397 5305 ﬁne
1425 5253 1752 5318 merguntur.
1775 5243 1882 5300 Sed

379 5380 397 5413 ι
432 5380 505 5439 sic
521 5384 628 5428 uss.
642 5374 753 5431 md.
766 5385 907 5439 vero.
925 5362 1497 5439 punitum
1692 5415 1867 5439 _-._.....

379 5442 402 5503 ε
432 5415 505 5490 ῖίεῖ
515 5415 761 5503 ίῖμὲεῗῖἱ
777 5415 1266 5503 summa
1690 5415 1887 5503 PEPE‘i:

393 5478 1189 5574 ῑῇςρῑιῖεὼιῑξὶῐοῑιῐιῐϊῇιέήηι,
1210 5488 1262 5539 in
1282 5478 1445 5551 ’ρωηίς
1476 5482 1671 5545 mm;
1692 5478 1889 5534 'si'boni

372 5568 956 5694 iisunum
970 5609 1532 5694 magiamre
1545 5602 1885 5694 ηεεεπξιέες

382 5843 484 5949 Em
498 5873 570 5929 3.,
589 5864 749 5916 habes.
771 5867 848 5912 er.
870 5858 1018 5923 Lugd.
1042 5866 1161 5908 ven.
1180 5863 1233 5907 et
1245 5861 1373 5915 hom,
1397 5850 1589 5905 habeas.
1640 5854 1701 5901 ιι.

461 5943 709 6041 ἐμω.
754 5950 1033 6041 Aecum.
1073 5943 1185 6007 IV.

1338 424 1729 487 ENARRATIO
1760 420 1823 481 IN
1860 420 2177 482 PSALMUM
2204 425 2432 481 CXLVI.

3388 428 3529 484 1898

1965 537 2251 592 extendere
2276 537 2460 591 oculos
2485 551 2589 591 non
2618 544 2787 607 potes,
2808 546 2865 593 ut
2882 534 3061 593 videas
3104 537 3274 609 ipsum
3322 538 3480 594 ﬁnem
3509 557 3526 596 :

1962 629 2119 693 crede
2136 630 2183 683 ei
2209 629 2297 698 qui
2313 626 2471 683 videt.
2500 630 2568 683 Et
2589 629 2706 698 quis
2729 637 2811 684 est
2838 630 2999 684 homo
3020 630 3107 701 qui
3135 631 3279 686 videt
3298 632 3350 684 ι’]
3367 630 3530 686 Forte

1965 734 2121 775 nemo
2146 720 2334 785 homo;
2365 719 2457 775 sed
2482 719 2733 774 Dominus
2762 728 2885 774 tuus
2913 720 2979 774 ad
3006 728 3057 775 te
3102 720 3267 786 venit,
3313 732 3369 775 ut
3406 738 3527 777 cre-

1965 806 2121 863 deres
2166 808 2294 863 Deo.
2343 808 2477 862 Num
2514 808 2656 863 enim
2703 818 2757 863 et
2795 809 3017 864 Domino
3070 810 3178 864 Deo
3217 819 3308 865 tuo
3338 828 3439 865 non
3469 826 3528 867 cs

1966 899 2281 967 crediturus,
2314 899 2402 970 qui
2427 900 2499 953 ait
2532 898 2695 954 :Lata
2722 909 2769 953 et
2793 900 3011 969 spatiosa
3027 910 3097 953 est
3126 901 3205 953 via
3236 917 3349 968 qua:
3387 902 3525 955 ducit

1966 991 2033 1043 ad
2056 992 2327 1059 interitum,
2351 1001 2399 1045 et
2422 992 2567 1045 multi
2609 1001 2726 1046 sunt
2769 993 2855 1063 qui
2885 992 3229 1062 ingrediuntur
3265 1010 3352 1063 per
3389 995 3531 1047 illam

1968 1082 2180 1152 (Matth.
2209 1100 2301 1149 vn,
2334 1086 2455 1155 15)?
2482 1085 2628 1139 lianc
2664 1085 2802 1139 viam
2843 1085 3214 1141 exterminabit
3239 1086 3526 1149 Dominus;

1965 1174 2086 1244 quia
2112 1175 2221 1244 ipsa
2246 1184 2327 1230 est
2352 1178 2435 1230 via
2463 1186 2822 1247 peccatorum.

2034 1263 2123 1319 20.
2153 1262 2301 1338 [vers.
2322 1265 2434 1337 10.]
2461 1268 2525 1321 Et
2552 1268 2677 1322 dum
2701 1268 3050 1325 exterminata
3085 1268 3244 1325 fuerit
3285 1272 3363 1327 via
3410 1288 3531 1342 pec-

1967 1362 2228 1421 catorum,
2254 1354 2377 1425 quid
2408 1356 2559 1410 nobis
2587 1359 2786 1412 restat?
2842 1357 3034 1427 Venite,
3078 1359 3319 1414 benedicti
3358 1361 3532 1416 Patris

1967 1446 2081 1510 mei,
2102 1447 2335 1515 percipite
2363 1463 2566 1516 regnum
2592 1450 2725 1518 quod
2743 1452 2880 1504 vobis
2904 1461 3135 1520 paratum
3157 1462 3230 1507 est
3256 1453 3317 1506 ab
3343 1455 3533 1522 origine

1968 1538 2143 1590 mundi
2173 1537 2282 1611 (Id.
2329 1555 2450 1607 xxv,
2498 1536 2608 1611 54).
2652 1538 2731 1594 Ad
2778 1540 2881 1595 hoc
2928 1543 3194 1598 concludit
3239 1545 3529 1601 Psalmus:

1969 1626 2035 1681 Et
2061 1628 2192 1681 viam
2232 1638 2544 1699 peccatorum
2571 1631 2935 1687 eaterminabit.
2966 1633 3033 1688 Et
3057 1634 3180 1704 quid
3212 1636 3306 1689 tu?
3328 1637 3533 1706 Regna-

1967 1717 2037 1772 bit
2064 1717 2312 1774 Dominus
2350 1720 2404 1773 in
2446 1729 2707 1775 sternunt.
2754 1720 2956 1789 Gaude,
2986 1723 3107 1792 quia
3134 1725 3225 1778 tibi
3256 1726 3531 1795 regnabit;

1966 1808 2153 1881 gaude,
2181 1810 2305 1879 quia
2345 1820 2401 1865 tu
2428 1811 2535 1865 eris
2576 1826 2797 1881 regnum
2840 1811 2975 1881 ejus.
3015 1812 3145 1867 Vide
3166 1814 3305 1867 enim
3329 1823 3383 1869 et
3407 1816 3535 1885 quid

1966 1901 2223 1970 sequitur.
2254 1899 2328 1956 Es
2350 1910 2496 1956 certe
2538 1900 2670 1956 civis
2696 1902 2761 1957 de
2785 1901 2933 1967 Sion,
2962 1916 3066 1956 non
3107 1902 3173 1957 de
3208 1904 3531 1974 Babylonia;

1968 1990 2021 2047 id
2065 2000 2166 2057 est,
2206 2007 2311 2047 non
2357 1992 2425 2047 de
2444 1994 2655 2048 civitate
2682 1994 2909 2062 peritura
2938 1994 3095 2063 hujus
3122 1995 3324 2061 saeculi,
3347 1996 3441 2050 sed
3466 1996 3537 2052 de

1965 2080 2095 2137 Sion
2118 2082 2186 2136 ad
2230 2091 2437 2154 tempus
2479 2083 2754 2139 laborante
2782 2094 2835 2139 et
2859 2087 3250 2155 peregrinante,
3284 2087 3337 2141 in
3372 2096 3529 2143 teter-

1966 2186 2093 2227 num
2114 2180 2289 2228 autem
2320 2182 2619 2243 regnatura.
2648 2174 2853 2229 Audisti
2895 2189 3021 2244 ergo
3063 2174 3257 2239 ﬁnem;
3300 2176 3423 2231 inde
3452 2193 3531 2233 es.

1968 2265 2213 2338 Regnabit
2264 2265 2509 2322 Dominus
2558 2268 2611 2321 in
2647 2276 2904 2329 aeternum,
2951 2266 3088 2321 Deus
3140 2277 3281 2337 tuus.
3314 2269 3460 2323 Sion.
3490 2268 3535 2324 0

1966 2355 2116 2425 Sion,
2148 2358 2286 2413 Deus
2312 2367 2431 2413 tuus
2454 2358 2697 2428 regnabit
2720 2359 2773 2412 in
2800 2367 3055 2412 mternum
3087 2375 3098 2409 :
3129 2359 3383 2428 numquid
3410 2360 3535 2414 sine

1969 2454 2023 2502 te
2069 2448 2310 2519 regnabit
2340 2449 2477 2502 Deus
2501 2448 2660 2502 tuus?
2696 2446 2763 2500 In
2792 2448 3158 2517 generationem
3186 2457 3231 2501 et
3256 2450 3537 2518 generatio—

1968 2552 2100 2592 nem.
2129 2538 2218 2593 Bis
2252 2538 2406 2605 dixit,
2447 2540 2567 2609 quia
2616 2553 2721 2592 non
2761 2538 2929 2606 potuit
2964 2552 3176 2608 semper
3203 2538 3396 2593 dicere.
3426 2538 3536 2594 Nec

1967 2637 2120 2698 putes
2164 2628 2284 2699 quia
2338 2628 2514 2683 verbis
2539 2628 2698 2683 finitis
2726 2627 2904 2681 ﬁnitur
2929 2629 3218 2683 aeternitas.
3242 2627 3537 2684 Etemitas

1967 2719 2020 2774 in
2051 2718 2211 2774 verbo
2235 2728 2460 2790 quatuor
2488 2718 2703 2791 syllabis
2726 2728 2951 2786 constat,
2982 2720 3035 2774 in
3062 2735 3121 2774 se
3146 2719 3261 2775 sine
3302 2720 3403 2774 ﬁne
3432 2729 3535 2774 est.

1966 2810 2084 2867 Non
2112 2812 2281 2881 potuit
2307 2810 2401 2865 tibi
2431 2810 2530 2864 nisi
2557 2810 2634 2865 sic
2658 2809 3038 2877 commendari,
3056 2810 3192 2865 Deus
3222 2821 3334 2865 tuus
3358 2827 3542 2881 regna-

1970 2905 2039 2960 bit
2089 2905 2143 2958 in
2196 2903 2567 2976 generationem
2606 2911 2654 2956 et
2693 2903 3080 2972 generationem.
3123 2902 3314 2956 Parum
3360 2902 3535 2955 dixit:

1968 2997 2014 3053 si
2042 3005 2150 3051 tota
2175 2995 2261 3051 die
2286 2995 2508 3061 diceret,
2548 3002 2827 3064 angustum
2869 3001 3040 3057 esset;
3066 2992 3110 3047 si
3145 3001 3253 3047 tota
3298 2992 3402 3047 vita
3445 3005 3540 3045 sua

1968 3092 2191 3157 diceret,
2228 3104 2405 3144 nonne
2428 3086 2712 3158 aliquando
2735 3086 3151 3143 contieesceret?
3170 3084 3300 3140 Ama
3329 3083 3543 3140 aeterni-

1970 3188 2164 3246 tatem;
2187 3179 2331 3233 nullo
2358 3178 2461 3232 ﬁne
2490 3176 2734 3247 regnabis
2750 3178 2793 3242 ',
2820 3176 2864 3229 si
2890 3176 3011 3229 ﬁnis
3040 3174 3129 3228 tibi
3157 3173 3403 3229 Christus
3436 3181 3538 3229 est.

1971 3286 2091 3327 cum
2113 3285 2218 3341 quo
2244 3266 2489 3339 regnabis
2510 3267 2560 3320 in
2591 3265 2779 3320 smeula
2801 3265 3140 3319 saeculorum.
3167 3264 3361 3318 Amen.

1980 3370 3536 3398 ______..___———————-

2368 3458 2449 3520 IN
2491 3452 2869 3519 PSALMUM
2899 3450 3147 3513 CXLVI

2553 3574 2966 3634 ENARRATIO.

2608 3704 2782 3749 sannio
2810 3686 2910 3762 (a).

2046 3814 2099 3869 1.
2134 3811 2282 3883 [vers.
2305 3808 2388 3883 1.]
2408 3804 2597 3863 intenti
2623 3802 2987 3869 audiebamus,
3012 3814 3132 3857 cum
3154 3799 3389 3871 psalmus
3408 3812 3545 3870 pm

1976 3920 2102 3962 sens
2148 3909 2480 3967 cantaretur;
2534 3909 2589 3954 et
2635 3914 2740 3953 non
2790 3909 2976 3952 omnes
3026 3894 3117 3965 qui
3170 3893 3542 3957 audiebamus,

1976 4000 2134 4056 etiam
2162 3995 2601 4066 intelligebamus.
2618 3992 2824 4059 Quanto
2844 3988 3010 4059 magis
3031 4001 3158 4057 ergo
3183 3987 3382 4041 intente
3406 4000 3547 4041 nunc

1977 4088 2269 4147 audiendus
2315 4096 2417 4152 est,
2471 4084 2633 4149 si,ut
2667 4096 2826 4151 Spero
2858 4089 2915 4136 et
2958 4078 3134 4148 cupio,
3178 4076 3547 4147 adjuvantibus

1978 4181 2215 4238 omnium
2267 4176 2588 4232 audientium
2631 4170 2982 4236 orationibus,
3027 4169 3071 4223 si
3111 4168 3237 4239 quid
3284 4167 3370 4221 hic
3409 4168 3543 4221 forte

1980 4275 2261 4331 obscurum
2304 4279 2401 4334 est,
2433 4269 2541 4322 Deo
2569 4265 2799 4321 donante
2828 4261 3177 4325 revelabitur;
3225 4268 3282 4313 ut
3322 4259 3391 4313 sit
3431 4257 3546 4311 fru-

1981 4366 2199 4414 ctuosus
2225 4354 2455 4418 auditus,
2485 4348 2780 4405 necinanis
2826 4344 3008 4399 redeat
3052 4340 3279 4407 auditor,
3328 4340 3417 4411 qui
3464 4340 3549 4393 in-

1983 4458 2159 4506 tentus
2174 4446 2335 4501 adfuit
2356 4458 2475 4499 cum
2497 4438 2741 4495 audiret?
2763 4435 2914 4493 Unde
2933 4433 3127 4503 coepit?
3149 4430 3311 4488 Nobis
3326 4430 3547 4486 dicitur:

1983 4541 2211 4594 Laudate
2255 4535 2546 4590 Dominum.
2594 4530 2794 4585 Dicitur
2841 4526 2943 4580 hoc
2990 4523 3237 4579 omnibus
3278 4520 3548 4592 gentibus,

1985 4648 2089 4688 non
2129 4630 2256 4686 solis
2289 4626 2443 4681 nobis
2474 4642 2489 4679 :
2516 4632 2570 4678 et
2616 4622 2769 4676 istam
2807 4631 2994 4672 vocem
3045 4629 3141 4685 per
3179 4613 3293 4668 loca
3339 4611 3550 4681 quidem

1984 4721 2189 4791 singula
2230 4724 2505 4774 sonantem
2532 4727 2564 4767 a
2607 4708 2939 4774 Lectoribus,
2984 4703 3289 4775 singillatim
3334 4700 3553 4754 audiunt

1986 4811 2267 4874 Ecclesiae;
2289 4822 2394 4862 una
2420 4820 2522 4859 vox
2551 4810 2728 4856 tamen
2753 4799 2845 4853 Dei
2870 4810 3030 4867 super
3052 4808 3238 4849 omnes
3265 4805 3370 4845 non
3393 4796 3545 4851 tacet,

1987 4913 2046 4960 ut
2066 4901 2341 4957 laudemus
2370 4911 2511 4952 eum.
2538 4893 2609 4948 Et
2654 4891 2805 4963 quasi
2829 4898 3187 4959 quaereremus
3225 4896 3389 4951 quare
3434 4881 3551 4934 lau—
3614 4946 3619 4949 ν

1987 4994 2115 5049 dare
2140 4991 2304 5045 Deum
2329 4986 2637 5051 debeamus,
2682 4980 2856 5036 videte
2894 4991 3051 5047 quam
3093 4986 3309 5029 causam
3336 4972 3508 5024 attulit
3547 4988 3555 4995 ·

1988 5081 2218 5137 Laudate
2271 5075 2579 5141 Dominum,
2611 5070 2800 5140 inquit,
2848 5066 3083 5136 quoniam
3112 5061 3267 5115 bonus
3309 5060 3552 5129 psalmus.

1990 5174 2115 5230 Habe
2158 5178 2239 5227 est
2268 5180 2476 5224 merces
2524 5171 2632 5219 tota
2660 5154 3023 5215 laudantium?
3049 5151 3348 5208 Laudemus
3373 5149 3553 5203 Domi-

1991 5282 2136 5325 num.
2185 5262 2393 5333 Quare?
2422 5258 2673 5325 Quoniam
2717 5254 2873 5307 bonus
2922 5245 3167 5318 psalmus.
3208 5243 3551 5333 vellemego,

1991 5358 2162 5429 inquit
2197 5328 2421 5425 aliquis,
2471 5346 2688 5403 laudare
2732 5339 3013 5429 Dominum
3040 5378 3057 5403 ,
3087 5336 3142 5429 si
3188 5332 3319 5429 mihi
3361 5328 3556 5429 aliquid

1992 5419 2090 5523 pro
2132 5448 2233 5502 ista
2282 5419 2440 5498 laude
2482 5437 2725 5492 donaret.
2751 5429 2881 5498 Quis
2919 5427 3061 5483 enim
3084 5423 3264 5480 laudet
3282 5421 3460 5523 gratis
3474 5419 3559 5473 vel

1992 5511 2301 5598 hominem?
2345 5532 2673 5603 Exspectant
2716 5536 2842 5594 ergo
2868 5519 3097 5591 aliquam
3120 5513 3417 5573 mercedem
3446 5511 3563 5565 lau-

2061 5654 2171 5702 Isic
2192 5658 2289 5697 Am.
2316 5650 2493 5696 etuss.
2528 5645 2678 5691 AtEr.
2703 5642 2758 5689 et
2784 5642 2915 5686 Lov.:
2950 5637 3007 5685 Et
3041 5629 3148 5696 quis
3185 5623 3360 5690 estqui
3392 5618 3563 5675 uidet?

1994 5725 2161 5770 Homo.
2190 5716 2342 5767 Forte,
2368 5715 2461 5757 etc.
2928 5757 2939 5769 .

2060 5780 2081 5810 ⁸
2106 5775 2292 5837 Aliquot
2312 5778 2438 5837 Mss,
2461 5765 2514 5837 in
2533 5759 2980 5837 ilioIegztabts:

2061 5813 3087 5903 (a).“s‘d'forte’cartbaginensem,
3113 5826 3181 5866 ex
3198 5826 3253 5864 ιι.
3269 5813 3356 5903 17.

2883 5899 3285 5988 (SoixanteJ
