4038 6470
519 490 658 550 1899

520 605 734 663 d-ttores
756 598 1056 660 hominum;
1087 589 1359 650 nullamne
1406 583 1705 643 mercedem
1751 587 2084 649 exspectare,

523 707 614 750 aut
643 705 840 765 petere,
869 697 959 743 aut
986 697 1202 756 sperare
1231 681 1389 736 debet
1433 675 1673 731 laudator
1710 671 1803 765 Dei
1826 666 2086 765 illauda-

524 797 610 843 tur
645 759 917 845 infirmus,
971 785 1025 832 et
1070 783 1312 845 speratur
1355 769 1421 825 de
1466 782 1529 822 eo
1577 762 1800 834 aliquid;
1851 759 2090 816 laudatur

519 875 868 944 Omnipotens
899 912 915 938 ,
967 876 1022 924 et
1070 865 1210 920 nulla
1257 874 1461 918 merces
1509 856 1640 913 est?
1681 857 1760 909 An
1812 852 1946 906 forte
1995 851 2092 903 hoc

521 971 698 1040 cupio,
733 965 871 1038 quod
898 965 986 1018 ille
1012 963 1141 1018 dare
1168 973 1272 1012 non
1298 952 1508 1040 potest?
1537 949 1670 1020 Quid
1695 949 1855 1003 homo
1880 944 2090 1040 deside-

522 1035 627 1124 rat,
656 1035 794 1130 quod
826 1057 879 1111 in
909 1069 1065 1109 manu
1090 1050 1186 1105 Dei
1214 1063 1319 1103 non
1355 1039 1472 1100 'sit?
1499 1042 1630 1098 Cum
1678 1037 1972 1094 laudaveris
1999 1035 2092 1089 ho—

524 1154 745 1218 minem,
792 1150 926 1204 forte
971 1147 1069 1200 hoc
1099 1143 1245 1211 cupis
1285 1137 1425 1210 quod
1468 1137 1535 1190 ab
1573 1135 1661 1190 illo
1699 1131 1935 1201 praestari
1989 1143 2092 1181 non

523 1254 702 1318 potest
743 1260 757 1297 :
801 1242 963 1295 Deum
1008 1247 1223 1295 securus
1271 1229 1424 1284 lauda
1450 1268 1464 1294 ,
1507 1239 1661 1296 quem
1709 1236 1865 1277 nemo
1924 1226 2098 1318 potest

525 1312 707 1395 dicere
760 1348 862 1388 non
917 1345 1072 1401 posse
1130 1333 1378 1396 pnestare
1420 1319 1562 1392 quod
1609 1326 1664 1372 tu
1713 1315 1909 1386 poteris
1959 1312 2096 1367 desi-

528 1429 736 1484 derare.
781 1422 1060 1492 Proposita
1101 1433 1227 1487 ergo
1278 1430 1373 1484 spe
1417 1409 1676 1466 mercedis
1721 1405 1941 1474 alicujus
1986 1403 2099 1492 lau-

532 1519 662 1575 dare
721 1491 975 1570 debemus
1025 1511 1186 1563 Deum
1217 1548 1231 1573 ,
1282 1519 1388 1558 non
1429 1512 1602 1556 tamen
1653 1497 1897 1552 daturum
1947 1491 2099 1562 quid-

530 1607 656 1680 quid
713 1606 981 1673 cupimus.
1026 1599 1185 1654 Pater
1229 1603 1310 1649 est
1338 1591 1508 1661 enim,
1554 1597 1609 1644 et
1651 1584 1790 1656 quod
1842 1582 1962 1637 mali
2010 1595 2102 1680 cus

521 1679 682 1770 piunt
727 1695 858 1758 lilii,
922 1706 1026 1745 non
1070 1688 1177 1742 dat.
1224 1683 1522 1740 Laudemus
1555 1721 1570 1746 ,
1629 1687 1683 1770 et
1723 1688 2019 1770 speremus,
2048 1679 2102 1724 et

531 1763 902 1845 desideremus
927 1796 1032 1835 non
1073 1776 1204 1832 illud
1252 1782 1342 1828 aut
1389 1771 1535 1834 illud,
1583 1767 1674 1823 sed
1724 1764 1864 1835 quod
1903 1763 2102 1832 judicat

535 1879 766 1935 dandum
810 1888 950 1938 esse,
997 1883 1153 1938 quem
1179 1864 1475 1920 laudamus.
1502 1859 1595 1914 llle
1629 1857 1769 1912 enim
1809 1853 1953 1910 novit
1978 1850 2102 1920 quid

535 1970 693 2025 nobis
735 1965 849 2020 dari
897 1960 1172 2031 expediat;
1217 1943 1334 2010 'nos
1377 1961 1553 2008 autem
1595 1947 1928 2004 intendamus
1978 1942 2104 2013 quid

515 2059 696 2114 ’nobis
728 2055 895 2125 prosit
917 2051 1177 2118 accipere.
1207 2044 1489 2115 Apostolus
1531 2041 1604 2094 ait
1631 2057 1644 2092 :
1670 2037 1803 2103 Quid
1831 2035 1960 2089 enim
1998 2048 2108 2123 ore-

536 2168 669 2215 mus,
714 2149 842 2202 sicut
885 2152 1099 2212 Oportet,
1151 2139 1396 2193 nescimus
1419 2136 1592 2205 (Rom.
1618 2147 1730 2196 Vill,
1759 2128 1874 2198 26).
1905 2127 1968 2180 Et
1994 2126 2105 2194 ipse

534 2237 676 2296 idem
727 2236 998 2306 apostolus
1053 2231 1245 2286 Paulus
1290 2225 1536 2296 sperabat
1583 2223 1682 2277 sibi
1729 2219 2013 2290 prodesse,
2061 2215 2106 2269 si

540 2325 838 2387 aul'erretdr
885 2327 951 2380 ab
993 2339 1058 2378 eo
1106 2319 1354 2376 stimulus
1399 2316 1575 2371 carnis
1619 2328 1746 2378 sure,
1771 2310 1988 2380 angelus
2017 2321 2104 2361 sa-

536 2431 674 2477 tana:
711 2435 741 2474 a
767 2432 872 2488 quo
919 2412 1365 2485 colztpltizabatur,
1414 2407 1550 2462 sicut
1592 2403 1705 2472 ipse
1751 2399 2028 2456 confitetur
2054 2407 2108 2451 et

536 2515 610 2569 ait
640 2532 652 2568 :
686 2512 904 2582 Propter
942 2507 1076 2579 quod
1113 2504 1387 2559 Dominum
1434 2510 1506 2553 (er
1543 2497 1734 2567 rogavi,
1776 2503 1830 2548 ut
1890 2496 2109 2562 auferret

537 2623 653 2662 eum
677 2619 838 2667 ante;
863 2611 908 2656 et
932 2599 1059 2654 dixit
1083 2596 1226 2659 mihi,
1262 2592 1457 2662 Sufﬁcit
1499 2591 1583 2644 tibi
1623 2588 1786 2660 gratia
1826 2601 1966 2649 mea;
1991 2599 2109 2636 nam

537 2699 695 2752 uirtus
719 2697 774 2749 in
797 2693 1089 2762 inﬁrmitate
1124 2686 1376 2758 perﬁcitur
1402 2683 1421 2753 (
1443 2682 1485 2736 ll
1515 2680 1630 2737 Cor.
1653 2695 1748 2743 xtl,
1777 2677 1869 2732 7-9
1891 2678 1928 2744 ).
1964 2673 2109 2729 Desi-

543 2788 757 2842 deravit
779 2781 1010 2853 aliquid;
1047 2795 1150 2833 non
1181 2789 1489 2831 concessum
1533 2781 1613 2826 est
1657 2770 1723 2848 ad
1762 2769 2107 2844 voluntatem,

538 2888 600 2934 ut
623 2876 988 2932 consuleretur
1011 2873 1027 2902 ¹
1075 2869 1141 2924 ad
1179 2869 1479 2922 sanitatem.
1504 2863 1600 2918 llic
1635 2876 1760 2930 ergo
1790 2858 1913 2928 quid
1960 2856 2111 2911 nobis

540 2953 871 3039 propositum
918 2960 1038 3017 est?
1089 2955 1562 3024 Laudate,inquit,
1611 2949 1893 3004 Dominum.
1938 2947 2111 3014 Quare

542 3059 818 3113 laudemus
870 3051 1194 3108 Dominum?
1250 3048 1498 3116 Quoniam
1559 3043 1714 3098 bonus
1756 3051 1828 3096 est
1867 3041 2108 3110 psalmus.

541 3151 660 3220 Ipse
689 3148 920 3218 psalmus
965 3145 1078 3200 laus
1104 3141 1313 3198 Domini
1341 3149 1438 3195 est.
1462 3139 1574 3193 Hoc
1597 3151 1724 3206 ergo
1753 3135 1845 3200 ait,
1877 3132 2111 3187 Laudate

543 3241 850 3305 Dominum,
882 3236 1128 3308 quoniam
1172 3233 1368 3289 bonum
1413 3239 1494 3286 est
1546 3227 1759 3282 laudare
1807 3224 2107 3278 Dominum.

539 3331 660 3388 Non
685 3331 761 3385 sic
806 3337 1182 3399 praetereamus
1207 3322 1421 3378 laudare
1447 3320 1744 3374 Dominum.
1774 3314 1981 3371 Dictum
2011 3321 2110 3377 est,

542 3431 599 3479 et
643 3421 881 3483 transiit;
915 3418 1109 3472 factum
1153 3423 1256 3480 est,
1285 3422 1336 3468 et
1366 3412 1643 3474 siluimus;
1672 3406 2018 3467 laudavimus,
2061 3411 2115 3458 et

542 3514 839 3578 tacuimus;
862 3510 1208 3573 cantavimus,
1224 3515 1276 3562 et
1302 3502 1716 3573 conquievimus.
1732 3502 1872 3555 Imus
1895 3499 1945 3551 in
1974 3495 2112 3551 aliud

542 3605 682 3662 forte
729 3603 987 3674 agendum
1026 3597 1165 3670 quod
1212 3605 1405 3659 restat,
1451 3605 1502 3648 et
1549 3593 1665 3646 alia:
1701 3592 1935 3645 actiones
1992 3603 2110 3642 cum

543 3696 874 3752 occurrerint
917 3693 1087 3757 nobis,
1110 3689 1340 3744 laudatio
1364 3686 1540 3741 divina
1578 3682 1807 3739 cessabit
1832 3681 1883 3734 in
1922 3678 2113 3733 nobis?

543 3789 661 3856 Non
705 3787 810 3853 sic;
835 3801 956 3840 nam
979 3784 1154 3854 lingua
1204 3790 1291 3836 tua
1322 3780 1388 3834 ad
1427 3778 1609 3833 horam
1650 3775 1848 3839 laudat,
1875 3774 1978 3828 vita
2024 3782 2112 3827 tua

543 3895 757 3950 semper
805 3876 1002 3933 laudet.
1065 3873 1191 3928 Inde
1238 3885 1365 3942 ergo
1412 3870 1581 3924 bonus
1612 3867 1864 3936 psalmus.

559 4030 561 4032 ,
615 3971 669 4024 2.
698 3969 939 4022 Psalmus
963 3965 1156 4035 quippe
1184 3970 1369 4016 cantus
1399 3969 1498 4024 est,
1523 3973 1628 4013 non
1656 3957 1900 4026 quilibet,
1925 3953 2020 4010 sed
2046 3953 2110 4008 ad

548 4056 877 4132 psalterium.
909 4056 1226 4111 Psalterium
1257 4062 1433 4107 autem
1458 4050 1721 4120 quoddam
1751 4061 2006 4118 organum
2034 4055 2115 4102 est

544 4152 840 4210 cantilenae,
867 4148 1002 4202 sicut
1023 4148 1156 4218 lyra,
1179 4144 1315 4198 sicut
1353 4143 1588 4211 cythara,
1612 4149 1667 4195 et
1697 4137 1997 4208 hujusmodi
2025 4154 2114 4193 or-

545 4260 704 4316 gana,
744 4258 863 4313 quae
913 4242 1126 4294 inventa
1169 4243 1292 4292 sunt
1332 4235 1399 4290 ad
1442 4233 1777 4289 cantandum.
1833 4230 1936 4298 Qui
1988 4245 2114 4300 ergo

548 4337 743 4407 psallit,
787 4349 894 4388 non
942 4332 1053 4388 sola
1079 4345 1210 4385 voce
1259 4327 1472 4398 psallit;
1518 4326 1610 4381 sed
1648 4331 1919 4394 assumpto
1955 4323 2114 4378 etiam

548 4427 774 4497 quodam
801 4437 1019 4493 organo,
1040 4419 1182 4491 quod
1209 4426 1428 4473 vocatur
1454 4417 1781 4487 psalterium,
1814 4412 2114 4469 accedenti-

555 4519 652 4572 bus
681 4517 922 4570 manibus
960 4514 1076 4568 voci
1099 4510 1406 4567 concordat.
1436 4509 1526 4563 Vis
1563 4523 1689 4577 ergo
1720 4505 1975 4576 psallere?
2000 4504 2116 4558 Non

550 4607 722 4661 solum
761 4621 862 4659 vox
885 4614 970 4660 tua
1013 4610 1167 4657 sonet
1194 4601 1378 4655 laudes
1409 4600 1525 4662 Dei,
1555 4597 1648 4650 sed
1683 4611 1844 4664 opera
1867 4604 1955 4648 tua
1984 4610 2112 4648 con-

550 4698 770 4756 cordent
795 4712 913 4751 cum
942 4709 1072 4750 voce
1098 4702 1204 4748 tua.
1235 4689 1365 4746 Cum
1399 4703 1527 4759 ergo
1551 4703 1681 4742 voce
1708 4686 2022 4750 cantaveris,
2055 4686 2118 4738 si-

551 4792 683 4848 lebis
699 4788 1012 4859 aliquando:
1034 4787 1139 4842 vita
1167 4784 1242 4838 sic
1258 4791 1432 4846 cauta,
1451 4789 1507 4836 ut
1520 4795 1787 4849 nunquam
1809 4779 1988 4834 sileas.
2010 4778 2117 4832 Ne-

551 4882 749 4953 gotium
775 4880 906 4948 agis,
934 4886 989 4933 et
1009 4875 1250 4932 fraudem
1271 4873 1508 4942 cogitas;
1539 4871 1727 4925 siluisti
1755 4885 1785 4924 a
1814 4869 1969 4924 laude
1990 4869 2114 4924 Dei:

549 4972 770 5043 etquod
796 4971 1007 5042 gravius
1041 4975 1143 5033 est,
1187 4981 1291 5021 non
1333 4963 1504 5019 solum
1534 4977 1561 5017 a
1589 4961 1742 5016 laude
1777 4961 1988 5027 siluisti,
2025 4960 2120 5016 sed

553 5066 605 5121 in
637 5062 1018 5132 bIaSphemiam
1048 5055 1344 5129 porrexisti.
1387 5053 1515 5108 Cum
1547 5053 1685 5107 enim
1712 5052 1851 5107 Deus
1880 5051 2120 5106 laudatur

554 5160 619 5215 de
647 5159 788 5213 bono
815 5170 978 5226 opere
1005 5161 1114 5219 tuo,
1144 5165 1312 5221 opere
1337 5157 1427 5203 tuo
1466 5146 1648 5202 laudas
1677 5147 1874 5210 Deum;
1917 5154 1972 5200 et
1999 5160 2120 5199 cum

553 5248 954 5318 blasphematur
979 5245 1116 5299 Deus
1137 5242 1204 5298 de
1229 5241 1369 5296 malo
1390 5253 1550 5307 opere
1579 5246 1689 5303 tuo,
1713 5251 1872 5303 opere
1903 5243 1990 5289 tuo
2009 5235 2123 5289 bla—

555 5341 807 5410 sphemas
863 5336 1048 5390 Deum.
1101 5332 1281 5400 Itaque
1329 5329 1396 5386 ad
1444 5327 1648 5382 aurium
1702 5324 2121 5379 exhortationem

556 5439 710 5488 canta
736 5443 896 5494 voce;
919 5425 1086 5484 corde
1115 5439 1181 5480 ne
1202 5423 1380 5488 sileas,
1401 5422 1507 5476 vita
1529 5435 1596 5476 ne
1618 5427 1814 5474 taceas.
1842 5417 1954 5472 Non
1981 5418 2128 5487 cogi-

558 5530 639 5578 tas
668 5523 720 5576 in
766 5518 978 5590 negotio
1019 5514 1280 5579 fraudem,
1307 5511 1490 5582 psallis
1519 5511 1649 5566 Deo.
1677 5508 1807 5564 Cum
1837 5506 2122 5562 manducas

559 5626 613 5672 et
638 5615 792 5684 bibis,
825 5613 1021 5684 psalle;
1066 5624 1170 5665 non
1215 5605 1624 5663 intermiscendo
1666 5616 1915 5657 sonorum
1947 5600 2122 5654 suavi-

561 5714 700 5764 tates
733 5706 798 5761 ad
835 5719 989 5760 aures
1027 5708 1196 5772 aptas,
1242 5697 1336 5753 sed
1385 5696 1624 5750 modeste
1672 5703 1726 5749 et
1767 5692 2036 5762 frugaliter
2072 5698 2128 5746 et

625 5838 796 5898 ιωᾰ.,
839 5834 1180 5888 maiorm.
1213 5837 1272 5884 At
1306 5837 1437 5892 ιω,
1480 5826 1804 5882 consideretur
1828 5840 1844 5878 :
1867 5824 1993 5879 forte
2013 5836 2120 5890 pro,

575 5899 909 5956 maderent.

1733 467 1791 524 S.
1831 456 2194 522 AUGUSTINI
2230 456 2533 517 EPISCOPI

2197 581 2553 642 temperanter
2578 570 2943 627 manducando
2979 577 3033 627 et
3052 563 3284 627 bibendo
3310 587 3326 628 :
3359 568 3482 640 quia
3506 569 3612 627 hoc
3635 574 3762 629 dicit

2194 664 2501 732 Apostolus,
2547 662 2665 717 Sive
2691 662 3022 724 manducatis,
3049 665 3149 717 sive
3176 661 3362 728 bibitis,
3395 661 3502 716 sive
3538 663 3660 734 quid
3685 665 3762 735 {a-

2196 755 2343 819 citis;
2387 755 2554 808 omnia
2589 756 2641 807 in
2684 755 2895 825 gloriam
2933 753 3029 808 Dei
3059 753 3206 824 facite
3232 754 3278 827 (ι
3307 752 3423 809 Cor.
3463 770 3520 822 x,
3549 751 3664 827 5|).
3706 754 3764 810 Si.

2197 859 2321 915 ergo
2347 845 2478 901 bene
2509 845 2639 914 agis,
2671 845 2807 914 quod
2835 855 2887 899 et
2920 844 3206 900 manducas
3232 852 3287 900 et
3323 844 3481 910 bibis,
3503 854 3559 899 et
3583 845 3650 900 ad
3678 861 3764 901 re-

2197 936 2476 992 fectionem
2505 937 2742 1006 corporis
2768 937 2933 991 sumis
2968 937 3464 1005 reparationemque
3493 935 3764 991 membro'

2197 1041 2336 1092 rum,
2360 1027 2554 1096 gratias
2580 1043 2740 1096 agens
2768 1028 2817 1082 ei
2847 1027 2935 1096 qui
2967 1027 3058 1080 tibi
3083 1026 3310 1096 praebuit
3338 1026 3549 1080 mortali
3586 1034 3642 1080 et
3660 1025 3765 1080 fra-

2198 1117 2288 1187 gili
2334 1117 2433 1170 ista
2473 1118 2959 1188 supplementorum
3006 1117 3226 1183 solatia;
3273 1125 3326 1171 et
3361 1116 3511 1171 cibus
3555 1124 3679 1171 tuus
3713 1127 3767 1172 et

2199 1219 2355 1279 potus
2381 1217 2498 1262 tuus
2529 1209 2707 1264 laudat
2738 1210 2907 1264 Deum
2933 1228 2946 1263 :
2969 1210 3014 1264 si
3041 1225 3166 1264 vero
3207 1207 3421 1263 modum
3451 1216 3653 1262 naturae
3677 1207 3769 1262 de-
3839 1209 3852 1222 '

2201 1299 2368 1355 bitttm
2413 1303 2850 1356 immoderatioue
2879 1301 3188 1356 voracitatis
3229 1300 3477 1364 excedas,
3517 1308 3571 1354 et
3611 1300 3766 1354 vino-

2201 1392 2360 1447 lentia
2406 1403 2456 1447 te
2485 1393 2813 1463 ingurgitcs;
2859 1395 3215 1463 quantaslibet
3252 1393 3432 1448 laudes
3462 1393 3556 1448 Dei
3593 1393 3768 1462 lingua

2203 1491 2288 1538 tua
2321 1496 2492 1546 sonet,
2514 1486 2617 1539 vita
2645 1486 2991 1554 blasphemat.
3016 1485 3143 1539 Post
3171 1485 3344 1539 cibum
3385 1494 3437 1538 et
3460 1493 3643 1554 potum
3684 1498 3767 1538 re-

2203 1576 2452 1644 quiescis,
2499 1587 2556 1630 ut
2594 1577 2862 1642 dormias;
2911 1592 3010 1632 nec
3057 1578 3112 1630 in
3146 1577 3284 1631 lecto
3325 1574 3524 1644 aliquid
3551 1575 3770 1644 turpiter

2204 1681 2348 1736 agas,
2392 1683 2490 1722 nec
2519 1669 2750 1722 excedas
2779 1670 2916 1723 ultra
2943 1683 3254 1723 concessam
3283 1668 3548 1722 licentiam
3577 1670 3631 1720 in
3659 1667 3771 1736 lege

2206 1758 2299 1812 Dei
2330 1778 2342 1812 :
2372 1759 2438 1812 sit
2462 1767 2638 1813 castus
2658 1774 2779 1814 cum
2802 1760 3025 1830 conjuge
3050 1770 3228 1825 torus;
3257 1769 3309 1814 et
3333 1761 3376 1814 si
3403 1767 3631 1826 estsura
3656 1774 3774 1827 pro-

2206 1851 2430 1920 pagandi
2459 1851 2676 1917 liberos,
2705 1867 2808 1904 non
2836 1853 2904 1904 sit
2927 1851 3178 1906 ell'renata
3207 1852 3443 1906 luxuries
3469 1851 3772 1914 libidinum;

2208 1940 2358 1996 defer
2389 1943 2438 1995 in
2465 1941 2603 1996 lecto
2632 1951 2720 1996 tuo
2743 1943 2950 2012 conjugi
2981 1943 3135 2004 tum‘,
3167 1943 3286 2010 quia
3320 1942 3554 1996 membra
3581 1939 3776 1996 Christi

2209 2034 2336 2087 estis
2363 2033 2519 2086 ambo
2546 2032 2654 2102 (Id.
2687 2049 2758 2098 v1,
2790 2032 2900 2104 15),
2931 2034 3087 2088 ambo
3126 2034 3193 2087 ab
3229 2033 3321 2087 ilio
3359 2033 3581 2098 conditi,
3621 2033 3777 2086 ambo

2209 2124 2464 2192 sanguine
2509 2123 2673 2192 ipsius
2714 2124 2938 2192 reparati
2969 2141 2982 2178 :
3014 2123 3125 2177 haec
3161 2137 3324 2192 agens
3363 2122 3549 2176 laudas
3590 2122 3774 2186 Deum,

2209 2229 2310 2268 nec
2346 2215 2565 2269 omnino
2597 2213 2774 2269 silebit
2811 2214 3041 2269 laudatio
3071 2223 3179 2268 tua.
3209 2213 3366 2279 Quid,
3398 2228 3518 2268 cum
3565 2227 3780 2267 somnus

2209 2306 2519 2362 advenerit?
2558 2307 2623 2361 Et
2665 2323 2784 2362 cum
2827 2307 3045 2370 dormis,
3080 2322 3184 2360 non
3232 2314 3282 2360 te
3310 2306 3505 2360 excitet
3548 2321 3575 2358 a
3606 2306 3780 2375 quiete

2211 2397 2350 2451 mala
2378 2397 2702 2452 conscientia
2734 2407 2854 2461 tua;
2885 2406 2937 2452 et
2975 2397 3272 2451 innocentia
3299 2396 3471 2450 somni
3499 2396 3574 2449 tui
3608 2395 3782 2450 laudat

2214 2486 2398 2541 Deum.
2431 2485 2484 2542 Si
2525 2504 2650 2558 ergo
2687 2488 2891 2552 laudas,
2923 2503 3025 2542 non
3057 2496 3256 2542 tantum
3287 2487 3462 2557 lingua
3486 2496 3664 2550 canta,
3693 2485 3779 2540 sed

2213 2575 2372 2630 etiam
2399 2585 2668 2645 assumpto
2691 2577 2948 2632 bonorum
2970 2593 3188 2646 cperunt
3226 2577 3506 2646 psalterio;
3547 2577 3782 2646 quoniam

2213 2662 2371 2718 bonus
2401 2665 2644 2734 psalmus.
2697 2665 2903 2720 Laudas
2948 2681 3067 2719 cum
3112 2666 3222 2735 agis
3265 2668 3555 2734 negotium,
3600 2665 3781 2720 laudas

2212 2769 2333 2811 cum
2369 2756 2546 2812 cibum
2573 2765 2625 2810 et
2656 2766 2833 2825 potum
2864 2757 3028 2825 rapis,
3063 2757 3245 2810 laudas
3281 2771 3403 2810 cum
3447 2756 3502 2810 in
3533 2756 3671 2810 lecto
3698 2771 3781 2810 re-

2214 2847 2463 2915 quiescis,
2521 2847 2700 2900 laudas
2743 2862 2861 2901 cum
2893 2847 3134 2909 dormis;
3185 2847 3396 2916 quando
3426 2861 3533 2901 non
3572 2846 3782 2900 laudas?

2214 2936 2525 2992 Perficietur
2550 2939 2602 2990 in
2626 2937 2776 2991 nobis
2812 2937 3042 2991 laudatio
3071 2936 3181 3001 Dei,
3213 2953 3331 2990 cum
3354 2937 3418 2991 ad
3442 2937 3582 2990 illam
3605 2938 3786 2992 civitso

2215 3035 2320 3082 tem
2347 3029 2668 3095 venerimus,
2696 3028 2907 3098 quando
2936 3028 3109 3082 cchcti
3138 3027 3393 3084 fuerimus
3419 3029 3653 3098 aequales
3681 3028 3786 3083 An-

2213 3118 2347 3187 gelis
2377 3119 2467 3172 Dei
2503 3118 2710 3188 (Matth.
2739 3135 2868 3185 xxu,
2901 3118 2990 3186 '50)
3019 3135 3032 3182 ;
3061 3118 3272 3188 quando
3298 3133 3396 3172 nos
3419 3118 3561 3171 nulla
3591 3133 3783 3188 corpo-

2215 3209 2340 3264 ralis
2375 3209 2662 3266 necessitas
2702 3209 2806 3263 ulla
2848 3225 2912 3264 ex
2950 3217 3098 3278 parte
3141 3209 3406 3271 sollicitat,
3449 3223 3554 3264 non
3596 3207 3782 3276 fames,

2216 3314 2321 3353 non
2365 3299 2479 3352 sitis
2521 3299 2843 3368 interpellat,
2889 3313 2994 3353 non
3037 3307 3198 3352 aestus
3240 3298 3445 3368 fatigat,
3487 3313 3592 3352 non
3624 3297 3785 3368 frigus

2215 3389 2545 3460 constringit,
2583 3405 2686 3444 non
2718 3390 2880 3444 febris
2909 3389 3106 3458 dejicit,
3140 3404 3246 3444 non
3287 3404 3429 3443 mors
3460 3388 3594 3443 linit.
3622 3389 3705 3443 Ad
3724 3388 3786 3443 il-

2216 3477 2321 3533 lam
2361 3478 2798 3548 perfectissimam
2842 3479 3054 3533 laudem
3093 3494 3433 3535 exerceamus
3473 3493 3574 3534 nos
3602 3477 3785 3533 lauda-

2218 3571 2360 3624 tione
2386 3571 2484 3624 ista
2511 3569 2563 3624 in
2594 3569 2748 3626 bonis
2776 3571 3045 3640 operibus.

2289 3662 2340 3715 5.
2383 3662 2668 3730 Propterea
2698 3676 2817 3717 cum
2843 3662 3084 3728 dixisset,
3110 3662 3335 3718 Laudate
3359 3662 3652 3730 Dominum,
3672 3679 3787 3732 quo-

2216 3752 2354 3806 niam
2385 3753 2543 3806 bonus
2580 3754 2844 3822 psalmus:
2873 3752 2977 3808 Deo
3015 3763 3206 3818 nostro,
3255 3755 3441 3822 inquit,
3466 3755 3700 3825 jucunda
3723 3755 3786 3809 sit

2217 3844 2349 3899 laus.
2379 3844 2654 3912 Quomodo
2673 3846 2774 3899 erit
2805 3845 2912 3900 Deo
2933 3853 3114 3900 nostro
3129 3845 3359 3915 jucunda
3384 3845 3496 3900 laus
3513 3847 3538 3898 ?
3568 3845 3626 3899 Si
3651 3846 3788 3900 bene

2217 3935 2442 3992 vivendo
2484 3935 2747 3990 laudetur.
2798 3936 2931 3991 Audi
2974 3937 3094 4005 quia
3139 3945 3264 3991 tunc
3307 3937 3406 3990 erit
3437 3936 3513 3989 illi
3552 3935 3786 4005 jucunda

2216 4026 2350 4080 laus.
2394 4027 2508 4080 Alio
2535 4026 2652 4080 loco
2692 4025 2902 4091 dicitur,
2951 4024 3069 4079 Non
3115 4035 3186 4079 est
3219 4029 3443 4094 speciosa
3467 4025 3579 4079 laus
3616 4026 3671 4078 in
3706 4039 3790 4078 ore

2219 4115 2496 4184 peccatoris
2539 4113 2723 4184 (Eccli.
2755 4131 2840 4177 xv,
2869 4113 2948 4186 9).
2997 4115 3052 4169 Si
3094 4129 3222 4185 ergo
3271 4115 3323 4168 in
3361 4129 3453 4168 ore
3496 4115 3788 4183 peccatoris

2219 4205 2460 4274 speciosa
2486 4206 2599 4259 laus
2629 4219 2734 4259 non
2780 4213 2879 4269 est,
2912 4204 3139 4274 jucunda
3193 4220 3295 4259 non
3345 4213 3464 4269 est;
3506 4206 3609 4259 hoc
3649 4205 3789 4259 enim

2215 4293 2528 4364 jucundum,
2557 4293 2698 4364 quod
2723 4294 3042 4363 speciosum.
3087 4294 3178 4348 Vis
3215 4308 3342 4363 ergo
3369 4302 3426 4347 ut
3451 4294 3563 4348 Deo
3591 4304 3684 4348 tuo
3707 4294 3789 4363 ju-

2221 4387 2388 4442 cunda
2427 4389 2494 4441 sit
2522 4387 2674 4442 laus?
2711 4387 2828 4441 Noli
2858 4387 3011 4441 bonte
3049 4387 3326 4442 cantilenae
3356 4394 3459 4440 tute
3479 4386 3790 4455 obstrepere

2221 4479 2457 4533 moribus
2477 4479 2647 4532 malis.
2675 4478 2778 4532 Deo
2798 4489 2967 4532 nostro
2978 4479 3211 4548 jucunda
3228 4479 3292 4531 sit
3313 4479 3442 4532 laus.
3466 4477 3602 4544 Quid
3627 4475 3790 4531 dixit?

2220 4567 2321 4634 Qui
2349 4567 2591 4634 laudatis,
2622 4567 2758 4622 bene
2800 4567 2979 4622 vivite.
3011 4567 3265 4622 Laudatio
3296 4566 3578 4634 impiorum
3619 4565 3782 4620 clien-

2221 4657 2298 4711 dit
2335 4658 2519 4711 Deum.
2553 4657 2679 4711 Plus
2726 4657 2813 4710 ille
2852 4656 3072 4711 attendit
3098 4656 3223 4726 quid
3259 4657 3421 4722 vivas,
3465 4671 3626 4726 quam
3666 4653 3794 4725 quid

2224 4761 2402 4801 sones.
2437 4746 2596 4801 Certe
2618 4762 2734 4801 cum
2759 4760 2823 4801 eo
2849 4762 3002 4815 quem
3025 4746 3226 4812 laudas,
3248 4761 3430 4816 pacem
3459 4747 3659 4801 habere
3679 4746 3789 4801 vis:

2223 4838 2491 4908 quomodo
2538 4853 2655 4892 cum
2700 4835 2791 4891 illo
2819 4825 3013 4906 quaeris
3051 4850 3257 4905 pacem,
3296 4834 3506 4905 quando
3551 4850 3581 4889 a
3625 4836 3796 4904 teipse

2223 4927 2503 4983 dissonas?
2540 4927 2836 4994 Quomodo,
2869 4927 3094 4996 inquies,
3127 4942 3154 4978 a
3186 4927 3499 4995 memetipso
3539 4925 3794 4980 dissono?

2225 5022 2380 5078 Aliud
2421 5029 2575 5076 sonat
2598 5021 2795 5090 lingua,
2825 5019 2964 5073 aliud
3001 5019 3196 5073 iudicat
3221 5019 3346 5072 vita.
3378 5017 3484 5072 Deo
3515 5027 3692 5072 nostra
3706 5018 3796 5086 ju-

2225 5114 2390 5168 cunda
2417 5114 2480 5167 sit
2510 5113 2636 5166 laus.
2663 5111 2842 5165 Potest
2868 5111 3006 5164 enim
3035 5110 3147 5164 laus
3167 5108 3395 5178 jucunda
3426 5123 3545 5164 esse
3569 5107 3796 5176 homini.

2225 5219 2344 5259 cum
2373 5202 2518 5257 audit
2540 5201 2812 5258 concinnis
2833 5200 3103 5269 acutisque
3126 5199 3401 5255 sententiis
3424 5208 3477 5253 et
3495 5198 3648 5252 suavi
3668 5211 3800 5254 voce

2229 5295 2568 5349 laudantem:
2601 5289 2693 5347 sed
2739 5289 2846 5346 Deo
2887 5300 3053 5345 nostra
3091 5289 3323 5361 jucunda
3363 5290 3427 5343 sit
3456 5290 3607 5356 laus;
3649 5287 3794 5359 cujus

2228 5402 2406 5453 aures,
2435 5401 2540 5440 non
2579 5384 2642 5438 ad
2671 5379 2755 5446 es,
2786 5383 2880 5438 sed
2910 5382 2976 5437 ad
3014 5397 3136 5449 cor;
3171 5397 3276 5438 non
3321 5381 3388 5437 ad
3416 5380 3677 5452 linguam,
3706 5379 3794 5436 sed

2228 5480 2296 5535 ad
2323 5480 2484 5534 vitam
2514 5476 2804 5530 laudatoris
2834 5483 3037 5545 patent.

2300 5572 2354 5626 4.
2396 5568 2557 5640 [verm
2585 5567 2666 5639 2.]
2703 5567 2831 5634 Quis
2859 5574 2941 5622 est
2976 5566 3114 5621 Deus
3139 5573 3323 5621 noster
3347 5564 3435 5619 cui
3470 5563 3708 5634 jucunda
3733 5563 3799 5619 sit

2231 5662 2382 5718 laus?
2415 5661 2673 5714 Dulcescit
2719 5659 2892 5725 nobis,
2923 5658 3258 5713 commendat
3295 5669 3354 5712 se
3381 5657 3576 5713 nobis:
3603 5657 3802 5727 gratias

2231 5753 2519 5826 dignationi
2562 5751 2696 5822 ejus.
2736 5750 2990 5821 Dignatur
3019 5750 3156 5805 enim
3196 5747 3572 5804 commendare
3609 5761 3670 5803 se
3707 5759 3796 5802 no-

2300 5888 2319 5923 I
2344 5883 2478 5948 add,
2498 5879 2689 5949 seiungi
2706 5887 2803 5934 tua:
2818 5877 3060 5934 horrorem.
3086 5889 3205 5944 vox,
3223 5878 3468 5944 honorem,
3483 5879 3674 5930 sbesta
3690 5881 3796 5927 Im.
