4080 6466
1409 435 1799 502 ENAIiRATiO
1829 445 1894 501 IN
1931 446 2246 512 lSALMUM
2281 457 2506 518 CXLVI.

346 551 452 619 bis,
489 565 597 608 non
634 550 785 623 quasi
818 551 1017 626 aliquid
1044 557 1392 628 praistamris,
1422 561 1517 616 sed
1545 561 1707 616 multa
1737 561 1918 622 abillo
2026 580 2222 666 guntur
2241 571 2596 644 dispersiones
2621 576 2806 651 Israel,
2833 591 2889 641 ut
2908 597 3162 648 sanentur
3181 598 3398 656 contriti
3415 607 3597 666 corde.

341 645 518 715 potius
537 646 855 714 acceptoris.
882 646 1159 714 Quomodo
1178 663 1306 721 ergo
1327 652 1666 710 commendat
1684 668 1743 710 se
1765 655 1918 712 nobis
2021 656 2120 726 Qui
2141 675 2235 716 cor
2261 678 2366 719 non
2397 677 2699 741 conterunt,
2728 690 2833 730 non
2873 691 3144 738 sanantur.
3173 684 3308 756 Quid
3331 701 3434 760 est,
3463 711 3597 754 con-

342 733 523 760 πλη-.-⁸)
564 735 746 760 Δηιιξιι.
776 738 1064 760 -...υ.ι-1--...
1101 739 1315 760 Π---ι--..-
1446 741 1509 760 η-
1648 759 1653 760 ,
1720 745 1734 760 1
1777 755 1787 760 -
2026 757 2035 760 -
2349 758 2358 760 ,
2408 759 2411 760 ,

341 733 523 790 Deus?
553 735 750 792 Audite
773 738 1068 807 apostolum
1097 739 1321 798 Paulum
1345 759 1360 797 :
1393 760 1413 794 ι
1444 741 1793 801 Commendat
1821 761 1916 802 au-

338 834 469 893 tem,
499 846 518 880 »
552 829 742 899 inquit,
794 847 814 882 ι
843 831 1186 888 dilectionem
1215 849 1366 890 suam
1404 837 1543 892 Deus
1590 838 1644 893 iu
1683 840 1857 898 nobis.
1887 861 1910 896 ι

334 916 615 986 Quomodo
657 939 676 973 ι
700 921 1078 979 commendat?
1106 943 1124 977 ι
1176 925 1402 994 Audite;
1445 927 1557 998 ipse
1597 929 1738 987 dicat
1771 935 1912 1002 Αροι

333 1010 524 1075 stolus,
565 1020 625 1067 ut
672 1023 1011 1084 comparetur
1053 1024 1109 1072 et
1154 1017 1405 1074 Psalmo:
1437 1038 1456 1072 ι
1485 1021 1854 1091 Commendat,
1883 1044 1904 1080 ι

329 1099 518 1171 inquit,
545 1122 564 1156 ι
591 1103 930 1161 dilectionem
948 1121 1099 1166 suam
1130 1109 1271 1168 Deus
1298 1111 1352 1165 in
1381 1112 1554 1168 nobis.
1585 1133 1607 1167 ι
1631 1114 1909 1182 Quomodo

336 1211 358 1246 ι
381 1195 753 1252 commendat?
779 1197 1041 1264 Quoniam
1066 1216 1188 1256 cum
1223 1204 1398 1261 adhuc
1426 1216 1731 1275 peccatores
1755 1224 1905 1266 esse-

325 1296 468 1347 mus,
509 1283 754 1342 Christus
792 1303 889 1357 pro
928 1290 1082 1346 nobis
1117 1303 1358 1350 mortuus
1394 1304 1477 1350 est
1499 1315 1518 1350 ›
1551 1296 1724 1366 (Rom.
1765 1314 1820 1366 v,
1848 1301 1899 1367 8,

327 1372 408 1443 9).
432 1375 567 1441 Quid
593 1392 720 1448 ergo
741 1390 916 1436 servat
941 1382 1324 1452 laudatoribus,
1346 1388 1436 1456 qui
1460 1389 1537 1443 sic
1559 1404 1618 1444 se
1639 1405 1903 1448 commen-

324 1463 415 1519 dat
438 1469 806 1535 peccatoribus
826 1472 850 1525 Ἰ
873 1473 1007 1539 Quia
1027 1491 1156 1546 ergo
1179 1477 1258 1532 sic
1274 1477 1409 1534 dixit
1435 1481 1725 1550 Apostolus
1752 1500 1899 1540 eom-

321 1557 608 1614 mandasse
633 1559 801 1616 Deum
829 1565 983 1620 nobis
1011 1567 1347 1626 dilectionem
1367 1587 1540 1640 suam,
1574 1584 1631 1630 ut
1658 1575 1900 1636 Christus

319 1657 628 1703 moreretur
655 1666 751 1718 pro
781 1652 991 1721 impiis;
1021 1672 1126 1712 non
1153 1667 1213 1713 ut
1237 1659 1385 1730 impii
1425 1676 1779 1734 remanerent,
1802 1670 1898 1726 sed

319 1744 382 1790 ut
406 1745 575 1792 morte
593 1738 722 1808 justi
743 1742 812 1796 ab
825 1742 1084 1811 iniustitia
1109 1759 1454 1806 sanarentur:
1474 1753 1559 1808 hic
1574 1757 1702 1826 quid
1721 1758 1894 1828 audis,

317 1839 440 1880 cum
471 1826 709 1893 dixisset,
737 1830 850 1885 Deo
875 1844 1047 1890 nostro
1064 1837 1299 1906 jucunda
1323 1841 1387 1894 sit
1422 1843 1576 1900 laus?
1611 1826 1895 1908 Videamus

312 1917 362 1972 si
387 1917 499 1987 ipsa
528 1929 612 1976 est
638 1926 1030 1982 commendatio
1065 1945 1223 2000 quam
1249 1932 1388 1989 dixit
1413 1936 1719 2008 Apostolus,
1759 1943 1892 2013 Quia

309 2007 556 2065 Christus
587 2026 684 2082 pro
707 2018 1074 2083 peccatoribus
1102 2031 1157 2076 et
1189 2038 1289 2092 pro
1317 2024 1496 2096 impiis
1518 2007 1886 2091 mortuuswest.

309 2098 627 2170 ﬁdi/imas,
658 2106 845 2177 inquit,
870 2108 1154 2167 Jerusalem
1183 2114 1453 2188 Dominus,
1483 2130 1531 2174 et
1555 2123 1890 2194 dispersiones

307 2187 478 2247 Israel
505 2195 765 2266 colligens.
799 2199 939 2256 Ecce
973 2202 1245 2262 aediﬁcans
1283 2187 1578 2268 Jerusalem
1609 2187 1882 2285 Dominus,

305 2281 562 2352 colligens
589 2287 959 2358 dispersiones
1003 2297 1184 2365 populi
1228 2299 1414 2369 ipsius.
1461 2303 1697 2375 Populus
1741 2281 1883 2366 enim

303 2368 621 2442 Jerusalem,
665 2381 889 2450 populus
926 2382 1107 2443 lsrael.
1139 2387 1236 2444 Est
1255 2368 1559 2450 Jerusalem
1599 2409 1794 2455 interna
1825 2401 1880 2457 in

301 2463 478 2532 curiis,
522 2467 608 2522 ubi
652 2472 794 2528 cives
839 2477 998 2531 etiam
1045 2479 1234 2550 Angcli
1277 2493 1419 2539 sunt.
1451 2485 1588 2552 Quid
1634 2504 1764 2562 ergo
1806 2493 1880 2550 ibi

298 2549 510 2610 Israel?
534 2558 588 2614 Si
612 2559 880 2619 hominem
906 2565 1055 2623 illum
1091 2549 1336 2642 nepotem
1367 2549 1592 2634 Abrahae
1628 2549 1878 2639 conside-

297 2655 410 2714 res,
441 2650 530 2718 qui
559 2651 731 2707 dictus
758 2664 840 2710 est
867 2668 920 2712 et
945 2659 1140 2728 Iacob;
1172 2666 1439 2734 quomodo
1464 2669 1696 2741 Angelos
1721 2673 1877 2730 intelo

296 2733 514 2808 ligimus
537 2741 732 2800 Isi-aen
759 2747 815 2802 Si
842 2733 1331 2822 interpretationem
1359 2763 1590 2819 nominis
1613 2764 1872 2823 discutia-

294 2840 439 2894 mus,
481 2832 600 2900 quia
638 2842 690 2888 et
720 2836 831 2905 ipse
855 2839 1021 2897 Jacob
1059 2853 1260 2901 mutato
1301 2851 1514 2907 nomine
1541 2864 1762 2912 vocatus
1791 2869 1874 2915 est

292 2917 460 2976 Israel
505 2921 654 2996 (Gen.
686 2941 860 2996 xxxu,
888 2931 1012 3006 28);
1056 2939 1223 3008 magis
1262 2941 1329 2996 ibi
1363 2959 1554 3000 nomen
1587 2946 1747 3005 lsrael
1775 2967 1789 3006 :
1816 2960 1872 3007 et

291 3012 496 3066 utinam
525 3025 580 3070 et
615 3032 710 3073 nos
737 3033 1018 3091 sequentes
1043 3027 1207 3085 simus
1231 3031 1411 3089 lsrael.
1441 3036 1578 3104 Quid
1610 3040 1751 3096 enim
1781 3043 1867 3098 in-

289 3104 612 3176 terpretatur
641 3109 844 3169 lsrael?
869 3115 1070 3173 Videtis
1099 3121 1289 3179 Deum.
1327 3126 1525 3184 Omnes
1568 3145 1695 3202 ergo
1721 3135 1865 3191 cives

287 3195 432 3254 illius
463 3201 710 3270 civitatis,
758 3206 986 3264 videndo
1017 3209 1180 3267 Deum
1221 3217 1452 3286 gaudent
1477 3221 1532 3275 in
1562 3195 1656 3278 illa
1675 3240 1864 3296 magna

285 3289 504 3347 civitate
546 3302 600 3348 et
639 3296 812 3367 ampla
843 3307 896 3354 et
932 3302 1168 3372 emlestl;
1207 3311 1566 3378 spectaculum
1611 3316 1690 3371 eis
1726 3289 1868 3375 Deus

280 3379 404 3451 ipse
429 3391 530 3438 est.
567 3385 670 3441 Sed
713 3401 808 3443 nos
848 3391 914 3446 ab
940 3393 1028 3448 illa
1055 3395 1268 3456 civitate
1293 3405 1713 3474 peregrinamur,
1741 3425 1866 3480 pecs

282 3481 410 3528 cato
438 3477 661 3546 expulsi,
698 3495 764 3534 nc
791 3481 862 3536 ibi
889 3491 1258 3557 maneremus;
1291 3499 1345 3548 et
1372 3497 1693 3555 mortalitate
1721 3477 1862 3571 prae-

281 3564 507 3634 gravati,
541 3579 608 3622 ne
636 3569 727 3624 illo
755 3572 1068 3631 rediremus.
1099 3579 1349 3650 Respexit
1386 3584 1526 3641 Deus
1551 3564 1860 3661 peregiina~

279 3653 485 3711 tionem
513 3665 770 3730 nostram,
802 3672 853 3718 et
875 3663 963 3721 ille
991 3669 1081 3738 qui
1107 3671 1333 3728 aediﬁcat
1360 3653 1860 3746 Jerusalemjresti-

277 3746 383 3799 tuit
408 3745 607 3816 lapsam
650 3761 870 3820 partem.
916 3756 1070 3812 Unde
1112 3763 1341 3819 restituit
1378 3766 1581 3836 lapsam
1613 3745 1861 3840 partem?

276 3831 636 3906 Dispersiones
661 3840 826 3898 Israel
861 3847 1119 3918 colligens.
1150 3851 1356 3910 Cecidit
1395 3831 1534 3913 enim
1564 3831 1688 3931 pars
1715 3881 1860 3936 quae.

275 3923 426 3995 dam,
463 3938 516 3984 et
539 3929 674 3988 facta
701 3949 782 3989 ρει
808 3942 1086 4012 peregrina
1118 3961 1131 3998 :
1161 3944 1297 4002 hanc
1330 3953 1660 4022 peregrinam
1688 3958 1855 4013 mise-

271 4020 558 4081 ricorditer
584 4029 714 4084 vidit
755 4031 915 4102 Deus,
943 4045 998 4091 et
1035 4041 1276 4108 quiesivit
1316 4060 1420 4102 non
1449 4020 1746 4118 quaerentes
1772 4071 1851 4113 se.

267 4105 430 4169 Unde
450 4119 726 4184 quaesivit?
751 4138 905 4192 quem
937 4105 1080 4184 misit
1100 4131 1165 4187 ad
1191 4105 1544 4205 captivitatem
1578 4148 1852 4203 nostram?

268 4199 415 4262 Misit
442 4209 872 4285 Redemptorem,
914 4223 1203 4280 secundum
1233 4199 1375 4298 quod
1413 4234 1486 4288 ait
1520 4237 1806 4305 ApOStolus
1836 4260 1849 4296 :

270 4295 602 4357 Commendat
629 4304 768 4362 Deus
793 4310 1108 4370 dilectionem
1151 4336 1297 4375 suam
1325 4322 1376 4377 in
1419 4326 1582 4396 nobis,
1613 4333 1850 4400 quoniam

267 4401 386 4442 cum
410 4391 576 4448 adhuc
597 4408 879 4466 peccatores
901 4419 1137 4475 essemus,
1167 4409 1397 4469 Christus
1423 4434 1520 4486 pro
1545 4421 1686 4478 nobis
1713 4440 1849 4480 mor-

266 4486 388 4534 tuus
426 4491 518 4535 est.
559 4485 698 4542 Misit
723 4505 848 4561 ergo
878 4493 943 4549 ad
983 4499 1340 4567 captivitatem
1373 4485 1609 4565 nostram
1639 4515 1846 4571 redem-

264 4580 474 4642 plorem
517 4575 703 4631 Filium
750 4595 922 4637 suum.
958 4585 1138 4654 Porta,
1185 4592 1374 4664 inquit,
1406 4607 1577 4656 tecum
1609 4617 1844 4671 saccum,

265 4657 404 4716 ferto
455 4664 524 4718 ibi
572 4670 795 4736 pretium
845 4678 1194 4744 captivorum.
1236 4657 1410 4743 induit
1457 4693 1597 4748 enim
1643 4710 1701 4751 se
1755 4698 1846 4755 ille

263 4755 642 4814 mortalitatem
669 4764 863 4831 carnis,
897 4775 950 4821 et
978 4769 1046 4823 ibi
1070 4782 1184 4827 erat
1207 4779 1423 4848 sanguis
1452 4797 1556 4852 quo
1582 4785 1696 4842 fuso
1724 4791 1845 4845 red-

265 4841 570 4904 imeremur.
591 4853 688 4908 illo
707 4859 962 4928 sanguine
978 4863 1230 4934 collegit‘
1264 4869 1626 4941 dispersiones
1658 4879 1838 4938 israel.

263 4929 334 4992 Et
364 4942 408 4994 si
454 4942 540 4997 ille
568 4945 780 5017 collegit
819 4951 945 5004 olim
974 4929 1261 5026 dispersos,
1300 4929 1567 5032 quomodo
1596 4979 1839 5040 satagen-

263 5025 390 5082 dum
439 5039 519 5087 est
563 5042 620 5089 ut
655 5037 974 5110 colligantur
1019 5046 1177 5103 modo
1219 5025 1487 5121 dispersi?
1530 5057 1585 5113 Si
1632 5025 1840 5120 collecti

262 5132 389 5175 sunt
412 5122 656 5194 dispersi,
693 5137 748 5184 ut
776 5132 828 5185 in
869 5150 1027 5191 manu
1069 5141 1286 5198 artiﬁcis
1327 5145 1392 5200 ad
1419 5148 1702 5209 aediﬁcium
1737 5155 1843 5213 lor-

263 5225 566 5284 marentur;
590 5224 857 5290 quomodo
887 5230 1166 5301 colligendi
1190 5245 1332 5305 sunt,
1360 5242 1450 5312 qui
1475 5242 1542 5299 de
1566 5261 1724 5303 manu
1749 5265 1838 5306 ar-

263 5303 417 5364 tiﬁcis
445 5309 807 5382 inquietudine
849 5321 1192 5382 ceciderunt?
1231 5303 1524 5404 xEdificans
1551 5303 1837 5398 Jerusalem

260 5395 528 5460 Dominus.
554 5405 692 5466 Ecce
717 5426 873 5481 quem
902 5415 1200 5490 laudamus,
1229 5440 1352 5483 ecce
1377 5431 1463 5486 cui
1494 5433 1699 5492 laudem
1728 5450 1836 5495 tota

263 5490 370 5549 vita
408 5503 590 5553 nostra
622 5499 899 5561 debemus.
925 5499 1220 5580 Ediﬁcans
1243 5514 1528 5578 Jerusalem
1563 5524 1830 5599 Dominus,

260 5591 306 5640 st
332 5584 662 5658 dispersiones
689 5591 852 5651 Israel
882 5599 1140 5665 colligens.

328 5676 380 5732 Β.
424 5675 571 5751 [νει-ε.
612 5685 690 5758 3.]
728 5687 1004 5754 Quomodo
1033 5695 1275 5768 colligit?
1312 5701 1438 5773 quid
1466 5709 1593 5778 agit,
1635 5723 1694 5768 ut
1722 5716 1830 5771 col—

265 5763 424 5839 iﬁat?
459 5771 556 5838 Qui
578 5787 726 5834 sanat
750 5783 989 5840 contritas
1017 5763 1186 5844 corde:
1379 5763 1830 5866 quomodo—colh-

219 5879 225 5887 '
322 5881 342 5914 ί
365 5885 580 5938 Potiores
603 5895 709 5941 Ilss.
736 5892 826 5944 hoc
851 5901 904 5946 et
935 5899 1159 5960 proximo
1179 5900 1301 5969 loco,
1323 5907 1519 5976 colligit.

2021 757 2192 808 terere
2235 758 2367 812 cor?
2402 759 2595 819 Notum
2643 767 2730 834 sit,
2785 770 3117 845 charissimi;
3159 780 3270 850 ﬁat,
3311 794 3371 841 ut
3417 794 3592 848 sanari
3651 810 3658 812 '

2019 845 2249 909 possitis.
2284 849 2490 908 Dictum
2522 866 2602 910 est
2644 860 2787 920 enim
2831 865 3011 922 multis
3038 869 3156 930 aliis
3196 872 3592 946 Scripturarum

2019 929 2178 1001 locis;
2210 947 2264 992 et
2289 943 2519 1000 maxime
2554 947 2648 1004 illo
2673 949 2811 1019 loco,
2843 970 2975 1012 voce
3015 971 3194 1018 nostra
3219 967 3431 1036 quidam
3455 987 3585 1028 can-

2016 1030 2152 1096 tans,
2183 1028 2408 1101 diccbat,
2447 1035 2699 1104 Quoniam
2726 1046 2769 1098 si
2797 1048 3035 1106 uoluisses
3060 1028 3385 1129 sacrificium,
3415 1063 3588 1122 dedis-

2010 1132 2116 1170 sem
2141 1121 2312 1191 utique
2331 1141 2350 1179 :
2379 1127 2489 1184 Deo
2515 1131 2744 1202 dicebat,
2779 1137 2839 1194 Si
2865 1141 3102 1200 voluisses
3128 1121 3455 1222 sacri/icium,
3493 1158 3584 1213 de-

2009 1209 2192 1265 dissem
2219 1215 2417 1285 utique;
2442 1222 2748 1285 holocaustis
2767 1243 2934 1288 autem
2954 1253 3055 1292 non
3079 1239 3422 1301 delectaberis.
3445 1248 3582 1317 Quid

2008 1304 2175 1371 ergo?
2218 1305 2343 1362 Sine
2381 1315 2622 1374 sacriﬁcii
2665 1321 2935 1382 oblatione
2976 1335 3412 1398 remanebimusi

2005 1393 2132 1461 quid
2164 1404 2215 1451 te
2239 1399 2368 1456 velit
2393 1403 2603 1460 offerre.
2629 1411 2897 1482 Sequitur,
2925 1427 2980 1475 et
3002 1420 3162 1479 dicit:
3191 1443 3211 1477 ι

2005 1483 2116 1540 Deo
2148 1490 2366 1558 spiritus
2403 1499 2820 1572 contribulatus;
2858 1523 2952 1564 cor
2980 1515 3262 1572 contritum
3301 1529 3356 1575 et
3398 1521 3578 1579 humi-

2002 1572 2185 1632 liatum
2211 1581 2350 1638 Deus
2371 1599 2474 1639 non
2503 1601 2718 1662 spernet
2742 1612 2760 1644 ι
2793 1595 2962 1666 (Psal.
2987 1619 3039 1670 ι.⁹
3069 1606 3156 1673 18,
3186 1572 3569 1680 mﬂsﬁi}

2001 1680 2128 1737 ergo
2177 1688 2195 1722 ι
2224 1677 2479 1732 contritos
2520 1683 2724 1738 corde:
2761 1706 2781 1740 ι
2825 1693 2945 1758 quia
2998 1696 3104 1754 illis
3149 1677 3467 1775 propinquat
3515 1717 3576 1764 ut

1998 1769 2188 1826 sanet;
2216 1762 2352 1817 sicut
2391 1766 2584 1825 dicitur
2623 1775 2731 1829 alio
2772 1778 2911 1846 loco,
2942 1799 2962 1834 ί
2996 1762 3168 1856 Prope
3206 1762 3289 1846 est
3319 1762 3576 1854 Dominus

1996 1843 2080 1902 his
2107 1849 2197 1918 qui
2226 1851 2560 1915 obtriverunt
2586 1877 2681 1918 cur
2707 1883 2727 1917 ι
2767 1843 2937 1938 (Psal.
2975 1843 3169 1942 xxxiii,

1995 1939 2254 1997 triverunt
2303 1949 2429 2000 cor?
2473 1949 2730 2009 liumiles.
2775 1958 2874 2026 Qui
2917 1978 3024 2019 non
3067 1939 3395 2029 obtriverunt
3437 1979 3571 2033 cor?

1993 2028 2238 2102 Superbi.
2285 2037 2582 2100 Contritum
2625 2052 2914 2122 sanabitur,
2961 2059 3193 2118 elidatur
3229 2028 3566 2130 elatumfhd

1991 2120 2091 2178 hoc
2113 2127 2255 2182 enim
2277 2128 2412 2188 forte
2432 2135 2666 2206 eliditur,
2696 2151 2751 2196 ut
2774 2120 3057 2204 contritum
3085 2163 3318 2212 sanetur.
3340 2158 3419 2215 Ne
3444 2163 3571 2220 velit

1987 2228 2136 2286 ergo,
2158 2219 2366 2288 Iratres,
2385 2239 2479 2281 cor
2504 2241 2745 2288 nostrum
2775 2251 2893 2294 esse
2911 2251 3169 2310 erectum,
3193 2257 3474 2321 antequam
3497 2256 3569 2312 sit

1986 2315 2188 2363 rectum
2209 2311 2226 2342 ¹
2253 2328 2267 2365 :
2295 2316 2432 2371 male
2471 2322 2710 2390 erigitur,
2740 2329 2881 2396 quod
2910 2346 3014 2386 non
3045 2336 3216 2403 primo
3256 2344 3562 2413 corrigitur.

2055 2399 2108 2454 6.
2154 2400 2253 2466 Qui
2287 2417 2435 2463 sanat
2471 2416 2710 2471 contritas
2737 2422 2908 2488 corde,
2949 2433 2995 2478 et
3038 2399 3217 2498 alligat
3241 2399 3566 2492 contriiiones

1984 2505 2175 2546 eorum.
2205 2494 2389 2564 Sanat,
2420 2501 2608 2573 inquit,
2633 2511 2874 2566 contritas
2897 2515 3048 2571 corde
3079 2533 3100 2572 :
3129 2494 3282 2576 sanat
3308 2539 3436 2596 ergo
3463 2527 3562 2583 hu-

1981 2583 2210 2641 miliatos
2237 2591 2417 2659 corde,
2455 2607 2607 2654 sanat
2633 2604 2970 2675 conﬁtentes,
3021 2621 3175 2668 sanat
3211 2583 3416 2686 seipsos
3456 2636 3557 2690 pu-

1979 2675 2207 2745 nientes,
2239 2679 2290 2734 in
2329 2697 2388 2738 se
2414 2699 2658 2745 severum
2697 2693 2952 2762 judicium
2984 2675 3311 2774 exercentes;
3342 2719 3401 2765 ut

1978 2767 2085 2822 sint
2107 2783 2226 2826 esse
2246 2772 2386 2830 illius
2405 2779 2824 2841 misericordiam
2849 2792 3158 2852 sentientes.
3188 2798 3347 2857 Tales
3365 2815 3552 2873 sanat;

1977 2857 2072 2912 sed
2103 2862 2333 2928 perfecta
2363 2881 2549 2926 eorum
2578 2875 2778 2932 sanitas
2801 2886 3065 2942 transacta
3091 2891 3413 2950 mortalitate
3438 2857 3550 2961 ﬁet:

1973 2951 2186 3018 quando
2225 2960 2578 3028 corruptibile
2606 2966 2707 3021 hoc
2736 2967 2967 3028 induerit
2994 2975 3465 3052 incorruptionem,

1973 3042 2197 3098 mortale
2221 3045 2321 3102 hoc
2351 3049 2581 3108 induerit
2621 3056 3072 3121 immortalitatem
3109 3069 3150 3140 (Ι
3178 3042 3294 3124 Cor.
3339 3091 3426 3141 xv,
3453 3042 3547 3146 ἐξ»,

1972 3129 2094 3199 si);
2124 3137 2334 3202 quando
2361 3141 2491 3196 nihil
2520 3146 2622 3200 erit
2662 3151 2802 3218 quod
2829 3166 2895 3207 ex
2924 3158 3099 3212 carnis
3115 3129 3250 3217 ‘labe
3276 3129 3544 3238 sollicitet:

1971 3233 2076 3275 non
2108 3225 2282 3280 solum
2325 3230 2454 3284 nihil
2499 3235 2584 3288 cui
2629 3243 3044 3313 consentiamus,
3087 3249 3183 3304 sed
3229 3253 3360 3310 nihil
3403 3225 3545 3327 quod

1968 3325 2278 3385 suggeratur
2330 3336 2394 3374 ex
2443 3338 2624 3382 carne.
2682 3329 2888 3388 Etenim
2939 3339 3119 3408 modo,
3173 3342 3370 3402 fratres
3412 3325 3543 3418 mei,

1967 3414 2176 3474 quanta:
2203 3408 2396 3466 illicitis
2415 3413 2796 3476 delectationes
2819 3425 3052 3483 animum
3077 3438 3296 3504 tangunt
3315 3437 3329 3492 ι
3355 3408 3543 3506 Quam:

1965 3495 2045 3549 vis
2073 3496 2151 3551 eis
2177 3513 2282 3554 non
2310 3506 2726 3577 consentiamus,
2762 3521 2817 3566 ut
2846 3517 3085 3574 membra
3116 3495 3295 3580 nostra
3321 3495 3539 3598 junititiaa

1964 3589 2217 3655 serviant,
2237 3607 2344 3648 non
2358 3596 2642 3668 iniquitati;
2661 3610 2836 3660 tamen
2851 3609 2934 3664 vel
2945 3609 3194 3670 delectari
3211 3589 3422 3689 talibus,
3436 3629 3537 3680 etsi

1961 3693 2066 3735 non
2100 3687 2390 3753 censentis,
2431 3692 2667 3748 nondum
2691 3705 2773 3751 est
2791 3699 3021 3766 perfecta
3050 3707 3268 3763 sanitas.
3297 3687 3541 3772 Sanabe-

1960 3769 2034 3823 ris
2063 3786 2211 3841 ergo,
2259 3777 2422 3833 corde
2461 3783 2692 3840 contrito
2720 3788 3011 3847 sanaberis.
3041 3793 3156 3850 Noli
3196 3800 3534 3872 erubescere,

1958 3872 2174 3920 contere
2197 3881 2330 3935 cor;
2359 3871 2492 3927 tales
2520 3886 2672 3932 sanat
2696 3878 2856 3936 Deus.
2889 3884 2994 3938 Sed
3017 3888 3138 3956 quid
3155 3903 3272 3960 ago,
3303 3871 3532 3964 inquies,

1957 3954 2155 4010 modo?
2189 3977 2209 4010 ι
2247 3958 2602 4021 Condelector
2642 3970 2783 4025 enim
2815 3972 2916 4043 legi
2946 3954 3045 4030 Dei
3079 3954 3534 4045 secundum-inte;

1955 4046 2147 4102 riorem
2180 4050 2483 4123 hominem;
2515 4059 2671 4116 video
2695 4073 2871 4120 autem
2899 4067 3054 4124 aliam
3084 4072 3252 4143 legem
3282 4078 3332 4132 in
3363 4095 3533 4136 mem-

1955 4136 2066 4194 bris
2083 4143 2236 4208 meis,
2263 4159 2646 4219 repugnantem
2673 4154 2773 4226 legi
2791 4160 2984 4214 mentis
3010 4178 3161 4230 mem,
3189 4177 3243 4222 et
3262 4173 3528 4239 captivum

1952 4247 2039 4289 me
2081 4235 2359 4294 ducentem
2391 4241 2443 4295 in
2486 4244 2600 4316 lege
2629 4251 2850 4317 peccati.
2890 4271 2908 4304 ι
2942 4254 3078 4323 Quid
3121 4260 3272 4328 agis?
3298 4261 3528 4324 Contere

1950 4339 2064 4393 cor,
2091 4330 2375 4400 conﬁtere;
2407 4349 2523 4407 age,
2552 4338 2640 4395 dic
2669 4347 2941 4413 sequentia
2967 4365 2980 4401 :
3009 4348 3202 4419 Infelix
3238 4372 3330 4428 ego
3355 4360 3522 4429 homo,

1951 4417 2059 4487 quis
2096 4435 2176 4475 me
2198 4422 2425 4480 liberabit
2449 4428 2512 4483 de
2559 4447 2770 4501 corpore
2809 4439 2982 4493 mortis
3010 4417 3201 4513 hujus?
3237 4417 3349 4503 [ioc
3380 4417 3527 4514 enim

1949 4507 2146 4576 dicere,
2181 4512 2373 4585 Infelix
2405 4519 2573 4585 homo,
2600 4522 2710 4592 jam
2738 4540 2832 4581 cor
2858 4539 3135 4588 conterere
3155 4547 3254 4592 est.
3288 4539 3381 4595 ille
3406 4558 3538 4632 spe-ﬂ

1949 4608 2024 4632 sum
2059 4601 2359 4632 (nunt-nam-
2417 4612 2498 4632 ---ε
2532 4614 2683 4632 --ηιμ
2728 4625 2739 4632 .
2839 4619 2849 4632 ι
2899 4620 2921 4632 -
2949 4622 2982 4632 ..
3022 4625 3032 4632 .
3255 4631 3269 4632 γ

1947 4608 2029 4654 ret
2058 4601 2382 4673 felicitatem,
2413 4612 2500 4679 qui
2526 4614 2810 4672 conﬁtetur
2838 4619 3221 4681 infelicitatem.
3254 4631 3344 4686 Dic
3373 4601 3524 4705 ergo,

1946 4689 2141 4760 Infelix
2169 4712 2258 4767 ego
2299 4699 2465 4769 homo,
2501 4707 2612 4774 quis
2647 4723 2725 4763 me
2751 4710 2976 4768 liberabit
3004 4717 3068 4771 de
3111 4738 3322 4792 corpore
3350 4689 3527 4783 morti;

1949 4783 2139 4855 hujus;
2182 4798 2241 4842 ut
2277 4796 2661 4861 respondeatur
2701 4801 2814 4866 tibi,
2868 4805 3044 4862 Gratia
3072 4783 3319 4883 Dei,'per
3345 4816 3525 4872 Jesnm

1947 4871 2200 4931 Christum
2225 4879 2500 4939 Dominum
2543 4899 2770 4946 nostrum
2797 4894 2970 4964 (Rom.
3005 4913 3099 4965 vn,
3131 4871 3339 4973 2:235).
3373 4908 3520 4975 Quo-

1944 4968 2102 5020 modo
2122 4979 2294 5026 autem
2331 4973 2574 5034 liberabit
2604 4982 2714 5051 ipsa
2754 4989 2920 5056 gratia
2963 4991 3072 5055 Dei,
3107 4994 3247 5050 unde
3272 5012 3413 5054 nunc
3441 5001 3522 5071 pi-

1941 5069 2076 5126 gnus
2115 5064 2458 5133 accepimus?
2487 5070 2621 5127 Audi
2665 5078 2910 5132 eumdem
2947 5081 3258 5152 Apostolum
3289 5107 3302 5144 :
3333 5110 3352 5143 ι
3381 5064 3519 5149 Gor-

1945 5161 2042 5216 pus
2070 5152 2304 5222 quidem,
2339 5174 2358 5208 ι
2390 5158 2577 5229 inquit,
2615 5181 2634 5215 t
2670 5177 2934 5224 mortuum
2979 5183 3059 5228 est
3089 5187 3306 5247 propter
3327 5199 3515 5252 pecca-

1942 5246 2088 5306 tum;
2139 5246 2354 5313 spiritus
2399 5260 2574 5308 autem
2620 5255 2723 5310 vita
2770 5267 2852 5313 est
2903 5273 3116 5332 propter
3135 5246 3414 5337 justitiam.
3459 5277 3516 5333 SI

1940 5341 2068 5401 ergo
2098 5333 2324 5403 Spiritus
2364 5343 2477 5408 ejus
2507 5345 2593 5414 qui
2627 5349 2900 5406 suscitavit
2937 5333 3419 5419 Iesum-Christum
3450 5385 3517 5424 ex

1940 5425 2183 5491 mortuis,
2219 5427 2419 5486 habitat
2449 5433 2500 5486 in
2534 5436 2716 5505 vobis;
2744 5443 2833 5511 qui
2859 5449 3134 5504 suscitavit
3161 5451 3341 5509 Jesnm
3369 5456 3519 5514 Chri-

1937 5521 2075 5568 stum
2107 5531 2134 5570 a
2167 5521 2410 5587 mortuis,
2446 5523 2730 5583 viviﬁcahit
2773 5540 2828 5586 et
2868 5539 3112 5594 mortalia
3156 5556 3382 5613 corpora
3419 5564 3514 5604 ve-

1939 5612 2082 5672 5tra,
2136 5621 2232 5677 per
2283 5611 2663 5673 inhabitantem
2717 5620 2971 5690 Spiritum
3038 5631 3154 5700 ejus
3205 5611 3451 5694 invehis
3487 5660 3509 5694 ι

1941 5697 2049 5770 (Id.
2086 5716 2200 5768 vni,
2232 5703 2317 5770 10,
2350 5707 2461 5777 il).
2507 5709 2620 5766 lloc
2657 5729 2785 5785 ergo
2818 5718 3010 5790 pignus
3054 5697 3257 5797 accepit
3296 5732 3516 5800 spiritus

1934 5801 2135 5860 noster,
2175 5801 2230 5848 ut
2254 5796 2570 5868 incipiamus
2595 5802 2700 5861 ﬁde
2736 5810 2937 5868 servire
2963 5813 3093 5884 Deo,
3119 5796 3262 5875 etex
3288 5796 3394 5878 Ide
3420 5837 3516 5898 ap«

2004 5935 2018 5962 ι
2048 5930 2232 5994 Aliquot
2254 5941 2381 5998 Mss.,
2399 5947 2681 5993 correctum.
