4038 6528
556 508 693 567 1905

552 621 739 691 pellari
762 604 887 688 justi
917 633 931 669 :
957 614 1201 684 quoniam
1232 613 1395 683 iustus
1409 628 1471 667 ex
1497 613 1595 667 ﬁde
1614 614 1736 666 vivit
1754 612 1977 681 (Ram.t,
1995 613 2104 681 l7).

548 708 810 778 Quidquid
840 714 1012 760 autem
1044 705 1196 759 nobis
1225 704 1393 758 adhuc
1422 713 1674 774 repugnat
1708 714 1762 758 et
1796 704 2013 769 resistit,
2042 703 2109 757 de

547 800 871 856 mortalitate
910 797 1083 852 carnis
1129 805 1245 861 est;
1284 804 1338 850 et
1373 795 1473 850 hoc
1501 795 1786 848 sanabitur.
1827 793 2105 861 Viviﬁcabit

546 891 708 955 enim,
740 889 925 957 inquit,
970 897 1016 940 et
1058 886 1292 940 mortalia
1330 902 1541 955 corpora
1562 895 1742 950 vestra,
1784 901 1870 953 per
1910 883 2107 937 inhabi-

544 988 733 1035 tantem
756 977 1003 1047 Spiritum
1022 978 1129 1046 ejus
1156 978 1209 1029 in
1240 976 1394 1029 vobis.
1417 974 1495 1028 Ad
1520 975 1620 1028 hoc
1637 974 1822 1042 pignus
1852 972 2015 1037 dedit,
2048 978 2105 1026 ut

543 1069 808 1136 compleat
833 1066 973 1137 quod
1004 1066 1265 1137 promisit.
1288 1065 1421 1133 Quid
1449 1080 1575 1134 ergo
1604 1079 1742 1119 nunc
1770 1064 1821 1118 in
1851 1064 1948 1118 hac
1974 1064 2102 1131 vita,

541 1159 752 1231 quando
776 1159 947 1213 adhuc
984 1157 1313 1213 confessores
1348 1172 1549 1221 sumus,
1573 1158 1807 1211 nondum
1834 1170 2107 1225 possesso-

540 1266 649 1316 res,
678 1250 801 1319 quid
828 1251 879 1304 in
902 1250 999 1303 hac
1016 1249 1145 1314 vita,
1167 1247 1289 1317 quid
1314 1247 1440 1302 ﬁet?
1465 1246 1739 1314 Quomodo
1761 1246 2028 1301 curabitur
2051 1246 2104 1299 ’ἲ

542 1343 707 1397 Sanat
735 1342 971 1395 contritas
1000 1339 1186 1404 corde';
1215 1338 1307 1393 sed
1336 1336 1565 1407 perfecta
1604 1337 1800 1392 sanitas
1829 1345 1955 1391 tunc
1978 1336 2100 1402 erit,

541 1431 753 1502 quando
779 1431 1025 1484 diximus.
1052 1428 1198 1483 Nunc
1226 1442 1351 1498 ergo
1379 1427 1540 1496 quid?
1565 1426 1755 1497 Alligat
1779 1426 2096 1480 contritiones

540 1537 732 1574 eorum.
767 1519 863 1586 Qui
895 1527 1064 1583 curat,
1110 1518 1297 1587 inquit,
1352 1517 1607 1571 contritos
1656 1516 1835 1581 corde,
1876 1528 2101 1585 quorum

536 1612 769 1682 perfecta
801 1611 996 1665 sanitas
1020 1611 1074 1664 in
1113 1610 1503 1665 resurrectione
1526 1608 1790 1679 justorum
1817 1607 1955 1673 erit;
1982 1606 2100 1661 alli-

536 1714 626 1774 gat
655 1704 810 1758 modo
838 1702 1182 1759 contritiones
1209 1717 1417 1756 eorum.

606 1797 658 1849 7.
683 1795 811 1863 Quae
840 1802 962 1848 sunt
988 1794 1317 1863 alligamenta
1347 1792 1766 1847 contritionum?
1804 1790 2087 1848 Sicutme-

535 1885 636 1939 dici
669 1886 881 1953 alligant
908 1884 1183 1939 fracturas.
1226 1882 1519 1952 Aliquando
1538 1883 1713 1947 enim;
1747 1882 2003 1953 intelligat
2030 1889 2083 1937 et

534 1975 639 2031 hoc
658 1974 901 2029 Charitas
926 1983 1097 2029 vestra
1118 2018 1131 2040 ,
1162 1983 1216 2029 et
1241 1982 1420 2027 notum
1446 1983 1526 2028 est
1548 1975 1624 2029 eis
1644 1974 1733 2044 qui
1758 1975 2094 2029 animadver-

539 2074 736 2129 terunt,
766 2065 847 2120 vel
874 2081 903 2118 a
934 2064 1149 2119 medicis
1173 2064 1452 2119 audierunt
1484 2081 1496 2115 :
1523 2064 1805 2133 aliquando
1846 2078 2005 2133 prave
2041 2070 2096 2120 et

531 2156 754 2210 distorte
780 2156 1004 2221 ﬁrmata,
1028 2164 1085 2209 ut
1108 2156 1373 2225 corrigant
1399 2154 1610 2219 medici,
1638 2154 1902 2225 frangunt,
1931 2163 1985 2209 et
2017 2153 2095 2208 fa-

530 2248 676 2304 ciunt
701 2247 889 2301 vulnus
907 2260 1119 2312 novum,
1142 2246 1263 2315 quia
1289 2245 1425 2299 mala
1446 2253 1557 2300 erat
1577 2246 1773 2299 sanitas
1802 2259 1981 2314 prava.
2004 2244 2094 2300 Sic

530 2354 657 2409 ergo
700 2347 848 2392 recta:
886 2346 1021 2403 sunt,
1068 2336 1236 2406 inquit
1279 2336 1567 2404 Scriptura,
1598 2337 1691 2388 uia:
1735 2334 1973 2401 Domini;
2005 2335 2093 2389 sed

530 2430 873 2501 praricordius
918 2431 971 2483 in
1019 2429 1121 2482 illis
1161 2427 1581 2482 scandalizabitur
1614 2426 1785 2496 (Osete
1810 2442 1895 2481 xw
1917 2468 1931 2490 ,
1962 2426 2091 2497 10).

528 2520 661 2588 Quid
694 2528 791 2581 est,
823 2518 1205 2589 pravicardius?
1229 2516 1608 2581 Torticordius,
1636 2524 1830 2570 tortum
1874 2530 1967 2571 cor
1990 2515 2091 2570 ba-

526 2611 677 2665 bens.
726 2610 878 2664 Putat
920 2617 1054 2663 torta
1089 2623 1207 2663 esse
1250 2606 1427 2662 omnia
1471 2622 1588 2676 quae
1614 2607 1859 2661 dicuntur
1885 2621 1916 2661 a
1956 2606 2088 2673 Deo,

527 2709 675 2770 putat
699 2715 854 2770 prava
875 2713 992 2754 esse
1018 2699 1193 2754 omnia
1216 2714 1334 2768 qua:
1375 2698 1495 2752 fecit
1527 2698 1688 2763 Deus,
1718 2706 1772 2753 et
1813 2697 2091 2766 displicent

525 2791 603 2845 illi
629 2791 806 2844 omnia
828 2790 1023 2859 judicia
1047 2789 1162 2853 Dei,
1190 2789 1518 2858 maximeque
1539 2788 1591 2841 in
1614 2789 1803 2858 quibus
1834 2789 1945 2857 ipse
1966 2801 2090 2843 cor-

524 2882 744 2950 ripitur;
769 2889 821 2935 et
846 2880 1014 2950 sedet,
1045 2888 1099 2933 et
1118 2879 1350 2948 disputat
1371 2893 1527 2948 quam
1552 2878 1690 2933 male
1719 2878 1875 2932 faciat
1920 2878 2082 2942 Deus,

523 2971 644 3039 quia
671 2986 773 3024 non
802 2986 895 3040 pro
920 2970 1034 3040 ejus
1058 2969 1325 3024 voluntate
1349 2969 1487 3023 facit.
1517 2969 1804 3023 Distortum
1834 2982 1926 3023 cor
1949 3008 1964 3033 ,
1996 2982 2089 3037 pa-

526 3074 643 3113 rum
668 3061 791 3113 est'
834 3058 970 3129 quod
1017 3073 1123 3114 non
1166 3073 1225 3113 se
1248 3058 1460 3127 corrigit
1497 3056 1564 3111 ad
1595 3057 1756 3111 Deum
1783 3072 1799 3121 ;
1823 3066 1876 3112 et
1918 3056 2085 3111 Deum

522 3149 631 3202 vult
657 3148 987 3219 distorquere
1011 3149 1078 3203 ad
1101 3164 1179 3204 se.
1201 3148 1335 3215 Quid
1362 3161 1487 3217 ergo
1506 3146 1633 3201 dicit
1653 3147 1789 3202 Deus
1817 3147 2085 3216 desuper?

519 3239 713 3293 Tortus
748 3255 826 3307 es,
869 3256 1050 3309 tequus
1085 3255 1222 3296 sum.
1268 3239 1324 3295 Si
1353 3248 1409 3293 tu
1438 3248 1615 3294 rectus
1644 3253 1807 3304 esses,
1855 3238 2083 3293 sentires

519 3330 819 3400 aequitatem
863 3346 1056 3386 meam.
1125 3329 1574 3397 Quemadmodum
1615 3330 1660 3383 si
1690 3330 1742 3383 in
1785 3329 2083 3398 pavimento

518 3422 707 3491 aequali
738 3436 965 3491 poneres
997 3420 1274 3476 distortum
1306 3421 1525 3491 lignum,
1567 3435 1670 3475 non
1708 3420 2078 3485 collocaretur,

518 3514 747 3582 undique
776 3524 1002 3578 nutaret,
1038 3513 1267 3582 undique
1312 3514 1638 3583 agitaretur;
1669 3512 1810 3583 quod
1840 3529 1943 3568 non
1975 3514 2078 3568 loci

516 3603 862 3671 inaequalitas,
904 3603 996 3657 sed
1024 3603 1264 3656 distortio
1290 3602 1416 3671 ligni
1462 3602 1621 3657 facit:
1649 3603 1784 3657 sicut
1818 3604 1892 3656 ait
1934 3604 2079 3658 Scri-

516 3702 689 3763 ptura,
744 3694 906 3757 Quam
941 3694 1097 3747 bonus
1138 3692 1301 3745 Israel
1335 3690 1473 3747 Deus
1512 3693 1657 3747 rectis
1701 3692 1852 3748 corde
1900 3694 2077 3766 (Psal.

514 3788 688 3851 Lxxn,
712 3786 737 3838 1
766 3784 781 3853 )
808 3788 821 3838 l
855 3784 987 3850 Quid
1018 3784 1187 3854 ergo?
1230 3792 1425 3838 tortum
1468 3797 1561 3838 cor
1605 3783 1869 3853 quomodo
1894 3784 2076 3854 dirigi-

514 3874 642 3929 tur?
669 3874 733 3927 Et
770 3881 960 3927 tortum
1003 3881 1084 3927 est
1103 3914 1117 3938 ,
1158 3881 1211 3927 et
1239 3872 1426 3927 durum
1457 3891 1469 3925 :
1498 3873 1609 3941 jam
1651 3888 1777 3943 ergo
1807 3881 1999 3927 tortum
2024 3881 2080 3929 et

514 3964 704 4017 durum
732 3964 1025 4033 frangatur,
1052 3972 1374 4025 conteratur,
1418 3972 1476 4016 ut
1505 3963 1780 4032 dirigatur.
1821 3964 1899 4017 Tu
1945 3964 2073 4018 diri-

512 4070 638 4124 gere
681 4069 773 4108 cor
812 4064 957 4108 tuum
986 4068 1090 4108 non
1136 4061 1333 4123 potes:
1376 4061 1431 4107 tu
1477 4054 1676 4123 frange,
1728 4054 1814 4108 ille
1866 4054 2072 4123 dirigat.

512 4146 787 4213 Quomodo
814 4155 865 4200 tu
910 4146 1147 4215 frangis?
1177 4144 1441 4215 quomodo
1479 4154 1533 4199 tu
1574 4146 1841 4200 conteris?
1896 4145 2076 4199 Conﬁ-

516 4236 697 4301 tendo,
717 4236 982 4304 puniendo
1003 4244 1215 4304 peccata
1238 4245 1345 4289 tua.
1375 4235 1509 4300 Quid
1532 4236 1674 4289 aliud
1702 4234 1961 4305 signiﬁcat
1984 4251 2074 4304 pec

513 4335 717 4381 ctorum
752 4328 970 4382 tunsio?
998 4327 1107 4381 Nisi
1136 4326 1269 4381 forte
1299 4335 1539 4395 putamus
1559 4325 2073 4395 ossanostraaliquid

511 4433 781 4488 peccasse,
812 4433 932 4481 cum
955 4417 1206 4472 caedimus
1232 4425 1434 4485 pectus.
1466 4415 1570 4471 Sed
1599 4416 1952 4486 signiﬁcamus
1977 4428 2074 4470 nos
2124 4464 2127 4465 ν

510 4522 603 4563 cor
631 4518 923 4569 conterere,
948 4516 1007 4561 ut
1030 4522 1059 4560 a
1090 4508 1315 4561 Domino
1343 4507 1614 4575 dirigatur.

585 4600 640 4653 8.
670 4598 831 4651 Sanat
852 4613 979 4665 ergo
1005 4599 1239 4650 contritas
1266 4598 1433 4660 corde,
1465 4606 1518 4650 et
1543 4596 1825 4650 contritum
1856 4610 1948 4650 cor
1975 4596 2073 4650 ha-

511 4686 698 4745 bentes
724 4707 736 4753 ;
767 4697 819 4743 et
866 4688 1062 4741 sanitas
1106 4686 1268 4755 ipsius
1307 4684 1482 4740 cordis
1514 4694 1638 4739 tunc
1680 4686 1782 4739 erit
1816 4683 2072 4753 perfecta,

511 4797 631 4839 cum
663 4790 715 4836 et
737 4780 971 4849 corporis
1015 4777 1278 4846 reparatio
1308 4774 1612 4844 implebitur
1656 4790 1774 4845 qua:
1818 4775 2076 4845 promissa

513 4882 615 4928 cst.
646 4872 795 4925 Nunc
824 4870 1027 4924 interea
1067 4867 1191 4937 quid
1216 4866 1338 4921 facit
1362 4866 1629 4919 medicus?
1664 4865 1852 4935 Alligat
1876 4866 2076 4920 contri-

511 4965 683 5017 tiones
711 4970 849 5027 tuas,
877 4967 936 5014 ut
959 4958 1131 5029 possis
1147 4956 1421 5026 pervenire
1441 4956 1505 5009 ad
1532 4956 1891 5025 plenissimam
1913 4955 2078 5009 ﬁrmi-

508 5062 672 5108 tatem
712 5052 733 5083 ³
762 5094 777 5119 ,
822 5050 991 5106 donec
1011 5048 1368 5104 consolidetur
1394 5046 1532 5116 quod
1559 5046 1783 5102 fractum
1808 5055 1908 5112 est,
1936 5046 2077 5116 quod

510 5146 777 5215 alligatum
804 5151 903 5198 est.
930 5142 1059 5210 Quae
1087 5150 1209 5195 sunt
1238 5142 1336 5194 ista
1366 5139 1742 5209 alligamenta?
1784 5139 2074 5209 Tempora-

508 5236 578 5290 lia
623 5235 985 5290 Sacramenta.
1032 5232 1381 5301 Alligamenta
1428 5229 1756 5284 medieinalia
1787 5236 1909 5283 sunt
1948 5243 2077 5283 con-

503 5325 737 5381 tritionis
757 5333 981 5391 nostrae,
1006 5322 1345 5378 Sacramenta
1370 5322 1579 5375 interim
1605 5321 1929 5389 temporalia,
1961 5320 2076 5391 qui-

506 5418 606 5475 bus
630 5408 886 5471 habemus
914 5414 1323 5469 consolationem
1365 5432 1376 5466 :
1419 5424 1472 5467 et
1502 5415 1599 5468 ista
1628 5412 1804 5466 omnia
1843 5428 1961 5480 quzc
1998 5412 2075 5466 lo-

508 5508 719 5576 quimur
743 5506 911 5571 vobis,
936 5506 1043 5574 ipsa
1065 5520 1182 5575 quae
1206 5512 1398 5558 sonant
1417 5512 1470 5558 et
1500 5510 1790 5567 transeunt,
1817 5501 2071 5572 quidquid

507 5597 565 5651 in
585 5598 816 5655 Ecclesia
836 5597 1037 5668 geritur
1057 5596 1433 5665 temporaliter,
1451 5596 1782 5666 alligamenta
1800 5602 1923 5650 sunt
1946 5609 2074 5649 con-

571 5734 590 5764 ί
612 5739 712 5779 Am.
742 5739 793 5781 et
808 5731 1027 5795 plerique
1042 5738 1167 5795 Mss,
1192 5731 1463 5782 durabitur.

569 5795 592 5824 ³
625 5795 697 5841 Slc
718 5790 824 5840 Mss}
849 5800 903 5842 At
1092 5793 1356 5846 Distortum
1379 5808 1480 5857 cor,
1509 5805 1709 5857 pravum
1731 5805 1806 5845 cor
1833 5799 1923 5855 est,
1946 5790 2074 5857 quod

502 5868 598 5907 nan
618 5867 685 5913 se,
715 5860 809 5902 ctc.

569 5918 591 5949 ⁸
610 5915 938 5989 Laudunensis
956 5921 1059 5978 Ms,
1076 5917 1339 5970 salutatam

1771 500 1827 558 S.
1869 496 2227 557 AUGUSTINI
2264 496 2562 561 EPISCOPI

3639 506 3764 567 1901

2217 616 2509 672 tritionum.
2556 616 3004 684 Quemadmodum
3060 618 3200 673 enim
3248 618 3486 675 medicus
3537 621 3764 691 perfecta

2213 705 2435 761 sanitate
2462 707 2690 761 detrahit
2734 708 3008 777 ligaturam
3035 726 3049 773 ;
3079 710 3154 764 sic
3182 710 3235 763 in
3266 710 3352 764 illa
3379 710 3591 766 civitate
3614 711 3763 767 Jeru-

2212 796 2396 863 salem,
2424 812 2541 852 cum
2568 799 2795 867 mquales
2817 801 3030 870 Angelis
3056 801 3175 855 facti
3200 800 3477 869 fuerimus,
3509 804 3759 874 numquid

2212 888 2405 956 putatis
2430 888 2500 941 ibi
2521 898 2826 959 accepturos
2846 904 2943 944 nos
2964 905 3085 945 esse
3104 891 3243 961 quod
3269 890 3356 946 hic
3377 892 3674 962 accipimus
3705 893 3760 947 ‘1

2210 976 2315 1030 Aut
2343 977 2414 1031 ibi
2457 979 2783 1034 recitandum
2825 989 2906 1035 est
2938 980 3091 1036 nobis
3133 981 3497 1053 Evangelium,
3529 992 3587 1038 ut
3638 982 3763 1040 ﬁdei

2210 1077 2388 1121 nostra
2417 1071 2765 1138 permaneat?
2792 1080 2882 1125 aut
2906 1071 3230 1141 imponenda
3260 1080 3344 1128 est
3367 1088 3556 1129 manus
3576 1074 3647 1129 ab
3668 1074 3760 1128 ali-

2208 1170 2314 1226 quo
2338 1159 2617 1227 ιιι-ωροεὶιο
2636 1160 2660 1213 ?
2686 1160 2786 1215 Ista
2802 1162 2980 1216 omnia
3000 1161 3330 1233 alligamenta
3352 1162 3595 1219 fracturae
3609 1173 3761 1231 sunt;

2207 1245 2438 1315 perfecta
2463 1249 2687 1305 sanitate
2717 1249 3059 1306 detrahentur
3092 1269 3106 1306 :
3134 1251 3229 1307 sed
3254 1251 3326 1307 ad
3362 1267 3479 1308 eam
3506 1269 3611 1309 non
3640 1269 3762 1324 pero

2206 1337 2474 1393 veniretur
2498 1379 2515 1405 ,
2563 1340 2664 1394 nisi
2720 1341 3079 1411 alligarentur.
3137 1342 3302 1398 Sonat
3349 1358 3478 1415 ergo
3527 1348 3760 1400 contritas

2205 1428 2374 1495 corde,
2402 1437 2447 1483 et
2465 1430 2640 1501 alligat
2667 1433 2984 1488 contritiones
3005 1449 3204 1489 eorum.

2275 1517 2328 1571 9.
2361 1516 2507 1589 [rem
2535 1518 2612 1591 4.]
2637 1520 2736 1588 Qui
2753 1531 2978 1575 numerat
3002 1524 3369 1579 multitudinem
3394 1525 3691 1592 stellarum',
3721 1537 3761 1582 et

2204 1608 2432 1662 omnibus
2458 1610 2528 1663 eis
2548 1611 2749 1664 nomina
2771 1627 2967 1668 vocans.
3001 1613 3137 1681 Quid
3161 1629 3407 1686 magnum
3438 1615 3548 1672 Deo
3584 1632 3760 1673 nume.

2201 1709 2322 1752 rare
2342 1697 2726 1753 multitudinem
2750 1700 3061 1755 stellarum?
3081 1702 3193 1757 Hoc
3220 1712 3275 1758 et
3299 1703 3541 1760 homines
3589 1706 3758 1760 conati

2202 1796 2325 1842 sunt
2351 1804 2365 1840 :
2394 1788 2620 1844 viderint
2662 1798 2838 1845 utrum
2864 1790 3086 1861 implere
3113 1793 3419 1863 potuerint;
3446 1807 3553 1850 non
3587 1803 3757 1851 tamen

2201 1886 2537 1945 conarentur,
2570 1879 2669 1934 nisi
2707 1895 2767 1935 se
2802 1880 3112 1951 impleturus
3152 1896 3273 1938 esse
3315 1892 3609 1953 sperarent.
3661 1884 3759 1940 lllis

2200 1968 2525 2024 dimittamus
2541 1970 2667 2040 quid
2691 1970 2978 2040 potuerint,
3002 1980 3055 2027 et
3073 1986 3345 2041 quousque
3373 1975 3712 2042 pervenerint
3742 1992 3755 2029 :

2199 2061 2309 2117 Deo
2329 2072 2503 2117 autem
2531 2071 2657 2132 puto
2684 2077 2791 2117 non
2817 2078 2934 2119 esse
2970 2078 3216 2134 magnum
3253 2080 3534 2121 numerare
3574 2081 3756 2122 omnes

2199 2150 2397 2206 stellas.
2426 2153 2509 2206 An
2553 2151 2699 2207 forte‘
2716 2168 2989 2209 numerum
3009 2194 3024 2220 ,
3055 2168 3124 2210 ne
3151 2154 3525 2221 obliviscatur,
3576 2171 3757 2213 recen-

2198 2249 2281 2297 set
2303 2243 2326 2296 ?
2348 2242 2592 2313 Magnum
2622 2252 2703 2299 est
2739 2244 2937 2315 aliquid
2983 2245 3089 2300 Deo
3129 2246 3310 2301 stellas
3347 2262 3650 2312 numerare,
3673 2248 3754 2304 cui

2196 2332 2370 2401 capilli
2407 2333 2637 2402 capitum
2668 2334 2925 2389 numerati
2962 2342 3085 2389 sunt
3124 2333 3353 2406 (Matth.
3393 2351 3448 2402 ι,
3477 2336 3627 2405 '50)?
3652 2337 3760 2391 Ila-

2197 2422 2443 2479 nifestum
2469 2433 2552 2479 est
2578 2466 2593 2491 ,
2624 2424 2814 2480 fratres
2839 2465 2854 2492 ,
2878 2424 3072 2495 aliquid
3114 2425 3249 2480 velle
3278 2426 3444 2480 Deum
3474 2426 3760 2496 intelligere

2197 2530 2294 2570 nos
2320 2515 2372 2569 in
2400 2529 2464 2570 eo
2492 2516 2631 2586 quod
2660 2518 2734 2571 ait
2755 2558 2769 2581 ,
2803 2517 2903 2583 Qui
2929 2527 3157 2570 numerat
3194 2517 3560 2571 multitudinem
3586 2520 3759 2573 stella-

2193 2622 2325 2674 rum,
2353 2616 2399 2661 et
2419 2608 2644 2661 omnibus
2658 2608 2750 2675 eis,
2779 2608 2966 2677 inquit,
2989 2608 3192 2662 nomina
3209 2622 3409 2662 vacans.
3439 2607 3574 2663 Sunt
3598 2609 3758 2664 stella:

2194 2696 2432 2766 quaedam
2460 2697 2655 2751 lumina
2696 2697 2748 2751 in
2783 2696 3019 2752 Ecclesia
3060 2696 3385 2752 consolantia
3421 2706 3632 2753 noctem
3661 2712 3756 2751 no-

2194 2794 2379 2852 stram,
2429 2801 2614 2841 omnes
2645 2785 2712 2842 de
2751 2787 2939 2856 quibus
2979 2785 3105 2841 dicit
3130 2786 3457 2857 Apostolus:
3494 2787 3563 2840 In
3588 2787 3758 2855 quibus

2191 2878 2444 2947 apparatis
2463 2886 2696 2946 tanquam
2731 2877 3000 2930 luminaria
3024 2877 3076 2930 in
3098 2876 3307 2931 mundo.
3333 2875 3399 2930 In
3423 2877 3542 2942 ista,
3571 2876 3754 2946 inquit,

2191 2965 2394 3019 natione
2430 2974 2652 3019 tortuosa
2698 2976 2743 3021 et
2771 2981 3017 3034 perversa,
3062 2966 3116 3019 in
3157 2966 3335 3034 quibus
3357 2967 3613 3036 apparetis
3648 2976 3759 3020 tan-

2188 3068 2338 3122 quam
2365 3054 2635 3107 luminaria
2662 3055 2715 3108 in
2746 3054 2951 3120 mundo,
2977 3054 3180 3109 verbum
3214 3055 3328 3109 vita:
3353 3055 3585 3111 habentes
3613 3055 3759 3128 (Phi-

2188 3142 2316 3212 lipp.
2344 3158 2401 3210 ιι,
2436 3143 2523 3209 15,
2556 3142 2687 3215 16).
2718 3142 2862 3212 lpsas
2888 3144 3067 3199 stellas
3090 3144 3336 3200 nuinerat
3364 3145 3542 3212 Deus;
3576 3160 3760 3201 omnes

2186 3248 2364 3290 secum
2386 3242 2718 3305 regnaturos,
2745 3250 2932 3291 omnes
2958 3235 3315 3307 aggregandos
3339 3236 3548 3305 corpori
3569 3235 3759 3306 Unige-

2186 3328 2282 3383 niti
2304 3328 2384 3384 sui
2402 3337 2706 3383 numeratos
2720 3327 2894 3395 habet,
2923 3335 2976 3382 et
3003 3336 3370 3383 numerateos.
3395 3327 3495 3393 Qui
3516 3326 3758 3397 indignus

2183 3429 2287 3489 est,
2342 3435 2439 3476 nec
2466 3429 2795 3476 numeratur:
2824 3420 2891 3475 Et
2915 3420 3066 3474 multi
3104 3418 3464 3483 crediderunt,
3506 3418 3588 3472 vel
3617 3417 3757 3471 mul-

2184 3512 2223 3565 ti
2274 3525 2333 3566 se
2375 3511 2742 3581 qualicumque
2784 3510 3094 3566 adumbrata
3140 3510 3316 3579 specie
3360 3509 3515 3575 ﬁdei,
3564 3507 3755 3581 papula

2182 3602 2297 3671 ejus
2321 3603 2685 3672 applicuerunt
2709 3619 2724 3668 ;
2767 3602 2912 3656 novit
2942 3610 3118 3657 tamen
3146 3600 3236 3656 ille
3262 3600 3387 3670 quid
3415 3609 3681 3666 numeret,
3702 3607 3755 3653 et

2181 3694 2307 3764 quid
2335 3693 2567 3749 ventilet.
2596 3692 2727 3748 Nam
2768 3701 2911 3748 tanta
2942 3702 3023 3749 est
3063 3692 3318 3749 celsitudo
3360 3692 3652 3763 Evangelii,
3698 3698 3757 3746 ut

2182 3786 2332 3840 ﬁeret
2369 3784 2507 3853 quod
2550 3784 2748 3839 dictum
2789 3794 2913 3839 est:
2962 3784 3267 3838 Annuntidui
3308 3793 3356 3836 et
3400 3783 3595 3837 locutus
3623 3798 3754 3847 sum,

2180 3878 2498 3945 multiplicati
2534 3885 2649 3931 sunt
2691 3892 2842 3946 super
2892 3892 3154 3930 numerum
3196 3873 3380 3944 (Psal.
3436 3889 3626 3940 χχιιι,
3655 3872 3755 3942 6).

2179 3964 2314 4021 Sunt
2340 3982 2465 4036 ergo
2491 3967 2543 4020 in
2571 3967 2778 4036 populis
2799 3974 2854 4021 et
2872 3965 3318 4035 supernumerarii
3344 3963 3753 4034 quodammodo.

2179 4057 2314 4123 Quid
2370 4067 2483 4124 est,
2546 4055 3024 4126 supernumerarii?
3071 4055 3197 4109 Plus
3246 4069 3399 4124 quam
3455 4054 3526 4107 ibi
3592 4052 3755 4107 futuri

2179 4158 2320 4204 sunt.
2342 4150 2479 4203 Intra
2500 4150 2724 4218 parietes
2749 4150 2877 4203 istos
2902 4148 3077 4216 plures
3097 4153 3237 4212 sunt,
3259 4160 3414 4215 quam
3441 4144 3603 4199 futuri
3632 4154 3757 4199 sunt

2180 4241 2233 4296 in
2261 4256 2421 4311 regno
2449 4243 2581 4307 Dei,
2624 4244 2675 4296 in
2724 4242 2811 4295 illa
2834 4240 3126 4296 Jerusalem
3171 4238 3406 4301 coelesti;
3454 4238 3553 4306 ipsi
3596 4239 3755 4305 super

2179 4347 2456 4387 numerum
2496 4341 2637 4387 sunt.
2670 4331 3071 4385 Animadvertat
3097 4329 3318 4399 quisque
3361 4338 3535 4381 utrum
3581 4328 3756 4380 luceat

2180 4425 2508 4491 intenebris,
2559 4433 2732 4478 utrum
2787 4424 3057 4493 iniquitate
3093 4422 3275 4477 saaculi
3325 4420 3604 4475 tenebrosa
3646 4433 3752 4472 non

2180 4514 2493 4580 sedueatur;
2536 4516 2581 4566 si
2634 4528 2737 4566 non
2771 4512 2927 4568 fuerit
2972 4512 3220 4568 seductus
3269 4524 3367 4565 nec
3414 4510 3605 4577 victus,
3636 4516 3754 4561 tan-

2179 4620 2337 4673 quam
2378 4604 2525 4658 slclla
2554 4603 2653 4657 erit
2682 4619 2838 4673 quam
2872 4606 2981 4671 jam
3007 4609 3252 4656 numerat
3274 4602 3431 4655 Deus.
3760 4600 3767 4655 ξ

2253 4694 2338 4748 10.
2367 4692 2433 4746 Et
2455 4695 2699 4759 omnibus,
2729 4695 2934 4763 inquit,
2959 4694 3027 4747 eis
3076 4694 3282 4747 nomina
3307 4708 3487 4746 vocans
3516 4707 3535 4743 :
3568 4691 3639 4744 ibi
3669 4697 3755 4743 est

2181 4793 2347 4840 totum
2393 4785 2685 4854 praemium.
2734 4784 2998 4838 Habemus
3050 4786 3263 4839 nomina
3327 4782 3567 4853 quaedam
3612 4779 3754 4851 apud

2181 4878 2347 4933 Deum
2378 4895 2390 4930 :
2420 4887 2475 4932 ut
2515 4878 2720 4932 noverit
2751 4876 2889 4931 Deus
2915 4877 3128 4931 nomina
3172 4884 3385 4939 nostra,
3422 4875 3527 4929 hoc
3566 4884 3753 4944 optare

2181 4968 2453 5033 debemus,
2476 4967 2578 5023 hoc
2601 4982 2779 5037 agere,
2824 4968 2923 5021 hoc
2963 4975 3220 5036 satagere,
3269 4974 3523 5035 quantum
3564 4978 3756 5033 possu-

2180 5075 2319 5125 mus,
2357 5074 2463 5115 non
2491 5057 2558 5114 de
2582 5058 2699 5112 aliis
2725 5056 2881 5112 rebus
2906 5056 3133 5126 gaudere
3154 5098 3168 5123 ,
3197 5070 3296 5111 nec
3334 5054 3400 5109 de
3434 5053 3592 5108 donis
3634 5053 3756 5123 qui-

2180 5149 2400 5205 busdam
2431 5148 2807 5219 spiritualibus.
2833 5147 3021 5202 Videat
3054 5146 3295 5201 Charitas
3333 5154 3509 5200 vestra
3541 5163 3554 5199 :
3583 5143 3756 5198 multa

2180 5240 2317 5295 dona
2339 5249 2460 5295 sunt
2487 5240 2541 5293 in
2566 5238 2825 5303 Ecclesia,
2854 5238 2991 5293 sicut
3015 5237 3300 5306 Apostolus
3325 5235 3473 5301 dicit,
3504 5234 3606 5288 Atii
3631 5233 3753 5303 qui-

2181 5331 2293 5385 dem
2335 5348 2422 5401 per
2449 5329 2701 5399 Spiritum
2740 5330 2886 5382 datur
2931 5344 3091 5381 sermo
3132 5328 3409 5397 sapientia,
3453 5326 3542 5378 alii
3587 5338 3757 5378 sermo

2180 5420 2397 5474 scientia:
2425 5417 2693 5473 secundum
2726 5418 2953 5472 eumdem
2987 5416 3275 5487 Spiritum,
3312 5416 3402 5469 alii
3429 5415 3557 5484 fides
3582 5413 3637 5467 in
3664 5429 3756 5466 eo-

2181 5510 2293 5564 dem
2323 5510 2551 5578 Spiritu,
2581 5510 2671 5563 alii
2694 5509 2900 5563 donatia
2946 5508 3261 5562 curationum
3285 5549 3299 5574 ,
3328 5507 3420 5560 alii
3448 5505 3758 5577 dijudic‘atio

2179 5604 2465 5672 spirituum,
2497 5600 2549 5655 id
2591 5610 2693 5668 est,
2732 5610 2792 5655 ut
2825 5599 3080 5670 dijudicet
3118 5600 3255 5655 inter
3289 5597 3459 5652 bonos
3498 5604 3553 5651 et
3583 5596 3757 5651 malos

2181 5695 2395 5765 spiritus
2419 5710 2434 5761 ;
2462 5694 2550 5749 alii
2575 5694 2862 5766 linguarum
2886 5709 3067 5765 genera
3092 5733 3108 5761 ,
3134 5692 3223 5746 alii
3245 5688 3512 5762 prophetia
3539 5688 3559 5758 (
3583 5688 3605 5742 Ι
3632 5687 3755 5743 Cor.

2245 5856 2262 5885 ι
2289 5862 2388 5903 am.
2410 5858 2485 5902 Er.
2514 5858 2563 5901 et
2584 5852 2748 5921 plures
2769 5849 3174 5921 Mss.:_Namnquid
3194 5846 3411 5914 putatis?
3437 5844 3508 5898 tbi

2182 5927 2263 5967 ros
2284 5927 2368 5967 nos
2390 5926 2489 5967 esse
2504 5912 2631 5987 quod
2650 5912 2729 5963 hic
2750 5912 3054 5977 accepimus?
3072 5912 3081 5915 '
3198 5912 3204 5914 ⁷
3764 5954 3775 5971 ,ν
