4038 6458
304 389 446 447 i905

307 522 401 567 xu,
431 501 554 557 8-10
583 498 623 567 ).
656 496 860 564 Quanta
903 487 1066 545 dixit!
1117 493 1278 554 quam
1315 483 1483 540 multa
1519 479 1683 537 dixit!
1734 473 1883 530 Multi

307 596 462 653 donis
488 590 684 646 talibus
713 585 853 641 male
875 583 958 638 usi
976 579 1193 635 audient
1220 580 1274 634 in
1306 576 1412 630 line
1435 617 1450 642 ,
1484 573 1604 627 Non
1634 568 1748 622 novi
1772 581 1880 620 vos.

309 689 376 745 Et
403 683 528 755 quid
558 679 750 735 dicturi
776 685 898 732 sunt
926 675 980 729 in
1006 673 1109 728 fine
1138 714 1154 739 ,
1199 669 1290 740 qui
1326 667 1563 731 audient,
1607 659 1728 715 Non
1773 658 1888 712 novi

310 795 396 833 vos
414 778 439 831 ?
460 775 693 837 Domine,
727 784 893 823 nonne
915 767 968 819 in
993 763 1288 819 nominetuo
1311 754 1738 830 praphetavimus,
1762 761 1806 805 et
1836 751 1889 803 in

311 869 511 926 nomine
537 876 622 920 tuo
644 861 896 918 damonia
915 857 1174 927 ejecimus,
1200 863 1247 909 et
1271 853 1325 906 in
1344 851 1542 905 nomine
1561 856 1646 902 tuo
1685 846 1890 899 virtutes

312 962 499 1017 multas
520 957 751 1030 fecimus?
771 955 826 1009 In
848 951 1064 1008 nomine
1083 958 1172 1003 tuo
1188 945 1364 1002 omnia
1384 943 1502 998 ista.
1523 941 1588 994 Et
1610 936 1736 1007 quid
1753 935 1892 991 dicet

313 1055 430 1110 eis?
461 1051 738 1121 Nunquam
777 1046 891 1101 novi
910 1059 1032 1108 vos;
1059 1040 1294 1096 discedite
1312 1055 1344 1091 a
1371 1053 1470 1101 me,
1503 1033 1588 1102 qui
1615 1027 1894 1101 operamini

314 1145 628 1216 iniquitatem
654 1143 672 1208 (
693 1138 876 1192 Matth.
900 1152 973 1190 vu
1004 1175 1019 1202 ,
1041 1133 1133 1201 22,
1162 1133 1234 1187 25
1255 1130 1294 1200 ).
1321 1126 1457 1197 Quid
1484 1133 1730 1194 estergo,
1775 1135 1894 1176 esse

312 1241 421 1310 iam
448 1239 628 1293 lumen
658 1233 780 1289 coeli
809 1232 1092 1287 consolans
1119 1235 1350 1290 noctem,
1381 1230 1435 1278 et
1463 1218 1604 1290 quod
1639 1231 1744 1272 non
1767 1215 1884 1270 vin-

315 1343 467 1389 catur
491 1347 520 1385 a
550 1337 704 1384 nocte
723 1327 748 1379 ‘P
767 1325 966 1390 Adhuc,
1000 1322 1190 1392 inquit,
1218 1314 1744 1391 supereminentiorem
1763 1310 1896 1364 viam

323 1425 462 1481 vobis
488 1423 774 1478 demonstro
810 1417 868 1489 (l
895 1417 1013 1472 Cor.
1036 1430 1131 1480 xu,
1163 1413 1226 1468 3i
1253 1410 1298 1480 ).
1323 1409 1384 1465 Si
1412 1407 1596 1477 linguis
1626 1404 1890 1458 hominum

322 1520 500 1588 loquar
527 1524 572 1569 et
604 1512 909 1584 Angelorum
931 1551 946 1576 ,
978 1506 1274 1561 charitatem
1317 1510 1483 1554 autem
1518 1513 1620 1551 non
1663 1494 1892 1558 habeam,

323 1614 485 1684 factus
496 1625 606 1664 sum
621 1616 673 1662 ut
692 1613 1016 1661 atramentum
1030 1614 1236 1662 sonans,
1251 1603 1338 1648 aut
1354 1591 1638 1664 cymbalum
1659 1587 1896 1642 tinniens.

325 1676 495 1775 Quale
534 1703 730 1758 donum
770 1705 856 1754 est
883 1694 1026 1765 loqui
1069 1689 1261 1760 linguis
1286 1684 1607 1756 Angelorum
1634 1689 1686 1736 et
1723 1676 1899 1733 homi-

326 1797 486 1854 numl
521 1793 718 1848 Tamen
743 1790 788 1844 si
815 1786 1137 1849 charitatem,
1173 1779 1362 1851 inquit,
1391 1792 1490 1831 non
1519 1775 1750 1836 habeam,
1777 1785 1900 1824 aera-

330 1897 549 1943 mentum
579 1901 691 1940 sum
707 1897 912 1946 sonans,
944 1885 1028 1931 aut
1055 1873 1337 1946 cymbalum
1364 1868 1599 1923 tinniens.
1632 1864 1694 1919 Si
1719 1862 1897 1928 sciero,

329 1981 517 2052 inquit,
548 1978 717 2032 omnia
739 1980 1049 2030 sacramenta
1072 1975 1120 2022 et
1143 1981 1340 2020 omnem
1364 1961 1642 2022 scientiam,
1676 1966 1722 2010 et
1744 1956 1786 2009 si
1807 1954 1902 2008 ha-

331 2073 481 2128 buero
491 2085 686 2126 omnem
703 2064 1037 2138 prophetiam,
1055 2067 1101 2115 et
1117 2073 1311 2114 omnem
1340 2054 1490 2124 ﬁdem
1506 2094 1520 2118 ,
1544 2052 1616 2104 ita
1639 2059 1698 2102 ut
1715 2055 1905 2102 montes

334 2168 630 2235 transferam
651 2161 877 2233 (quanta
922 2155 1020 2210 ista
1046 2151 1184 2208 dona
1205 2147 1358 2203 sunt!
1381 2145 1400 2216 )
1423 2161 1438 2210 ;
1464 2143 1756 2198 charitatem
1809 2155 1906 2192 auo

335 2266 433 2312 tem
457 2227 559 2309 non
599 2227 842 2315 habeam,
874 2244 1066 2314 inquit,
1091 2241 1219 2296 nihil
1263 2253 1396 2292 sum.
1441 2233 1609 2302 Quale
1646 2239 1730 2287 est
1779 2227 1908 2284 illud

335 2349 532 2404 donum
558 2342 819 2414 martyrii,
847 2349 902 2396 et
927 2333 1314 2394 distributionis
1341 2343 1524 2386 rerum
1564 2323 1812 2381 suarum!
1843 2322 1909 2376 Et

337 2450 512 2496 tamen
539 2439 582 2492 si
607 2413 922 2498 distribuero,
948 2429 1136 2500 inquit,
1173 2423 1344 2480 omnia
1380 2437 1489 2475 mea
1509 2413 1835 2488 pauperibus,
1865 2417 1910 2465 et

337 2529 592 2586 tradidero
631 2541 812 2596 corpus
837 2537 1002 2576 meum
1044 2527 1098 2573 ut
1144 2515 1370 2578 ardeam,
1407 2509 1701 2564 charitatem
1745 2511 1912 2557 autem

336 2639 438 2677 non
465 2591 862 2683 habeampnihil
890 2611 1012 2666 mihi
1063 2605 1264 2679 prodest
1306 2600 1430 2672 (Id.
1483 2613 1595 2660 xm,
1629 2594 1779 2662 1-5).
1811 2591 1912 2659 Qui

336 2730 464 2786 ergo
483 2728 588 2768 non
610 2709 768 2764 habet
796 2706 1126 2768 charitatem,
1145 2699 1245 2755 etsi
1271 2697 1338 2752 ad
1371 2705 1578 2762 tempus
1608 2690 1767 2745 habet
1796 2687 1911 2740 haec

335 2775 495 2868 doba,
523 2802 826 2856 aulerentur
854 2796 923 2852 ei.
973 2791 1260 2848 Auferetur
1305 2787 1353 2841 ei
1384 2783 1523 2855 quod
1567 2781 1746 2843 habet,
1790 2775 1911 2844 quia

335 2895 584 2969 quiddam
613 2907 719 2947 non
744 2889 905 2946 habet
936 2905 949 2942 :
977 2893 1030 2940 et
1056 2885 1230 2954 ipsum
1253 2877 1504 2950 quiddam
1536 2874 1638 2927 hoc
1666 2885 1769 2924 non
1811 2868 1912 2922 ha-

334 2956 452 3056 bet,
483 2986 623 3042 unde
647 2990 840 3039 caetera
860 2983 1139 3035 teneantur
1163 2981 1217 3028 et
1241 2972 1354 3040 ipse
1375 2984 1481 3022 non
1507 2970 1687 3036 pereat
1703 2963 1742 3012 ¹.
1774 2956 1911 3026 Quid

333 3089 419 3137 est
440 3051 573 3133 illud
601 3073 741 3145 quod
767 3069 926 3126 modo
949 3068 1024 3122 ait
1045 3063 1301 3120 Dominus
1328 3077 1343 3114 :
1375 3059 1475 3126 Qui
1504 3056 1668 3119 habet,
1699 3051 1914 3105 addetur

335 3172 413 3236 ei;
441 3168 525 3239 qui
549 3143 714 3220 autem
746 3179 848 3216 non
875 3159 1042 3223 habet,
1071 3164 1118 3210 et
1145 3152 1279 3225 quod
1317 3150 1461 3204 habet
1488 3147 1742 3216 auferetur
1767 3143 1828 3196 ab
1855 3157 1912 3194 eo

340 3264 360 3336 (
384 3233 572 3317 blatth.
603 3272 723 3322 xm,
753 3253 888 3324 12)?
911 3249 1010 3318 Qui
1029 3261 1156 3317 ergo
1175 3259 1282 3300 non
1308 3241 1487 3302 habet,
1505 3247 1559 3293 et
1586 3235 1728 3308 quod
1755 3233 1916 3287 habet

336 3325 606 3411 auferetur
634 3347 700 3402 ab
725 3360 813 3402 eo.
856 3341 1026 3398 Habet
1052 3337 1275 3410 gratiam
1301 3328 1639 3403 possidendi,
1672 3325 1764 3380 sed
1807 3340 1914 3378 non

336 3446 497 3502 habet
519 3441 832 3497 charitatem
857 3432 1042 3490 utendi
1076 3449 1088 3484 :
1118 3428 1240 3500 quia
1266 3439 1394 3496 ergo
1423 3419 1550 3476 illud
1576 3435 1680 3473 non
1713 3417 1909 3484 habet,

337 3545 392 3594 et
416 3533 556 3606 quod
578 3532 734 3587 habet
752 3529 1022 3584 auferetur
1041 3523 1107 3578 ab
1136 3534 1221 3576 eo.
1249 3519 1534 3586 Propterea
1564 3509 1827 3579 discipuli,
1853 3515 1913 3563 ut

338 3601 594 3687 haberent
617 3625 948 3685 charitatem,
972 3630 1105 3689 quos
1126 3611 1337 3668 volebat
1361 3609 1533 3663 facere
1559 3606 1612 3660 in
1640 3603 1776 3660 ccelo
1792 3601 1920 3656 stel-

335 3722 416 3778 las
440 3719 768 3774 ambulantes
804 3709 1286 3780 supereminentem
1303 3702 1464 3766 viam,
1483 3697 1571 3752 ille
1585 3695 1670 3766 qui
1690 3699 1920 3748 numerat

337 3809 706 3866 multitudinem
768 3803 1057 3863 stellarum,
1098 3804 1144 3849 et
1192 3791 1416 3848 omnibus
1466 3791 1534 3840 eis
1584 3784 1787 3839 nomina
1834 3797 1920 3834 vo-

338 3917 490 3965 cans;
519 3915 638 3955 cum
676 3896 909 3952 redirent
934 3887 1174 3958 discipuli
1217 3898 1321 3954 quo
1347 3879 1493 3935 missi
1519 3884 1670 3931 erant
1695 3917 1709 3941 ,
1738 3871 1920 3928 exsul-

341 4000 603 4057 taverunt,
636 3999 688 4044 ει
715 3987 963 4044 dixerunt
986 4000 1001 4037 :
1029 3978 1264 4040 Domine,
1290 3989 1401 4028 ecce
1425 3971 1632 4040 spiritus
1671 3961 1919 4018 immundi

340 4084 550 4153 subjecti
575 4089 689 4136 sunt
709 4077 850 4132 nobis
868 4082 1070 4144 propter
1103 4083 1284 4124 nomen
1301 4075 1461 4119 tuum.
1495 4061 1562 4115 Et
1589 4060 1678 4114 ille
1699 4057 1781 4128 qui
1821 4071 1921 4108 nu-

343 4184 500 4230 merat
526 4170 896 4226 multitudinem
938 4162 1219 4224 stellarum,
1255 4165 1300 4211 et
1349 4152 1576 4208 omnibus
1602 4151 1671 4203 eis
1718 4147 1924 4201 nomina

343 4282 547 4329 uocans,
579 4262 754 4317 sciens
783 4257 978 4312 multos
1005 4253 1241 4308 dicturos
1269 4259 1412 4312 esse,
1445 4243 1629 4296 Nonne
1649 4240 1702 4292 in
1725 4236 1925 4292 nomine

349 4368 430 4410 tuo
478 4347 724 4408 dtentonia
760 4345 1037 4420 ejecimus?
1079 4340 1269 4412 quibus
1309 4336 1545 4391 dicturus
1573 4338 1655 4384 est
1697 4328 1748 4382 in
1797 4326 1921 4392 line,

355 4447 469 4502 Non
499 4445 614 4500 novi
638 4458 762 4506 vos;
789 4439 911 4511 quia
932 4451 1024 4492 eos
1051 4449 1158 4489 non
1187 4426 1485 4486 numeravit
1513 4424 1568 4478 in
1584 4417 1926 4477 multitudine

350 4538 643 4600 stellarum,
675 4547 774 4588 nec
803 4531 881 4586 eis
903 4527 1119 4583 nomina
1146 4521 1353 4576 vocavit
1382 4537 1396 4573 ε
1423 4515 1626 4582 Nolite,
1659 4510 1847 4581 inquit,
1873 4508 1928 4562 in

352 4632 445 4684 hoc
469 4627 708 4699 gaudere,
735 4623 854 4692 quia
878 4619 1086 4690 spiritus
1112 4613 1246 4668 vobis
1270 4608 1479 4680 subjecti
1511 4613 1626 4661 sunt
1640 4619 1660 4669 ;
1687 4601 1773 4658 sed
1797 4615 1927 4671 gau-

331 4692 610 4783 dete'quia
643 4713 848 4768 nomina
871 4717 1035 4763 vestra
1059 4705 1248 4774 scripta
1277 4710 1393 4754 sunt
1428 4699 1482 4752 in
1511 4696 1634 4751 coelo
1687 4692 1836 4762 (Luc.
1867 4705 1926 4756 ι,

352 4813 437 4875 i7,
459 4807 587 4876 90).
621 4804 721 4870 Qui
767 4806 994 4856 numerat
1038 4791 1406 4849 multitudinem
1444 4785 1724 4851 stellarum,
1754 4790 1801 4838 et
1819 4797 1931 4836 om-

351 4904 495 4957 uibus
515 4899 585 4954 eis
611 4895 813 4950 nomina
831 4905 1032 4945 vocans.

426 4993 513 5047 ll.
543 4987 694 5061 [vera
725 4982 803 5055 5.]
835 4981 1053 5052 Magnus
1077 4971 1327 5029 Dominus
1351 4975 1536 5023 noster.
1567 4963 1823 5033 lmpletus
1849 4966 1934 5016 est

356 5051 585 5156 gaudio:
636 5051 897 5135 eructavit
942 5065 1320 5127 ineliabiliter:
1367 5058 1549 5115 nescio
1593 5054 1718 5126 quid
1753 5051 1931 5106 dicere

359 5143 466 5236 non
498 5143 741 5236 valebat;
771 5178 826 5225 et
851 5163 1118 5238 cogitare’
1146 5153 1410 5229 quomodo
1436 5147 1674 5206 valebat?
1717 5143 1937 5214 Magnus

361 5270 611 5327 Dominus
645 5272 832 5325 noster,
861 5233 1126 5326 etvmagna
1159 5252 1316 5306 uirtus
1342 5247 1483 5317 ejus,
1515 5251 1559 5298 et
1596 5233 1939 5307 intelligentia:

361 5365 472 5434 ejus
505 5375 607 5414 non
639 5364 712 5410 est
739 5365 995 5407 numerus.
1043 5345 1134 5400 Ille
1171 5342 1284 5411 ipse
1308 5336 1398 5409 qui
1435 5339 1677 5390 numerat
1704 5326 1941 5384 multitu-
2004 5348 2023 5380 ς.

361 5419 541 5513 dinem
567 5449 868 5508 stellarum,
917 5435 1182 5495 numerari
1210 5449 1315 5488 non
1344 5437 1520 5501 potest
1544 5443 1557 5481 :
1595 5422 1815 5494 Magnus
1837 5419 1942 5474 Do-

364 5548 533 5603 minus
560 5551 748 5603 noster,
771 5543 815 5591 et
836 5547 1018 5604 magna
1049 5529 1204 5582 virtus
1233 5528 1360 5595 ejus,
1393 5531 1438 5576 et
1466 5514 1806 5587 intelligentia:
1833 5513 1943 5582 ejus

368 5656 468 5695 non
512 5643 582 5691 est
621 5602 875 5685 numerus.
916 5602 1046 5691 Quis
1083 5619 1189 5673 hoc
1224 5613 1490 5686 exponat?
1528 5611 1647 5682 quis
1684 5606 1842 5677 digne
1857 5602 1944 5658 vel

433 5755 449 5784 ι
474 5749 792 5799 Floriaccnsts
813 5747 915 5800 ius,
939 5741 984 5788 ct
1007 5734 1164 5799 ipsum
1185 5730 1408 5795 (subaudi
1439 5725 1671 5791 quiddam
1706 5722 1816 5786 hoc)
1852 5733 1945 5785 non
2000 5775 2012 5782 ,

576 5871 722 5937 Lugd-
740 5876 883 5930 νεειιο,
902 5858 1152 5928 cogitabat.
1248 5864 1301 5906 Μ.

1357 351 1758 415 ENARBATIO
1793 353 1858 411 1N
1898 352 2217 412 PSALMUM
2252 353 2480 413 CXLVI.

3427 355 3572 421 i906

1991 473 2186 544 cogitet
2217 472 2358 543 quod
2385 472 2582 528 dictum
2617 479 2728 538 est,
2760 470 2828 526 Et
2859 471 3201 540 intelligentia:
3228 471 3336 540 ejus
3366 486 3466 526 non
3495 478 3572 527 est

1992 566 2266 622 numerus?
2294 568 2466 636 Atque
2489 566 2692 621 utinam
2718 563 2960 619 infundat
2984 577 3041 619 se
3067 564 3246 630 vobis,
3275 573 3329 618 et
3357 562 3446 618 ubi
3471 578 3572 618 nos

1994 659 2298 724 deﬁcimus,
2331 659 2453 729 quia
2478 658 2590 728 ipse
2611 667 2797 728 potens
2826 665 2935 722 est,
2960 657 3077 726 Ipse
3105 656 3334 710 illustret
3363 662 3573 710 mentes

1994 762 2233 820 vestras,
2263 761 2320 806 ut
2344 752 2521 806 sciatis
2546 751 2672 822 quid
2706 751 2803 816 sit,
2832 749 3190 821 lntoltigentia:
3213 749 3324 819 ejus
3357 763 3457 801 non
3497 753 3573 801 est

1997 860 2252 898 numerus.
2281 843 2484 899 Videtis
2502 844 2668 910 enim,
2694 844 2883 897 fratres
2903 858 2918 908 ;
2941 840 3198 912 numquid
3215 849 3297 895 est
3319 853 3572 894 numerus

1996 937 2209 991 arenae?
2246 935 2408 992 Nobis
2446 951 2551 990 non
2595 945 2710 1003 εει,
2756 937 2863 991 Deo
2897 944 2978 990 est
3009 953 3022 989 :
3064 936 3148 989 cui
3187 933 3359 1004 capilli
3387 932 3575 1002 capitis

1999 1030 2166 1086 nostri
2200 1030 2458 1085 numerati
2501 1040 2650 1096 sunt,
2691 1038 2744 1085 et
2781 1044 2944 1084 arena
2973 1040 3246 1084 numerata
3283 1037 3384 1083 est.
3413 1027 3578 1094 Quid-

2000 1121 2124 1192 quid
2147 1135 2272 1190 ergo
2293 1121 2554 1175 iutinitum
2583 1121 2810 1176 mundus
2837 1121 2935 1176 iste
2956 1121 3341 1191 complectitur,
3367 1119 3577 1175 etiamsi

2000 1211 2232 1279 homini,
2256 1227 2360 1281 non
2387 1220 2561 1266 tamen
2585 1212 2692 1266 Deo
2715 1213 2730 1243 ί
2759 1230 2772 1267 :
2803 1228 2987 1282 parum
3008 1212 3157 1279 dico,
3189 1211 3332 1277 Deo;
3362 1210 3578 1281 Angelis

2001 1313 2335 1360 numeratum
2374 1311 2475 1357 est.
2516 1302 2873 1375 Intelligentite
2911 1306 3022 1376 ejus
3063 1321 3164 1358 non
3203 1313 3276 1357 est
3319 1318 3577 1356 numerus.

2002 1396 2223 1453 Excedit
2248 1411 2431 1452 omnes
2460 1398 2792 1454 numerarios
2829 1397 3175 1467 intelligentia
3209 1396 3358 1466 ejus,
3392 1409 3580 1450 nume-

2003 1489 2108 1545 rari
2139 1505 2167 1544 a
2197 1490 2350 1546 nobis
2379 1504 2485 1544 non
2514 1498 2704 1559 potest.
2733 1490 2910 1560 Ipsum
2942 1506 3220 1547 numerum
3247 1490 3365 1560 quis
3395 1504 3582 1544 nume-

2004 1583 2127 1636 rat?
2169 1581 2404 1636 Numero
2447 1591 2794 1636 numerantur
2826 1597 3172 1653 quaecumque
3213 1588 3580 1637 numerantur.

2006 1673 2062 1730 Si
2091 1673 2344 1744 quidquid
2374 1683 2703 1741 numeratur,
2738 1689 2960 1730 numero
2999 1683 3342 1738 numeratur;
3374 1672 3588 1728 numeri

2007 1778 2111 1818 non
2149 1772 2322 1834 potest
2355 1777 2474 1819 esse
2512 1777 2802 1830 numerus,
2843 1762 3118 1819 numerari
3156 1777 3408 1818 numerus
3437 1762 3587 1817 nullo

2006 1865 2167 1928 pacto.
2190 1865 2379 1926 potest.
2411 1856 2547 1924 Quid
2573 1871 2702 1926 ergo
2730 1865 2812 1911 est
2839 1855 2979 1926 apud
3008 1856 3203 1922 Deum,
3241 1855 3423 1911 unde”
3463 1855 3590 1910 fecit

2009 1946 2222 2011 omnia,
2269 1954 2323 2000 et
2371 1945 2458 2000 ubi
2506 1945 2629 2000 fecit
2666 1946 2875 2011 omnia,
2921 1945 3006 2000 cui
3048 1945 3278 2001 dicitur:
3329 1944 3513 1999 Omnia
3535 1945 3591 1998 in

2009 2053 2241 2091 mensura
2260 2076 2276 2102 ,
2317 2045 2364 2090 et
2399 2051 2635 2102 numero,
2667 2046 2713 2090 et
2743 2036 2962 2105 pondere
2987 2037 3278 2107 disposuisti
3318 2034 3472 2109 (Sap.
3501 2051 3554 2090 ιι
3575 2076 3590 2101 ,

2009 2127 2134 2196 21)?
2161 2127 2268 2182 Aut
2291 2127 2410 2197 quis
2440 2127 2607 2196 ipsam
2635 2141 2939 2181 mensuram
2959 2167 2974 2193 ,
3007 2136 3062 2182 et
3089 2127 3261 2196 ipsum
3286 2143 3590 2193 numerum,

2012 2227 2067 2275 et
2088 2219 2260 2289 ipsum
2297 2217 2502 2288 pondus
2521 2258 2536 2282 ,
2559 2217 2650 2273 ubi
2676 2218 2814 2272 Deus
2839 2217 3016 2272 omnia
3041 2217 3334 2288 disposuit,
3375 2225 3465 2271 aut
3489 2232 3592 2272 nu-

2013 2324 2221 2365 merare
2249 2318 2450 2379 potest,
2479 2318 2571 2364 aut
2601 2308 2804 2376 metiri,
2835 2308 3284 2379 autappendere?
3309 2309 3469 2379 Ergo,
3502 2306 3596 2362 In-

2015 2401 2303 2472 telligentia:
2327 2402 2434 2469 ejus
2461 2416 2563 2453 non
2586 2409 2658 2454 est
2686 2415 2942 2453 numerus.
2961 2398 3336 2454 Conticescant
3351 2397 3597 2453 humana;

2013 2507 2192 2558 voces,
2226 2497 2562 2562 requiescant
2595 2489 2841 2546 hut-uanae
2867 2489 3212 2561 cogitationes
3245 2506 3259 2543 :
3293 2489 3361 2544 ad
3391 2489 3597 2542 incom-

2017 2584 2393 2655 prehensibilia
2424 2597 2530 2638 non
2556 2597 2616 2638 se
2640 2581 2928 2638 extendant
2946 2582 3098 2652 quasi
3121 2579 3558 2652 comprehensuri
3580 2620 3596 2647 ,

2015 2676 2108 2732 sed
2154 2685 2402 2745 tanquam
2438 2674 2835 2744 participaturi;
2875 2673 3158 2744 participes
3199 2673 3340 2727 enim
3373 2673 3599 2728 erimus.

2013 2767 2130 2822 Non
2165 2766 2266 2821 hoc
2286 2765 2426 2835 quod
2454 2765 2696 2834 capimus
2719 2765 2942 2831 erimus,
2967 2779 3066 2818 nec
3089 2773 3256 2818 totum
3281 2763 3596 2833 capiemus:

2015 2859 2109 2914 sed
2130 2857 2412 2929 participes
2439 2859 2672 2923 erimus;
2700 2857 2824 2928 quia
2843 2857 3042 2912 dictum
3070 2865 3153 2911 est
3174 2856 3242 2911 de
3266 2855 3562 2911 Jerusalem
3581 2893 3600 2922 ,

2015 2952 2168 3020 cujus
2185 2949 2550 3018 dispersiones
2579 2948 2802 3018 colligit,
2827 2948 3025 3003 dictum
3047 2955 3129 3002 est
3148 2947 3214 3002 de
3235 2947 3321 3001 illa
3349 2944 3603 3017 quiddam

2017 3054 2266 3110 magnum
2305 3055 2320 3093 :
2358 3037 2645 3093 Jerusalem
2681 3053 2792 3108 qua:
2825 3037 3108 3107 azdiﬁcatur
3141 3046 3194 3089 ut
3220 3035 3392 3089 civitas
3412 3077 3426 3102 ,
3458 3035 3604 3104 cujus

2018 3131 2340 3203 participatio
2360 3131 2467 3200 ejus
2487 3130 2541 3182 in
2561 3129 2778 3197 idipsum
2797 3126 2969 3198 (Psal.
2998 3144 3140 3194 cxxr,
3175 3128 3254 3197 5).
3285 3127 3348 3180 In
3379 3127 3605 3194 idipsum

2016 3223 2144 3293 quid
2174 3223 2281 3287 ait,
2313 3222 2416 3277 nisi
2453 3219 2596 3291 quod
2635 3219 2827 3274 mutari
2869 3234 2976 3272 non
3013 3217 3224 3288 potest?
3256 3217 3458 3273 Caztera
3484 3233 3605 3287 qua:

2019 3324 2144 3372 sunt
2169 3322 2347 3370 creata
2367 3356 2383 3382 ,
2409 3313 2566 3369 aliter
2590 3321 2647 3368 et
2683 3313 2839 3367 aliter
2865 3323 3088 3382 possunt
3122 3327 3275 3379 esse;
3304 3313 3391 3383 qui
3423 3322 3604 3368 autem

2021 3406 2254 3470 creavit,
2312 3404 2468 3460 aliter
2511 3413 2565 3460 et
2609 3403 2763 3458 aliter
2805 3418 2910 3457 non
2953 3411 3125 3474 potest
3175 3418 3313 3458 esse.
3369 3402 3603 3474 ldipsum

2023 3512 2150 3568 ergo
2176 3497 2263 3551 ille
2302 3506 2418 3562 est,
2459 3495 2711 3566 quoniam
2738 3494 2938 3549 dictum
2959 3503 3040 3548 est
3063 3495 3110 3549 ei
3137 3511 3150 3548 :
3186 3493 3408 3547 Matabis
3434 3511 3526 3560 ea,
3559 3501 3607 3547 et

2020 3589 2384 3653 mutabuntur;
2414 3598 2468 3642 tu
2510 3597 2677 3641 autem
2713 3586 2846 3640 idem
2885 3587 2992 3653 ipse
3030 3603 3114 3654 es,
3149 3595 3198 3639 et
3235 3585 3355 3638 anni
3393 3585 3463 3638 tui
3504 3601 3609 3638 non

2023 3681 2254 3750 deficient
2293 3678 2462 3751 (Psal.
2499 3695 2583 3742 Cl,
2610 3677 2701 3745 27,
2741 3676 2859 3747 28).
2892 3675 3053 3746 Igitur
3078 3676 3122 3729 si
3162 3675 3275 3745 ipse
3317 3675 3456 3730 idem
3493 3675 3609 3744 ipse

2023 3780 2136 3837 est,
2177 3780 2232 3826 et
2272 3771 2465 3824 mutari
2513 3784 2576 3824 ex
2623 3769 2766 3822 nulla
2804 3777 2953 3837 parte
2995 3775 3198 3834 potest;
3243 3763 3608 3834 participando

2025 3864 2141 3933 ejus
2183 3861 2512 3916 divinitatem
2550 3859 2750 3914 erimus
2789 3867 2842 3913 et
2884 3872 2981 3910 nos
3011 3856 3336 3910 immortales
3364 3856 3416 3909 iu
3444 3856 3609 3910 vitam

2026 3963 2305 4010 aeternam.
2358 3952 2424 4006 Et
2467 3951 2570 4005 hoc
2613 3949 2766 4005 nobis
2816 3948 3003 4018 pignus
3041 3947 3223 4002 datum
3257 3953 3342 4001 est
3376 3945 3444 4001 de
3472 3945 3610 4002 Filio

2027 4045 2155 4112 Dei,
2201 4043 2342 4114 quod
2371 4042 2481 4112 jam
2516 4041 2622 4096 dixi
2658 4039 2936 4095 Sanctitati
2965 4046 3156 4093 vestra:
3177 4076 3192 4103 ,
3228 4045 3288 4091 ut
3325 4044 3610 4106 antequam

2028 4141 2364 4196 efficeremur
2412 4136 2698 4207 participes
2738 4132 3150 4188 immortalitatis
3205 4131 3407 4202 ipsius,
3457 4128 3612 4185 ﬁeret

2029 4234 2145 4303 ipse
2169 4231 2315 4302 prius
2344 4229 2606 4300 particeps
2639 4225 2977 4280 mortalitatis
3001 4231 3216 4277 nostrae.
3257 4220 3405 4277 Sicut
3431 4228 3609 4275 autem

2030 4323 2119 4378 ille
2146 4321 2385 4376 mortalis
2403 4360 2416 4386 ,
2461 4333 2567 4373 non
2595 4317 2661 4372 de
2686 4331 2782 4372 sua
2808 4313 3103 4369 substantia
3127 4354 3142 4380 ,
3181 4312 3274 4367 sed
3299 4311 3366 4367 de
3391 4320 3610 4366 nostra:

2032 4417 2110 4471 sic
2130 4429 2229 4470 nos
2253 4411 2607 4475 immortales,
2641 4423 2747 4463 non
2777 4407 2844 4462 de
2872 4414 3053 4460 nostra
3079 4403 3391 4468 substantia,
3424 4400 3518 4456 sed
3545 4400 3615 4456 de

2032 4506 2221 4577 ipsius.
2250 4504 2541 4572 Participes
2575 4515 2704 4570 ergo
2739 4499 2974 4570 erimus:
3007 4511 3166 4551 nemo
3194 4494 3439 4562 dubitet,
3465 4493 3613 4549 Scri-

2032 4609 2187 4672 ptura
2207 4597 2310 4654 hoc
2335 4596 2488 4652 dixit.
2521 4594 2590 4649 Et
2617 4593 2768 4662 cujus
2788 4591 2864 4646 rei
2892 4589 3178 4660 participes
3201 4587 3402 4644 erimus
3419 4627 3436 4653 ,
3465 4601 3618 4657 quaSt

2034 4703 2214 4766 partes
2257 4692 2364 4746 sint
2403 4689 2543 4760 apud
2592 4687 2798 4752 Deum,
2847 4691 2941 4738 aut
2985 4698 3080 4753 per
3126 4689 3304 4752 partes
3354 4679 3620 4734 dividatur

2035 4788 2219 4843 Deus?
2267 4783 2396 4851 Quis
2436 4795 2564 4851 ergo
2606 4778 2835 4848 explicat
2867 4773 3135 4844 quomodo
3179 4773 3284 4826 sint
3330 4768 3618 4840 participes

1943 4880 1953 4890 “
2036 4880 2192 4935 unius
2229 4874 2484 4945 simplicis
2524 4869 2708 4926 multi?
2748 4867 2861 4923 Non
2906 4881 3033 4935 ergo
3067 4861 3288 4932 exigatis
3329 4859 3470 4930 quod
3497 4867 3620 4929 apte

2037 4971 2141 5026 dici
2181 4983 2287 5023 non
2331 4980 2520 5037 posse,
2566 4972 2694 5034 puto
2729 4960 2854 5031 quia
2880 4955 3161 5012 videtis’:
3206 4953 3299 5009 sed
3341 4951 3511 5007 redite
3553 4951 3623 5005 ad

2039 5057 2335 5116 remedium
2391 5052 2710 5117 Salvatoris;
2775 5047 3035 5104 conterite
3079 5059 3205 5110 cor,
3261 5041 3624 5112 confringatur

2039 5152 2202 5210 animi
2224 5149 2414 5205 duritia
2434 5190 2448 5216 ,
2479 5153 2783 5202 conteratur
2811 5139 2974 5194 animi
3000 5137 3284 5208 pertinacia
3302 5175 3317 5202 ,
3344 5140 3626 5188 accusetur

2043 5247 2097 5303 in
2129 5245 2268 5300 malo
2289 5284 2302 5308 ,
2345 5248 2653 5298 renascatur
2685 5238 2738 5291 in
2772 5235 2934 5288 bono.
2975 5230 3174 5300 Diriget
3215 5229 3358 5298 ipse,
3391 5225 3628 5296 alligabit

2110 5407 2126 5436 ι
2151 5412 2250 5450 Am.
2291 5405 2366 5447 Er.
2397 5401 2448 5445 et
2473 5393 2636 5455 plures
2662 5397 2791 5455 Mss,
2817 5381 3298 5455 ﬁnitumapauloquc
3335 5379 3630 5455 [wsb-iidem

2045 5442 2420 5516 addicam-iva
2435 5442 2679 5510 ferebant,
2703 5442 2890 5516 etiamsi
2910 5460 3005 5496 non
3027 5442 3485 5516 homini,'tanten_est
3510 5447 3629 5516 Deo,

2045 5501 2391 5594 SiziiEF'JiEJ;
2407 5501 2593 5568 ’διεῖλε
2614 5501 2720 5563 Mss.
2753 5510 2997 5574 plerique,
3023 5501 3218 5558 etiamsi
3235 5501 3416 5555 homini
3437 5514 3531 5552 non
3554 5507 3627 5550 ta-

2047 5595 2355 5717 "abiisse
2378 5649 2429 5717 et
2450 5639 2675 5704 plerique
2698 5644 2823 5686 Mss:
2866 5631 2988 5695 Quid
3011 5643 3126 5696 ergo
3163 5633 3231 5680 est
3274 5625 3406 5692 apud
3431 5634 3584 5677 Deum
3606 5621 3632 5674 .’

2049 5715 2168 5764 Inde
2193 5713 2322 5774 fecit,
2349 5713 2444 5755 etc.

2115 5778 2135 5808 ³
2159 5780 2231 5820 cr.
2259 5769 2406 5831 Lugd.
2433 5773 2550 5814 Ven.
2575 5774 2627 5812 ct
2647 5769 2773 5810 ωνά
2823 5767 3067 5831 a'onergo
3090 5756 3298 5831 exigatis
3318 5749 3444 5819 quod
3465 5751 3632 5812 aperte

2056 5818 2280 5900 ante—illiti
2303 5818 2393 5885 ιιῖιη
2420 5839 2550 5893 posse
2573 5831 2702 5890 puto,
2724 5833 2876 5885 quam
2890 5818 3109 5882 videatis.
3176 5818 3261 5868 Ἧι.
