4038 6530
428 362 559 421 1907

423 478 709 537 fracturam
727 519 744 544 ,
772 474 1125 531 consolidabit
1150 471 1461 534 sanitatem;
1494 475 1547 523 et
1576 481 1680 522 non
1710 474 1864 522 erunt
1890 464 2001 535 jam

426 564 774 640 impossibilia
802 564 953 621 nobis
974 605 989 632 ,
1017 578 1133 634 quae
1160 560 1319 616 modo
1356 557 1700 633 impossibilia
1724 564 1864 614 sunt.
1894 556 2000 611 Bo-

426 676 553 717 num
597 669 679 717 est
716 658 857 723 enim
901 664 959 710 ut
998 654 1311 710 conﬁteatur
1351 651 1737 715 inﬁrmitatem,
1774 648 1862 718 qui
1892 646 2003 702 vult

425 751 707 823 pervenire
747 749 813 803 ad
857 746 1210 803 divinitatem.
1254 741 1612 814 lntelligentiw
1643 742 1752 811 ejus
1786 756 1887 794 non
1930 747 2001 799 est

430 860 679 899 numerus.

502 936 585 991 l2.
617 933 763 1007 [νει-δ.
782 930 862 1005 6.]
903 929 1024 985 Ideo
1048 927 1171 1000 quid
1196 925 1389 982 debeas
1412 923 1585 980 facere
1612 924 1663 977 in
1694 921 2003 977 difﬁcultate

427 1022 783 1095 intelligendi,
815 1020 1047 1077 ostendit
1089 1019 1212 1083 tibi,
1248 1032 1367 1072 cum
1409 1022 1793 1084 consequenter
1828 1013 1954 1069 dicit
1985 1029 2000 1067 :

428 1115 726 1187 Suscipiens
751 1121 1037 1167 mansuetos
1064 1108 1334 1163 Dominus.
1364 1105 1525 1161 Verbi
1549 1106 1717 1176 gratia
1739 1146 1751 1169 ,
1778 1120 1883 1158 non
1917 1103 2000 1157 in-

428 1208 623 1280 telligis
647 1248 662 1273 ,
705 1221 891 1278 parum
932 1203 1179 1273 intelligis
1199 1241 1214 1267 ,
1261 1215 1365 1255 non
1391 1197 1770 1269 consequeris:
1803 1196 2005 1252 honora

428 1300 756 1371 Scripturam
780 1298 893 1360 Dei,
920 1297 1123 1351 honora
1148 1293 1369 1348 verbum
1399 1292 1510 1358 Dei,
1534 1291 1691 1346 etiam
1718 1305 1822 1344 non
1851 1304 2005 1359 aper-

431 1403 572 1459 tum;
601 1391 757 1448 differ
784 1392 974 1461 pietate
1004 1386 1422 1458 intelligentiam.
1448 1382 1563 1438 Noli
1587 1392 1866 1453 protervus
1886 1395 2006 1437 esse

430 1501 684 1543 accusare
718 1494 808 1540 aut
847 1482 1222 1539 obscuritatem
1247 1521 1260 1545 ,
1303 1487 1394 1533 aut
1429 1477 1577 1548 quasi
1606 1476 2003 1546 perversitatem

429 1578 743 1648 Scripturae.
777 1576 1090 1631 Perversum
1116 1572 1203 1628 hic
1229 1570 1360 1626 nihil
1380 1580 1493 1635 est;
1524 1569 1806 1624 obscurum
1828 1574 2004 1621 autem

432 1671 627 1743 aliquid
656 1679 738 1725 est
759 1711 773 1735 ,
808 1685 910 1724 non
940 1677 996 1723 ut
1024 1668 1115 1721 tibi
1145 1673 1386 1736 negetur,
1420 1662 1511 1717 sed
1558 1670 1612 1715 ut
1641 1668 1889 1716 exerceat
1914 1674 2004 1714 ac-

432 1771 731 1835 cepturum.
762 1761 904 1831 Ergo
928 1758 1139 1830 quando
1164 1758 1449 1812 obscurum
1475 1763 1585 1822 est,
1618 1752 1855 1808 medicus
1881 1749 2008 1806 illud

433 1854 588 1921 fecit,
619 1862 676 1908 ut
702 1852 918 1923 pulses:
952 1848 1151 1916 voluit,
1184 1856 1240 1901 ut
1275 1843 1601 1902 exercereris
1634 1845 1683 1897 in
1714 1842 2005 1913 pulsando;

431 1946 627 2011 voluit,
659 1953 715 1998 ut
746 1941 970 2014 pulsanti
998 1940 1226 2009 aperiret
1263 1935 1469 2010 (Matth.
1499 1951 1592 2002 vu,
1624 1932 1700 2003 7).
1744 1932 2008 1988 Pulsando

434 2038 796 2103 exeroeberis;
815 2035 1152 2099 exercitatus,
1171 2031 1327 2086 latior
1347 2030 1616 2095 elﬁcieris;
1640 2027 1796 2082 latior
1817 2025 2005 2093 factus,

434 2133 613 2206 capies
623 2131 763 2203 quod
784 2131 1027 2185 donatur.
1048 2128 1190 2197 Ergo
1210 2127 1312 2180 noli
1336 2124 1590 2195 indignari
1611 2121 1749 2193 quod
1772 2122 2009 2176 clausum

435 2233 552 2289 est;
598 2222 740 2277 mitis
782 2231 932 2286 esto,
970 2228 1278 2273 mansuetus
1326 2227 1458 2270 esto.
1508 2214 1625 2269 Noli
1676 2212 2011 2267 recalcitrare

433 2314 690 2381 adversus
723 2312 945 2369 obscura
966 2353 981 2377 ,
1022 2320 1075 2365 et
1100 2309 1277 2363 dicere
1303 2326 1316 2360 :
1344 2306 1527 2360 Melius
1548 2305 1835 2370 diceretur,
1862 2301 1906 2356 si
1932 2301 2011 2356 sic

434 2405 716 2461 diceretur.
771 2401 992 2471 Quando
1041 2398 1181 2455 enim
1238 2407 1389 2467 potes
1462 2405 1516 2450 tu
1563 2396 1639 2450 sic
1691 2395 1869 2449 dicere
1920 2399 2012 2446 aut

428 2494 699 2567 judicare,
753 2492 1018 2564 quomodo
1057 2489 1482 2558 dici’expediat?
1525 2488 1609 2543 Sic
1652 2486 1849 2541 dictum
1892 2494 2007 2551 est,

432 2585 699 2658 quomodo
725 2585 825 2638 dici
853 2583 1054 2639 debuit.
1076 2580 1191 2636 Non
1212 2581 1440 2650 corrigat
1467 2594 1606 2648 mger
1628 2576 2010 2631 medicamenta

435 2691 562 2742 sua;
606 2676 753 2732 novit
787 2690 849 2731 ea
889 2673 1123 2729 medicus
1165 2671 1504 2726 modiﬁcare:
1543 2670 1590 2725 ei
1616 2668 1808 2734 crede,
1841 2668 1928 2737 qui
1960 2675 2012 2720 te

433 2778 603 2826 curat.
652 2769 777 2823 Ideo
816 2767 941 2838 quid
973 2766 1248 2837 sequitur?
1280 2763 1573 2834 Suscipiens
1598 2769 1880 2815 mansuetos
1904 2757 2011 2811 Do-

434 2862 617 2915 minus.
650 2858 768 2914 Noli
796 2875 923 2929 ergo
952 2858 1202 2912 resistere
1224 2870 1281 2911 ac,
1294 2868 1479 2908 versus
1506 2854 1681 2906 clausa
1712 2850 1839 2915 Dei;
1870 2864 2013 2902 man-

436 2960 617 3006 suetus
649 2958 797 3015 esto,
843 2956 899 3001 ut
923 2947 1173 3015 suscipiat
1202 2954 1272 2998 te.
1314 2943 1369 2997 Si
1398 2952 1575 2998 autem
1618 2941 1851 3005 resistis,
1889 2937 2011 2992 audi

435 3041 578 3112 quod
616 3041 854 3110 sequitur
880 3058 893 3093 :
939 3037 1227 3090 Humilians
1274 3045 1439 3088 autem
1465 3041 1743 3102 peccatores
1765 3047 1921 3101 usque
1945 3030 2013 3083 ad

436 3142 640 3187 terram.
682 3130 841 3187 Multa
888 3144 1081 3201 genera
1128 3135 1255 3183 sunt
1301 3134 1636 3196 peccatorum
1673 3142 1686 3177 :
1724 3123 2013 3177 Humilians

440 3235 605 3279 autem
631 3233 917 3296 peccatores
942 3238 1096 3290 usque
1133 3220 1199 3274 ad
1228 3231 1447 3282 terram;
1492 3233 1624 3288 quos
1670 3224 2010 3286 peccatores,

438 3318 539 3373 nisi
583 3316 878 3373 contrarios
921 3313 1242 3368 mansuetis?
1285 3311 1362 3364 Ex
1406 3326 1471 3364 eo
1517 3309 1709 3379 quippe
1737 3307 1875 3378 quod
1903 3307 2009 3372 ait,

438 3408 730 3479 Suscipiens
756 3416 1039 3460 mansuetos
1080 3404 1325 3459 Dominus
1347 3442 1364 3468 ,
1406 3402 1677 3455 humilians
1701 3411 1869 3455 autem
1897 3417 2013 3471 pec-

436 3512 629 3552 catores
658 3515 811 3568 usque
846 3497 912 3549 ad
942 3506 1163 3557 terram;
1193 3493 1423 3562 speciem
1454 3492 1732 3563 quamdam
1767 3500 2011 3560 peccato-

437 3606 553 3645 rum
583 3606 650 3645 ex
675 3590 926 3660 praedicta
968 3586 1373 3640 mansuetudine
1412 3585 1576 3638 voluit
1607 3582 1845 3651 intelligi.
1877 3582 2009 3635 Pec-

436 3692 645 3736 catores
684 3695 810 3748 ergo
851 3679 951 3731 hoc
976 3676 1092 3730 loco
1121 3675 1384 3737 immites,
1427 3682 1481 3727 ct
1524 3688 1614 3726 eos
1641 3672 1727 3741 qui
1751 3670 2013 3725 mansueti

436 3787 542 3827 non
570 3780 724 3835 sunt,
757 3769 1120 3838 intelligimus.
1144 3767 1319 3834 Quare
1346 3764 1585 3818 lmmiliat
1613 3779 1777 3832 usque
1803 3763 1866 3816 ad
1900 3772 2011 3816 ter-

434 3862 1000 3933 ram?Reprehendunt
1023 3858 1391 3929 intelligibilia,
1416 3866 1626 3912 terrena
1646 3855 1852 3910 sensuri
1866 3863 2008 3908 sunt.

508 3955 594 4009 15.
654 3948 765 4008 Hoc
813 3952 937 4008 fecit
980 3950 1282 4004 hominibus
1329 3949 1418 4019 qui
1472 3948 1748 4001 voluerunt
1793 3945 2013 4000 irridere

435 4044 630 4118 Legem
651 4088 665 4114 ,
698 4055 977 4114 antequam
1008 4051 1255 4106 nossent;
1305 4056 1409 4094 non
1456 4042 1597 4094 enim
1631 4040 1838 4091 fuerunt
1864 4053 2013 4091 mau-

438 4138 594 4193 sueti.
649 4137 909 4206 lntclligat
960 4133 1199 4189 Charitas
1248 4141 1444 4186 vestra.
1511 4131 1725 4185 Exstitit
1771 4126 2011 4198 quaedam

438 4228 789 4299 perditissima
819 4238 963 4282 secta
986 4225 1394 4280 Maniclneorum
1419 4240 1432 4287 ;
1455 4232 1696 4291 acceptas
1715 4222 2013 4290 Scripturas

438 4329 492 4376 et
518 4302 691 4387 lectas,
722 4320 919 4374 irrisit:
952 4315 1341 4387 reprehendere
1366 4314 1531 4369 voluit
1560 4314 1699 4382 quod
1732 4330 1832 4365 non
1862 4312 2013 4366 intel-

435 4394 666 4483 ligeliat,
706 4420 759 4464 et
784 4408 1096 4479 exagitando
1121 4416 1173 4462 et
1196 4404 1636 4475 reprehendendo
1673 4419 1775 4456 non
1804 4402 2013 4456 intelle-

438 4516 523 4560 cta
544 4546 557 4569 ,
601 4505 797 4558 multos
825 4503 1144 4570 illaqueavit.
1190 4498 1292 4554 Sed
1324 4497 1580 4551 humiliati
1609 4505 1761 4559 sunt,
1800 4496 1885 4563 qui
1915 4494 2015 4549 hoc

440 4592 613 4651 facere
632 4595 934 4659 voluerunt,
961 4608 1126 4661 usque
1152 4591 1215 4643 ad
1242 4600 1457 4645 terram.
1489 4588 1600 4640 Non
1626 4596 1746 4640 sunt
1770 4586 2013 4655 permissi

440 4686 738 4756 Intelligere
800 4683 1068 4746 cmlestia,
1124 4691 1332 4734 terrena
1389 4685 1693 4745 sapuerunt.
1752 4674 2014 4743 Quidquid

442 4779 591 4835 audis
633 4779 683 4832 in
713 4775 901 4831 fabulis
929 4775 1160 4843 ipsorum
1180 4812 1193 4837 ,
1229 4768 1439 4823 nonnisi
1470 4766 1795 4835 blasphemia
1824 4774 1933 4831 est,
1962 4773 2014 4817 et

440 4870 680 4943 qumdam
714 4868 961 4940 ﬁgmenta
1004 4864 1291 4943 imaginum
1321 4859 1674 4929 corporalium
1710 4878 1723 4911 :
1767 4856 2010 4927 quando-

442 4940 653 5034 quidem
696 4960 933 5013 volenles
980 4940 1271 5025 intelligere
1321 4953 1519 5014 Deum,
1567 4964 1732 5018 usque
1770 4948 1834 5001 ad
1886 4947 2015 5001 lucis

445 5053 597 5108 istius
634 5050 854 5104 visibilis
897 5046 1267 5116 cogitationem
1300 5050 1584 5103 venerunt,
1616 5039 1751 5093 ultra
1796 5040 1871 5093 ire
1912 5054 2015 5091 non

444 5151 766 5215 potuerunt;
808 5150 859 5194 et
910 5139 1040 5193 tales
1067 5148 1286 5204 campos
1316 5132 1446 5186 lucis
1490 5131 1726 5185 fecerunt
1766 5130 1816 5183 in
1855 5144 2016 5198 regno

446 5235 579 5300 Dei,
628 5233 841 5303 qualem
891 5230 1141 5284 videbant
1174 5226 1313 5281 hunc
1359 5225 1556 5289 solem,
1599 5222 1746 5292 quasi
1792 5222 2017 5275 fructum

448 5328 578 5382 lueis
606 5325 766 5380 illius.
799 5324 992 5376 Totum
1023 5328 1199 5374 autem
1230 5318 1330 5372 hoc
1350 5316 1491 5386 quod
1516 5331 1608 5386 per
1632 5325 1822 5368 terram
1844 5315 2019 5368 carnis

448 5418 697 5485 tangitur,
732 5424 868 5467 terra
901 5420 985 5465 est
1012 5411 1139 5465 Deo.
1188 5408 1457 5462 Habemus
1502 5407 1642 5461 enim
1674 5405 1811 5459 unde
1841 5404 2019 5457 videa-

450 5523 595 5573 mus,
623 5506 766 5560 unde
800 5503 1076 5559 audiamus
1096 5542 1111 5567 ,
1148 5500 1292 5554 unde
1321 5500 1631 5562 adoremus,
1679 5497 1816 5551 unde
1840 5506 2017 5566 guste-

450 5616 566 5656 mus
588 5641 602 5663 ,
633 5598 772 5652 unde
803 5608 1100 5665 tangamus.
1144 5594 1277 5646 Caro
1310 5591 1406 5644 ista
1436 5605 1528 5659 per
1553 5591 1782 5657 quinque
1810 5587 2021 5641 nuntios

447 5689 737 5763 quosdam,
764 5700 898 5758 quos
939 5684 1265 5755 appellamus
1289 5696 1504 5743 sensus,
1544 5680 1767 5747 percipit
1802 5676 2015 5731 nonnisi

456 5781 751 5852 corporalia
798 5798 812 5836 :
855 5777 1201 5850 intelligibilia
1236 5791 1365 5831 vero
1406 5784 1461 5830 et
1505 5771 1794 5845 Spiritualia
1846 5777 2024 5825 mente

1653 352 1711 409 S.
1751 347 2115 409 AUGUSTlNl
2153 347 2451 407 EPlSCOPl

3547 350 3684 417 i908

2107 466 2401 537 Capiuntur.
2433 464 2571 535 Quia
2612 477 2740 535 ergo
2777 464 2851 521 illi
2880 463 3255 522 obscuritatem
3285 463 3681 537 Scripturarum

2108 558 2389 613 irriserunt
2410 598 2426 625 ,
2452 572 2569 627 quae
2597 565 2874 627 propterea
2903 557 3096 613 clausae
3123 565 3276 613 erant
3294 599 3308 622 ,
3332 566 3389 612 ut
3409 558 3682 628 pulsantes

2106 659 2505 714 exercerentur,
2548 665 2653 704 non
2683 657 2739 703 ut
2766 649 3001 720 parvulis
3048 659 3388 719 negarentur,
3422 649 3685 706 humiliati

2106 749 2229 795 sunt
2255 756 2420 813 usque
2455 740 2522 796 ad
2564 750 2789 808 terram,
2821 748 2880 795 ut
2907 741 3139 811 cogitare
3168 740 3397 811 amplius
3423 756 3531 797 non
3558 756 3684 811 ρος-

2107 842 2257 900 sent,
2306 850 2464 905 quam
2491 834 2631 905 quod
2657 850 2753 907 per
2794 843 2990 889 terram
3020 833 3328 905 percipitur.
3364 834 3462 889 Per
3490 844 3685 889 terram

2108 927 2233 997 quid
2258 926 2418 983 dico?
2449 928 2547 983 Per
2575 943 2810 984 carnem.
2837 926 2976 983 Caro
3004 928 3146 982 enim
3178 928 3276 983 ista
3320 938 3459 982 terra
3485 936 3599 993 est,
3632 935 3687 983 et

2108 1017 2173 1074 de
2212 1027 2352 1075 terra
2396 1019 2533 1075 facta
2581 1030 2682 1076 est.
2725 1020 2992 1092 Quidquid
3043 1036 3139 1092 per
3178 1020 3361 1076 oculos
3388 1021 3575 1091 capis,
3618 1020 3686 1075 ad

2107 1119 2304 1167 terram
2342 1114 2605 1183 pertinet;
2655 1113 2912 1185 quidquid
2954 1130 3048 1184 per
3091 1128 3275 1180 aures,
3308 1114 3564 1185 quidquid
3590 1130 3687 1184 per

2108 1203 2379 1269 olfactum,
2410 1204 2660 1275 quidquid
2692 1220 2788 1276 per
2806 1216 3036 1275 gustum,
3060 1205 3313 1276 quidquid
3346 1222 3439 1277 per
3461 1214 3681 1273 tactum,

2109 1294 2174 1349 ad
2225 1304 2417 1350 terram
2458 1297 2717 1367 pertinet;
2748 1298 2869 1368 quia
2897 1313 2992 1367 per
3029 1306 3224 1353 terram
3264 1298 3577 1369 percipitur.
3606 1299 3689 1354 llli

2110 1401 2236 1457 ergo
2282 1402 2385 1442 non
2431 1388 2675 1444 valebant
2718 1388 3014 1458 intelligere
3064 1389 3493 1459 intelligentiam,
3535 1391 3687 1461 cujus

2112 1494 2217 1533 non
2244 1488 2326 1535 est
2353 1496 2633 1548 numerus;
2664 1482 2785 1552 quia
2806 1523 2820 1547 ,
2854 1481 3211 1552 Intelligentiae
3230 1483 3339 1553 ejus
3366 1500 3465 1536 non
3490 1493 3563 1536 est
3589 1500 3686 1539 nu-

2112 1588 2299 1626 merus.
2319 1571 2789 1642 Reprehendentes
2805 1571 3105 1643 Scripturas
3122 1572 3357 1645 mysticis
3371 1573 3687 1644 quibusdam

2115 1665 2275 1720 rebus
2324 1664 2609 1719 salubriter
2639 1673 2876 1737 tegentes
2919 1665 3348 1737 intelligentiam,
3388 1674 3449 1721 ut
3477 1666 3689 1737 parvuli

2114 1766 2484 1824 exerceantur,
2536 1768 2591 1813 et
2636 1758 2749 1828 ipsa
2794 1758 3207 1827 reprehensione
3254 1759 3486 1815 immites
3534 1758 3689 1827 fac-ti,

2115 1850 2255 1921 quod
2284 1851 2606 1906 contrarium
2636 1860 2717 1906 est
2746 1852 3057 1917 mansuetis,
3090 1851 3350 1906 humiliati
3376 1861 3497 1906 sunt
3522 1867 3690 1922 usque

2113 1940 2179 1996 ad
2212 1948 2405 1997 terram
2426 1983 2443 2009 ,
2476 1951 2532 1995 ut
2561 1941 2953 2012 incorporalem
2984 1944 3145 1996 Deum
3190 1943 3389 1998 sentire
3419 1957 3525 1996 non
3570 1956 3691 2011 pos-

2115 2040 2234 2085 sent
2255 2072 2270 2097 ,
2307 2041 2360 2086 et
2397 2031 2649 2101 quidquid
2677 2031 2743 2086 de
2773 2032 2882 2087 Deo
2910 2034 3231 2103 cogitarent,
3261 2033 3471 2089 nonnisi
3496 2048 3689 2101 corpo-

2118 2120 2303 2176 raliter
2323 2124 2639 2193 cogitarent.

2186 2214 2273 2268 14.
2314 2210 2464 2286 [vers.
2492 2211 2570 2286 7.]
2613 2212 2908 2270 Iluntilians
2944 2231 3070 2286 ergo
3114 2225 3196 2273 est
3236 2216 3368 2270 Deus
3407 2228 3692 2289 peccatores

2115 2320 2273 2374 usque
2306 2304 2373 2357 ad
2421 2315 2624 2358 terram.
2672 2306 2807 2372 Quid
2838 2322 2965 2377 ergo
3011 2306 3265 2361 debemus
3298 2309 3467 2363 facere
3488 2323 3619 2373 nos,
3648 2308 3690 2361 si

2117 2396 2362 2450 nolumus
2394 2385 2660 2451 humiliari
2692 2413 2858 2466 usque
2898 2398 2964 2452 ad
3011 2398 3245 2453 terram?
3282 2399 3414 2467 Quia
3444 2415 3692 2470 magnum

2116 2496 2199 2542 est
2228 2489 2485 2558 proﬁcere
2512 2504 2677 2558 usque
2697 2490 2762 2543 ad
2794 2491 3165 2560 intelligibilia,
3190 2507 3435 2563 magnum
3466 2502 3547 2547 est
3572 2507 3689 2563 pro.

2116 2580 2276 2637 ﬁcere
2306 2597 2473 2651 usque
2500 2582 2564 2636 ad
2588 2582 2903 2653 spiritualia,
2932 2599 3182 2655 magnum
3208 2593 3291 2641 est
3318 2600 3382 2640 eo
3413 2587 3693 2654 pervenire

2115 2687 2228 2738 cor,
2279 2682 2336 2728 ut
2385 2674 2592 2728 noverit
2631 2689 2750 2730 esse
2796 2674 2995 2745 aliquid
3025 2675 3165 2746 quod
3192 2691 3299 2731 non
3331 2691 3425 2746 per
3453 2677 3567 2733 loca
3596 2692 3692 2730 ex-

2118 2762 2385 2830 tendatur,
2428 2778 2525 2817 nec
2556 2779 2654 2833 per
2680 2771 2922 2834 tempora
2946 2766 3194 2819 varietur.
3241 2765 3421 2832 Qualis
3446 2774 3527 2820 est
3552 2765 3694 2823 enim

2117 2852 2325 2922 species
2369 2855 2684 2923 sapientiae?
2724 2856 2842 2925 quis
2889 2856 3029 2911 illam
3077 2856 3303 2926 cogitat?
3352 2857 3530 2928 Longa
3579 2858 3693 2913 est?

2118 2944 2317 3014 quadra
2344 2946 2463 3000 est?
2492 2947 2715 3000 rotunda
2758 2947 2872 3002 est?
2901 2948 3061 3003 modo
3105 2948 3188 3004 hic
3216 2958 3269 3003 et
3291 2949 3452 3006 modo
3478 2949 3551 3004 ibi
3575 2949 3693 3005 est?

2116 3033 2325 3105 Cogitat
2369 3036 2683 3105 sapientiam
2730 3038 2913 3093 nescio
2958 3038 3077 3108 quis
3121 3040 3171 3093 in
3221 3040 3467 3105 Oriente,
3499 3042 3694 3111 cogitat

2118 3124 2262 3178 illam
2295 3124 2429 3179 alius
2460 3125 2512 3179 in
2540 3126 2828 3182 Occidente
2860 3147 2872 3183 :
2902 3128 2944 3182 si
2975 3129 3110 3184 bene
3159 3130 3301 3184 illam
3342 3133 3609 3200 cogitant,
3639 3132 3690 3185 in

2119 3224 2263 3270 tanta
2292 3217 2527 3271 locorum
2556 3218 2861 3274 diversitate
2884 3220 3061 3289 positi,
3086 3222 3343 3275 ambobus
3372 3231 3476 3276 tota
3498 3233 3692 3292 praesto

2116 3320 2219 3363 est.
2245 3308 2380 3376 Quid
2407 3319 2488 3364 est
2506 3309 2645 3364 hoc?
2666 3312 2784 3381 quis
2802 3311 2927 3366 illud
2950 3312 3127 3380 capit?
3149 3312 3304 3367 istam
3324 3312 3687 3377 substantiam,

2119 3399 2273 3453 istam
2321 3400 2605 3469 quamdam
2632 3401 2864 3456 divinam
2909 3402 3499 3474 incommutabilcmque
3542 3415 3693 3459 natu.

2118 3506 2233 3544 ram
2254 3491 2374 3561 quis
2403 3493 2581 3561 capit?
2609 3492 2723 3546 Noli
2750 3492 3001 3548 festinare
3022 3535 3037 3560 ,
3081 3495 3274 3564 poteris
3314 3509 3525 3563 capere.
3555 3494 3691 3549 Audi

2115 3581 2257 3651 quod
2285 3581 2557 3650 sequitur:
2590 3582 2808 3651 Incipite
2845 3583 3064 3637 Domino
3108 3586 3159 3637 in
3199 3586 3527 3656 confessione.
3560 3585 3691 3639 Hinc

2118 3676 2323 3745 incipe,
2349 3676 2393 3730 si
2426 3676 2505 3730 vis
2531 3679 2810 3746 pervenire
2838 3678 2905 3732 ad
2932 3678 3326 3749 intelligentiam
3358 3680 3691 3748 perspicuam

2116 3768 2375 3821 veritatis.
2422 3766 2477 3821 Si
2526 3770 2604 3821 vis
2633 3783 2663 3821 a
2696 3767 2778 3822 via
2806 3768 2924 3821 ﬁdei
2956 3769 3175 3836 perduci
3203 3769 3268 3823 ad
3300 3769 3691 3838 possessionem

2116 3861 2345 3930 speciei,
2396 3861 2567 3931 incipe
2595 3862 2648 3916 in
2695 3862 3048 3917 confessione.
3083 3863 3157 3917 Te
3199 3864 3343 3933 prius
3368 3878 3590 3928 accusa;
3643 3872 3691 3915 te

2116 3962 2385 4020 accusato,
2421 3954 2583 4008 Deum
2621 3953 2796 4009 lauda.
2842 3952 3035 4010 lnvoca
3061 3971 3217 4023 quem
3257 3956 3490 4011 nondum
3517 3956 3688 4019 nosti,

2117 4052 2175 4096 ut
2199 4043 2377 4097 veniat
2414 4054 2468 4098 et
2513 4045 2751 4098 sciatur:
2800 4060 2903 4099 non
2934 4054 2993 4100 ut
3030 4047 3143 4115 ipse
3172 4046 3346 4100 veniat
3368 4048 3406 4113 ³,
3435 4045 3528 4100 sed
3559 4057 3615 4099 ut
3643 4057 3690 4099 te

2121 4132 2186 4186 ad
2232 4147 2289 4186 se
2332 4131 2606 4202 perducat.
2641 4133 2919 4201 Quomodo
2946 4134 3058 4204 ipse
3085 4137 3231 4189 venit
3260 4135 3398 4190 unde
3418 4150 3687 4204 nunquam

2117 4223 2379 4277 discedit?
2410 4223 2523 4293 Ipsa
2570 4234 2651 4278 est
2678 4225 2819 4279 enim
2862 4224 3116 4293 perfectio
3154 4226 3455 4294 sapientiae;
3501 4226 3690 4294 ubique

2116 4324 2229 4379 est,
2270 4325 2323 4369 et
2351 4316 2507 4384 longe
2537 4325 2620 4371 est
2659 4331 2688 4368 a
2730 4316 2926 4370 malis:
2972 4316 3165 4386 ubique
3189 4326 3308 4381 est,
3342 4317 3554 4386 inquam
3579 4358 3595 4381 ,
3639 4330 3691 4371 et

2116 4407 2271 4476 longe
2298 4418 2380 4461 eSt
2416 4422 2445 4461 a
2474 4407 2625 4461 malis
2655 4408 2743 4476 qui
2789 4408 2983 4476 ubique
3011 4417 3155 4462 sunt.
3185 4407 3333 4476 Rogo
3359 4423 3490 4473 vos,
3519 4424 3548 4462 a
3578 4408 3690 4477 qui-

2118 4498 2217 4553 bus
2242 4498 2393 4567 longe
2423 4506 2507 4551 est
2534 4497 2676 4567 quod
2707 4498 2900 4567 ubique
2930 4498 3045 4552 est?
3076 4497 3171 4553 Ubi
3195 4497 3411 4569 putatis,
3440 4498 3539 4551 nisi
3571 4499 3689 4567 quia

2112 4587 2291 4656 jacent
2338 4588 2388 4639 in
2438 4586 2865 4642 dissimilitudine
2907 4603 3032 4654 sua,
3078 4590 3494 4643 exterminantes
3541 4589 3593 4642 in
3634 4602 3691 4643 se

2119 4676 2514 4731 similitudinem
2545 4678 2670 4732 Dei?
2713 4679 3007 4734 Dissimiles
3050 4679 3172 4733 facti
3220 4690 3582 4743 recesserunt;
3611 4695 3691 4734 re-

2118 4767 2330 4823 formati
2352 4768 2591 4823 redeant.
2618 4769 2787 4833 Unde,
2806 4770 2996 4839 inquit,
3018 4771 3463 4825 reformabimur?
3482 4771 3693 4841 quando

2119 4863 2561 4918 reformabimur?
2606 4863 2821 4934 Incipite
2876 4863 3088 4917 Domino
3130 4864 3180 4916 in
3210 4864 3537 4934 confessione.
3570 4864 3693 4917 Post

2120 4955 2510 5012 confessionem
2541 4958 2703 5026 quid?
2741 4956 3041 5026 Sequantur
3073 4957 3205 5011 bona
3256 4971 3438 5025 opera.
3484 4955 3694 5009 Psallite

2120 5045 2229 5101 Deo
2257 5057 2427 5102 nostra
2454 5049 2504 5101 in
2531 5049 2743 5102 cithara.
2775 5049 2907 5117 Quid
2938 5058 3038 5116 est,
3062 5050 3114 5103 in
3143 5046 3385 5101 cithara?
3411 5047 3560 5116 Quod
3583 5047 3688 5118 jam

2121 5139 2379 5208 exposui,
2423 5139 2559 5194 sicut
2593 5140 2720 5194 illud
2767 5141 2817 5194 in
2859 5141 3109 5209 psalterio
3140 5140 3401 5209 psalmus,
3436 5139 3514 5194 sic
3542 5148 3596 5194 et
3621 5139 3691 5192 ei.

2120 5229 2301 5295 thara;
2330 5244 2433 5285 non
2471 5231 2643 5285 solum
2673 5246 2833 5295 voce,
2864 5231 2959 5286 sed
3008 5240 3062 5287 et
3105 5246 3285 5301 opere.
3331 5228 3549 5284 Psallite
3589 5228 3691 5284 Deo

2123 5331 2292 5377 nostra
2318 5340 2369 5376 tn
2392 5325 2606 5377 Cithara.

2198 5415 2280 5469 15.
2325 5420 2492 5484 tum.
2529 5414 2621 5484 8.]
2648 5415 2787 5470 Ecce
2828 5415 3183 5482 conﬁtemini,
3211 5416 3501 5485 operamini
3538 5431 3692 5485 opera

2126 5508 2504 5563 misericordiae
2547 5508 2753 5565 psallite
2777 5509 2876 5562 Deo
2903 5518 3090 5563 nostra.
3120 5509 3214 5564 Cui
3242 5508 3345 5562 Deo
3369 5520 3537 5564 nostro
3554 5510 3579 5562 ?
3603 5508 3693 5573 Qui

2126 5608 2346 5669 cooperit
2375 5604 2555 5653 cretum
2579 5599 2808 5654 nubibus.
2834 5600 2969 5666 Quid
2994 5608 3076 5655 est
3099 5642 3113 5668 ,
3145 5601 3243 5667 Qui
3269 5600 3495 5671 cooperit
3524 5599 3695 5654 cretum

2193 5777 2212 5811 ι
2235 5774 2462 5841 Plerique
2483 5784 2614 5844 Mss,
2636 5782 2798 5830 nonut
2817 5777 2918 5844 ipse
2941 5775 3101 5853 tertias
