4080 6534
350 398 513 459 1909

353 507 588 577 nubibui
602 519 629 575 .9
647 518 748 588 Qui
765 506 1000 587 contegit
1022 501 1346 583 Scriptorum
1368 510 1548 582 ﬁguris
1567 519 1619 567 et
1645 520 1944 565 sacramen.

357 616 462 672 tis.
490 614 583 670 Ille
610 612 699 682 qui
730 610 972 667 humiliat
991 616 1297 680 peccatores
1322 620 1490 676 usque
1511 605 1576 659 ad
1606 614 1825 668 terram,
1856 601 1942 657 ille

355 708 462 778 qui
499 704 720 774 suscipit
752 709 1101 767 mansuetos,
1141 698 1358 767 coeperit
1395 696 1574 751 coelum
1612 691 1843 749 nubibus.
1877 692 1943 746 Et

349 802 489 869 quis
510 798 684 854 videat
700 796 896 852 cretum
922 793 1064 866 quod
1090 800 1401 862 coopertum
1431 798 1511 846 est
1543 785 1803 845 nubibus?
1822 784 1942 841 Noli

353 891 591 954 timere;
634 887 757 945 audi
786 886 928 956 quod
954 885 1193 955 sequitur
1224 901 1238 938 :
1269 881 1367 950 Qui
1393 881 1610 952 cooperit
1636 878 1815 933 caelum
1843 893 1940 930 nu-

348 982 512 1037 bibus
533 1020 550 1048 ,
585 982 673 1052 qui
718 988 866 1051 parat
904 987 1050 1032 terra:
1098 975 1339 1046 pluviam.
1380 973 1478 1041 Qui
1512 971 1731 1043 cooperit
1765 970 1942 1023 caelum

348 1072 581 1129 nubibus
603 1087 622 1126 :
646 1069 940 1140 expavisti,
971 1067 1092 1138 quia
1116 1081 1221 1122 non
1248 1065 1396 1119 vides
1422 1064 1649 1128 coelum;
1680 1076 1798 1115 cum
1824 1059 1943 1131 plu-

350 1166 471 1219 erit
490 1166 527 1229 ³,
546 1161 911 1225 fructiﬁcabis,
927 1168 982 1215 et
995 1174 1241 1214 serenum
1261 1156 1485 1212 videbis.
1513 1154 1741 1224 Coeperit
1763 1151 1939 1206 coelum

344 1256 577 1313 nubibus
600 1297 614 1321 ,
646 1255 729 1324 qui
764 1262 909 1324 parat
942 1262 1088 1307 teme
1115 1250 1334 1322 pluviam
1357 1265 1375 1302 :
1399 1246 1535 1303 forte
1562 1246 1663 1303 hoc
1691 1245 1813 1300 fecit
1839 1244 1941 1300 Do-

346 1348 543 1404 minus
572 1347 715 1402 Deus
740 1354 939 1400 noster.
966 1343 1077 1399 Nisi
1102 1342 1244 1398 enim
1264 1340 1584 1396 haberemus
1605 1337 1938 1393 occasionem

344 1440 701 1498 obscuritatis
730 1439 1142 1509 Scripturarum,
1175 1437 1275 1492 ista
1305 1434 1453 1489 vobis
1481 1448 1584 1487 non
1615 1431 1934 1497 diceremus,

338 1532 555 1603 quibus
600 1530 861 1603 gaudetis.
912 1528 1036 1585 Haec
1077 1542 1205 1598 ergo
1247 1525 1472 1581 fortasse
1518 1524 1691 1594 pluvia
1742 1531 1825 1581 est
1872 1520 1937 1577 ad

338 1638 523 1693 quam
554 1622 815 1693 gaudetis.
862 1620 1096 1691 Exprimi
1138 1619 1290 1674 vobis
1321 1634 1414 1687 per
1442 1618 1669 1687 linguam
1701 1624 1937 1673 nostram

338 1730 469 1771 non
484 1722 686 1784 posset,
709 1714 811 1768 nisi
837 1714 975 1768 Deus
1016 1711 1245 1766 nubibus
1268 1710 1551 1781 ﬁgurarum
1573 1707 1765 1763 coelum
1788 1706 1934 1762 Scri-

340 1818 635 1878 pturarum
660 1807 976 1876 cooperiret.
995 1806 1077 1860 Ad
1098 1805 1202 1861 hoc
1220 1819 1347 1874 ergo
1364 1802 1451 1857 ille
1475 1801 1711 1871 cooperit
1741 1800 1933 1856 oculum

336 1899 610 1965 nubibus,
640 1908 694 1953 ut
718 1906 863 1967 paret
893 1907 1046 1952 terra:
1068 1897 1318 1967 pluviam.
1339 1894 1417 1948 Ad
1447 1893 1546 1949 hoc
1571 1894 1796 1948 obscura
1816 1907 1935 1948 esse

346 1990 523 2044 voluit
556 1989 696 2044 dicta
741 1987 1127 2058 PrOpbctarum
1152 2028 1167 2052 ,
1200 1994 1258 2042 ut
1295 1985 1554 2040 haberent
1584 1993 1764 2055 postea
1794 1983 1934 2040 servi

354 2082 462 2137 Dei
505 2081 647 2151 quod
700 2079 1097 2150 interpretando
1147 2078 1426 2133 induerent
1478 2090 1635 2147 super
1677 2090 1834 2131 aures
1881 2082 1934 2129 et

338 2173 516 2229 corda
542 2173 838 2240 hominum,
853 2169 1225 2240 excipientium
1247 2169 1315 2222 de
1332 2167 1559 2222 nubibus
1581 2167 1673 2222 Dei
1694 2166 1933 2237 saginam

350 2266 558 2323 laetitiis
598 2264 911 2335 spiritualis.
957 2264 1057 2332 Qui
1093 2263 1315 2334 cooperit
1351 2261 1531 2316 caelum
1568 2258 1779 2317 nubibus
1800 2300 1814 2327 ,
1845 2259 1933 2330 qui

340 2366 501 2428 parat
528 2367 674 2412 terra:
702 2357 942 2427 pluviam.

428 2447 514 2506 16.
556 2451 655 2518 Qui
688 2450 875 2506 exoriri
911 2449 1033 2519 facit
1060 2449 1114 2503 in
1140 2447 1389 2503 utentibus
1422 2449 1620 2517 fenum,
1652 2455 1698 2499 et
1728 2443 1931 2509 herbam

339 2542 574 2596 servituti
613 2541 890 2601 hominum.
936 2540 1072 2596 Ecce
1112 2541 1312 2594 fructus
1344 2538 1553 2608 pluviae.
1586 2537 1688 2604 Qui
1714 2538 1899 2591 exoriri
1912 2578 1926 2605 ,

334 2634 554 2703 inquit,
601 2635 720 2705 facit
756 2635 807 2687 in
840 2634 1088 2688 montibus
1129 2636 1317 2703 fenum.
1349 2630 1611 2703 Numquid
1646 2646 1751 2685 non
1790 2638 1843 2686 et
1875 2631 1930 2685 in

330 2733 495 2781 terra
542 2726 761 2779 humili?
803 2725 908 2780 Sed
949 2725 1088 2796 quod
1127 2739 1372 2795 magnum
1412 2732 1525 2789 est,
1567 2722 1619 2776 in
1659 2722 1926 2776 montibus.

346 2814 563 2871 Montes
587 2817 717 2870 dicit
741 2818 983 2871 excelsos
1003 2817 1180 2871 saeculi
1215 2834 1228 2869 :
1260 2816 1432 2884 aliqua
1466 2830 1651 2884 magna
1676 2814 1929 2884 dignitate

342 2906 636 2976 praeditos,
667 2907 769 2962 hoc
803 2907 920 2963 loco
960 2917 1165 2963 montes
1190 2908 1391 2976 accipe.
1422 2908 1485 2961 Et
1506 2921 1610 2961 non
1633 2917 1714 2961 est
1737 2906 1928 2960 mirum

346 2999 480 3068 quia
509 2998 615 3052 duo
642 3000 841 3053 minuta
872 3000 1016 3053 misit
1038 2999 1216 3054 nescio
1249 3014 1365 3068 qua:
1402 2998 1552 3052 vidua
1586 2998 1637 3053 in
1663 2997 1929 3068 gazophy-

349 3088 547 3147 lacium
566 3088 758 3158 (Marc.
787 3104 880 3155 xu,
911 3088 1000 3158 42)
1025 3105 1037 3150 ;
1070 3098 1208 3142 terra
1236 3088 1407 3140 attulit
1432 3086 1645 3151 fenum,
1671 3096 1806 3141 terra
1831 3087 1926 3140 hu-

341 3179 530 3233 milis:
565 3188 619 3232 et
644 3195 796 3233 mons
827 3179 1020 3231 attulit.
1059 3178 1343 3231 Zaccha'us
1373 3178 1458 3231 ille
1487 3177 1655 3246 major
1688 3178 1925 3246 publica-

324 3285 539 3329 .aorum
567 3269 732 3342 (Luc.
767 3286 888 3331 XIX,
915 3268 1008 3323 2-8
1033 3269 1085 3336 );
1135 3268 1234 3322 hoc
1268 3268 1409 3323 enim
1449 3279 1561 3320 erat
1603 3268 1947 3336 mirabilius,,

334 3362 471 3431 quia
500 3376 653 3417 mons
683 3361 857 3419 attulit
884 3359 1082 3417 fenum.
1115 3359 1323 3426 Quanto
1352 3362 1494 3414 enim
1522 3360 1643 3414 elati
1673 3368 1795 3414 sunt
1824 3360 1923 3413 ho-

338 3454 553 3517 mines,
576 3460 721 3505 tanta
741 3451 884 3505 avari
910 3459 1060 3513 sunt;
1090 3458 1143 3504 et
1170 3460 1366 3519 quanto
1392 3450 1442 3504 in
1473 3450 1572 3504 hoc
1602 3449 1796 3511 smculo,
1823 3467 1925 3504 Illa-

330 3541 526 3612 jorcs,
550 3551 696 3596 tanto
716 3541 834 3613 plus
863 3549 1043 3594 amant
1062 3540 1269 3594 divitias
1291 3556 1433 3595 suas.
1462 3539 1614 3596 Unde
1645 3539 1733 3595 ille
1763 3540 1924 3593 tristis

344 3634 639 3699 abscessit,
676 3635 763 3703 qui
803 3634 1081 3691 consilium
1112 3633 1231 3686 vita:
1265 3644 1477 3688 alternat
1512 3634 1724 3704 petebat
1757 3649 1787 3687 a
1817 3634 1923 3686 Do-

336 3726 492 3782 mino
513 3765 529 3791 ,
569 3734 624 3780 ct
654 3725 935 3795 appellavit
962 3740 1081 3778 eum
1114 3725 1421 3794 magistrum
1463 3724 1659 3779 bonum
1697 3722 1917 3781 dicens:

341 3817 487 3885 Quid
515 3818 697 3888 faciant
724 3826 777 3870 ut
804 3817 954 3870 vitam
981 3825 1220 3870 acternant
1249 3815 1495 3869 habeam?
1522 3815 1589 3868 Et
1612 3814 1698 3867 ille
1725 3831 1736 3865 :
1764 3814 1923 3890 Serva

336 3908 608 3962 mandata.
644 3907 811 3974 Qum?
849 3907 917 3961 Et
958 3906 1088 3960 dixit
1118 3905 1363 3959 mandata
1405 3905 1554 3975 legis.
1590 3903 1714 3959 Παῖς
1754 3905 1923 3957 omnia

336 3999 440 4068 feci
466 4013 497 4049 a
514 3998 774 4071 juventute
798 4012 927 4050 mea.
951 3994 1120 4050 Unum
1140 4037 1155 4060 ,
1180 3995 1380 4065 inquit,
1411 3994 1498 4047 tibi
1523 3994 1680 4049 deest.
1712 3994 1798 4049 Vis
1819 4011 1923 4049 esse

342 4088 638 4159 perfectus?
686 4086 857 4151 Vade,
895 4087 1049 4142 vende
1089 4087 1257 4141 omnia
1292 4098 1379 4140 tua
1406 4103 1518 4157 qua:
1547 4087 1728 4154 habes,
1775 4096 1820 4140 et
1856 4087 1924 4141 da

343 4180 683 4251 pauperibus,
715 4190 760 4233 et
795 4180 995 4233 habebis
1023 4179 1315 4234 thesaurum
1340 4181 1393 4233 in
1429 4180 1585 4247 caelo;
1610 4190 1654 4235 et
1685 4182 1815 4246 veni,
1845 4197 1922 4235 se-

339 4289 495 4344 quere
519 4289 616 4327 me.
643 4272 777 4339 Quid
809 4272 941 4326 dixit
971 4272 1263 4327 Dominus?
1295 4273 1432 4327 Ecce
1461 4288 1613 4327 mons
1633 4290 1710 4339 es,
1743 4274 1922 4343 accipe

343 4347 681 4435 pluviam,‘et
702 4362 767 4417 da
796 4363 997 4418 fenum.
1043 4362 1179 4430 Quid
1204 4364 1343 4418 enim
1373 4363 1591 4418 daturus
1616 4364 1716 4418 es?
1747 4378 1922 4418 nonne

340 4454 559 4511 fenum?
591 4455 796 4513 Etenim
831 4453 931 4509 ista
962 4455 1136 4510 omnia
1164 4471 1280 4523 qua:
1308 4456 1560 4510 Ecclesia:
1589 4455 1653 4509 ad
1684 4456 1921 4511 necessi-

351 4555 489 4605 tates
516 4547 860 4603 servientium
887 4547 998 4601 Deo
1025 4547 1221 4601 dantur
1248 4563 1275 4600 a
1307 4546 1589 4613 divitibus,
1623 4548 1746 4618 quid
1776 4557 1917 4616 sunt,

348 4638 450 4692 nisi
477 4637 694 4695 fenum?
722 4637 968 4693 Carnalia
992 4640 1131 4693 enim
1162 4647 1304 4705 sunt,
1336 4647 1387 4693 et
1414 4639 1489 4695 ,ad
1521 4647 1728 4710 tempus
1756 4654 1921 4709 appa-

342 4731 515 4787 rentia
549 4748 561 4785 :
595 4731 687 4789 sed
719 4746 821 4787 non
850 4730 970 4785 inde
993 4731 1188 4800 aliquid
1224 4732 1434 4786 carnale
1467 4733 1813 4804 conquiritur.
1848 4732 1923 4789 De

347 4820 508 4876 rebus
538 4821 731 4877 vilibus
754 4819 879 4890 quid
912 4836 1060 4876 emas
1088 4822 1320 4874 attende.
1351 4822 1633 4890 Apostolus
1654 4824 1793 4877 enim
1814 4823 1919 4889 ait,

345 4913 637 4969 ostendens
681 4913 857 4968 fenum
890 4928 1010 4967 esse
1038 4912 1162 4967 illud
1187 4954 1202 4980 ,
1241 4912 1302 4967 Si
1343 4929 1433 4966 nos
1468 4914 1602 4967 vobis
1641 4915 1924 4983 spiritualia

344 5007 725 5073 seminavimus,
759 5023 997 5079 magnum
1036 5016 1106 5063 est
1146 5007 1190 5060 si
1229 5016 1390 5061 vestra
1429 5008 1655 5062 carnalia
1680 5018 1923 5064 metamus

348 5096 387 5166 (l
414 5096 527 5150 Cor.
557 5113 631 5163 ix,
651 5096 775 5168 il)?
796 5097 863 5152 Et
883 5098 1002 5151 audi
1029 5098 1149 5169 quia
1174 5098 1400 5153 carnalia
1429 5097 1605 5153 fenmn
1633 5108 1774 5153 sunt.
1803 5098 1924 5152 0m-

347 5188 426 5240 nis
480 5203 597 5240 caro
631 5191 801 5259 fenum
819 5204 837 5252 ,'
874 5197 922 5241 et
956 5188 1117 5241 omnis
1148 5188 1351 5242 claritas
1382 5188 1593 5242 hominis
1618 5197 1672 5242 ut
1697 5190 1794 5259 flos
1822 5189 1925 5259 feni

353 5275 507 5345 (Isai.
536 5293 624 5341 XL,
653 5274 728 5348 6).
762 5275 903 5347 Ergo
933 5277 1021 5332 ille
1058 5278 1223 5332 tristis
1248 5278 1537 5345 abscessit;
1564 5284 1619 5333 et
1646 5278 1718 5333 ait
1748 5277 1923 5333 Domi-

348 5383 450 5421 nus
481 5386 493 5422 :
532 5367 699 5436 Quam
733 5368 933 5438 difficile
966 5369 1101 5424 dives
1130 5371 1283 5424 intrat
1311 5370 1365 5425 in
1406 5386 1615 5442 regnum
1651 5369 1926 5424 caelorum!

348 5460 461 5514 iloc
486 5475 614 5529 ergo
638 5476 885 5532 magnum
904 5502 921 5529 ,
946 5463 1068 5532 quia
1108 5462 1292 5516 exoriri
1335 5463 1458 5534 facit
1486 5463 1539 5517 in
1574 5462 1821 5516 montibus
1851 5465 1926 5533 fe-

348 5568 490 5608 num.
523 5553 591 5608 Et
615 5553 881 5623 quomodo
910 5555 1094 5608 exoriri
1127 5554 1247 5624 facit
1279 5553 1333 5608 in
1370 5553 1617 5609 montibus
1648 5557 1839 5626 fenum,
1881 5555 1927 5609 si

349 5642 495 5700 dives
527 5644 615 5700 ille
633 5686 649 5715 ,
681 5644 862 5700 audito
890 5643 1029 5716 quod
1062 5660 1150 5700 res
1176 5659 1298 5701 suas
1333 5644 1551 5701 deberet
1581 5644 1706 5700 dare
1732 5659 1928 5715 paupe-

346 5780 560 5899 ὢ
578 5785 705 5844 post,
729 5778 920 5844 cwlwn,
939 5780 1140 5843 habent,
1163 5777 1466 5845 comptucris.
1491 5788 1591 5835 am.
1620 5787 1675 5833 et
1695 5787 1789 5844 Er.,
1816 5795 1927 5834 cum

1451 387 1847 447 ENARBATiO
1882 384 1948 441 1N
1985 382 2305 459 PSALMUM
2342 391 2566 459 CXLVI.

3487 400 3628 460 1910
3666 448 3669 455 .

2053 505 2230 571 ribus,
2277 509 2444 564 tristis
2483 510 3080 581 abscessitiQuomodo
3118 524 3305 587 postea
3350 519 3627 587 respondit

2050 596 2315 667 Apostolis
2339 600 2701 659 contristatis?
2729 604 2854 670 Quae
2878 605 3158 662 hominibus
3179 605 3401 679 difﬁcilia
3422 608 3440 639 ί
3478 619 3618 679 sunt,

2049 686 2156 742 Deo
2182 690 2357 763 facilia
2390 701 2503 745 sunt
2531 691 2738 764 (Matth.
2768 711 2876 764 nx,
2906 697 3105 770 16-26).
3138 698 3278 769 Ergo
3315 698 3408 755 ille
3434 700 3629 755 exoriri

2049 780 2170 847 facit
2201 783 2252 837 in
2292 785 2538 840 montibus
2567 788 2768 859 fenum,
2794 790 2878 844 cui
2906 791 3082 845 omnia
3107 789 3284 850 facilia
3312 802 3454 848 sunt.
3484 793 3621 850 Nam

2049 872 2177 927 nihil
2214 884 2356 931 esset
2401 877 2634 933 sterilius
2675 879 2973 941 durissimis
3008 886 3293 941 montibus.
3340 886 3483 942 Pluit
3530 887 3622 944 ille

2047 964 2131 1032 qui
2160 966 2280 1035 facit
2306 968 2494 1021 emoriri
2521 968 2573 1023 in
2594 971 2842 1025 montibus
2868 972 3038 1042 fenum
3056 1017 3071 1042 ,
3096 984 3143 1028 et
3171 975 3373 1029 herbam
3397 977 3626 1033 servituti

2047 1050 2326 1112 hominum.
2364 1060 2460 1116 Cui
2488 1063 2947 1135 servituti?lpsum
2980 1066 3199 1123 Paulum
3229 1069 3475 1126 attende:
3508 1069 3624 1127 Nos

2047 1159 2213 1205 autem
2236 1193 2251 1219 ,
2285 1152 2483 1223 inquit,
2514 1173 2679 1213 servos
2717 1168 2902 1215 vestros
2952 1177 3041 1231 per
3064 1158 3244 1216 Iesum
3265 1162 3517 1217 Christum
3540 1162 3623 1234 (ll

2047 1243 2163 1301 Cor.
2190 1261 2273 1311 ιγ,
2304 1246 2337 1301 5
2362 1245 2401 1320 ).
2435 1247 2532 1315 Qui
2560 1250 2786 1319 dicebat,
2841 1252 2903 1309 Si
2935 1270 3026 1308 nos
3053 1255 3188 1309 vobis
3213 1257 3499 1327 spiritualia
3535 1272 3618 1311 se-

2052 1339 2351 1393 minavimus
2370 1382 2383 1406 ,
2424 1358 2660 1413 maguum
2697 1356 2768 1401 est
2812 1347 2856 1401 si
2884 1357 3044 1401 vestra
3074 1348 3300 1403 carnalia
3328 1359 3573 1404 metamus
3593 1348 3622 1404 Ρ

2044 1444 2258 1486 servum
2288 1448 2346 1486 se
2369 1432 2519 1487 dixit.
2551 1432 2820 1492 Servimus
2849 1438 2989 1493 enim
3018 1439 3187 1506 vobis,
3220 1439 3425 1495 fratres.
3450 1438 3622 1496 Nemo:

2045 1535 2103 1577 se
2148 1532 2385 1579 nostrum
2421 1524 2564 1579 dicat
2589 1527 2738 1596 quasi
2765 1528 3019 1598 majorem
3062 1528 3211 1585 vobis
3237 1546 3375 1585 esse.
3406 1530 3619 1586 Erimus

2043 1615 2294 1685 majores,
2338 1616 2383 1670 si
2424 1614 2684 1672 fuerimus
2726 1616 3077 1677 humiliores:
3107 1622 3420 1696 Quicumque
3449 1632 3619 1677 autem

2041 1707 2147 1761 uult
2167 1723 2271 1761 esse
2302 1709 2469 1780 major
2493 1718 2732 1776 vestrum,
2761 1709 2971 1765 Domini
2995 1714 3258 1776 sententia
3278 1722 3381 1782 est,
3410 1714 3503 1768 erit
3535 1729 3618 1770 ve-

2039 1806 2143 1851 ster
2166 1814 2332 1852 servus
2356 1798 2565 1870 (Matth.
2587 1815 2687 1867 xx,
2710 1800 2822 1873 26).
2844 1800 2985 1872 Ergo
3010 1803 3193 1858 exoriri
3211 1805 3334 1874 facit
3357 1805 3409 1859 in
3427 1805 3616 1859 monti-

2040 1887 2130 1943 bus
2156 1893 2327 1961 fenum
2349 1900 2394 1945 et
2415 1891 2618 1946 herbam
2637 1895 2859 1949 servituti
2881 1894 3162 1950 hominum.
3184 1896 3378 1952 Paulus
3398 1897 3612 1967 quidem

2040 1982 2309 2052 apostolus
2332 1983 2575 2036 manibus
2597 1985 2708 2039 suis
2728 1985 2931 2052 vivens,
2959 1984 3129 2055 ipsum
3153 1984 3331 2041 fenum
3355 1987 3619 2042 montium

2040 2071 2210 2126 noluit
2238 2072 2480 2142 accipere
2504 2091 2519 2139 ;
2552 2075 2717 2129 voluit
2744 2075 3014 2146 indigere'l
3046 2093 3059 2129 :
3088 2077 3183 2132 sed
3207 2085 3381 2133 tamen
3407 2087 3615 2134 montes

2038 2164 2235 2221 dabant
2261 2165 2461 2221 fenum.
2484 2166 2619 2221 Num
2641 2169 2763 2237 quia
2785 2168 2873 2222 ille
2894 2167 3064 2223 noluit
3086 2170 3349 2241 accipere,
3370 2181 3614 2240 propter-

2036 2270 2099 2311 ea
2125 2265 2333 2312 montes
2358 2256 2486 2312 dare
2508 2275 2609 2314 non
2639 2258 2916 2324 deberent,
2942 2267 2998 2313 ut
3015 2259 3222 2316 steriles
3241 2262 3615 2317 remanerent?

2037 2347 2271 2405 Debetur
2322 2349 2509 2419 pluviae
2558 2350 2782 2414 fructus,
2826 2350 3047 2406 debetur
3085 2365 3240 2407 servo
3274 2353 3444 2422 cibus,
3474 2355 3615 2410 sicut

2040 2439 2296 2497 Dominus
2322 2444 2426 2497 ait:
2455 2442 2762 2499 Manducate
2790 2461 2903 2514 qua:
2925 2445 2987 2499 ab
3014 2446 3138 2517 ipsis
3156 2457 3291 2502 sunt.
3322 2447 3390 2503 Et
3418 2464 3485 2504 ne
3515 2464 3612 2521 pu-

2039 2540 2213 2589 tarent
2242 2535 2441 2605 aliquid
2470 2536 2535 2590 de
2560 2551 2656 2591 suo
2671 2537 2869 2592 donare
2896 2557 2909 2593 :
2930 2535 3130 2611 Dignus
3149 2549 3220 2594 est
3241 2540 3393 2609 enim,
3415 2541 3605 2612 inquit,

2035 2629 2296 2697 operarius
2323 2630 2546 2683 mercede
2564 2647 2656 2684 sua
2686 2630 2832 2699 (Luc.
2853 2647 2909 2697 ι,
2933 2628 2986 2696 8,
3020 2630 3096 2702 7).

2106 2719 2194 2773 17.
2239 2719 2452 2789 itaque,
2483 2720 2704 2787 fratres,
2745 2722 2992 2791 quoniam
3023 2722 3242 2794 contigit
3264 2723 3373 2795 jam
3411 2739 3479 2782 ex
3508 2724 3608 2780 ista

2032 2804 2313 2865 occasione
2338 2812 2533 2881 aliquid
2562 2812 2706 2882 loqui
2732 2814 2882 2869 vobis
2899 2812 2995 2886 (α),
3023 2815 3252 2871 maxime
3278 2816 3400 2886 quia
3428 2816 3605 2887 loqui-

2031 2913 2172 2966 mur,
2202 2900 2323 2953 talia
2353 2916 2450 2954 nos
2489 2916 2593 2955 non
2621 2913 2917 2972 quasrcutes
2942 2920 2969 2956 a
2998 2903 3151 2959 vobis
3177 2946 3192 2972 ,
3238 2915 3294 2960 et
3320 2905 3440 2960 ideo
3471 2906 3583 2961 lihe-
3661 2918 3667 2923 '

2034 2994 2144 3048 rius
2173 2994 2432 3049 dicimus:
2459 2993 2551 3050 sed
2578 2996 2678 3051 etsi
2709 3011 3087 3065 quaereremus,
3118 2997 3344 3052 fructum
3371 3005 3603 3054 vestrum

2030 3103 2408 3157 quaereremus,
2440 3096 2493 3142 et
2521 3104 2624 3142 non
2655 3098 2858 3143 vestras
2882 3104 3011 3158 opes
3035 3089 3078 3154 ³,
3129 3090 3223 3144 sed
3250 3099 3478 3145 vestram
3515 3091 3607 3160 ju-’

2029 3177 2226 3232 stitiam
2249 3196 2260 3229 :
2286 3186 2460 3233 tamen
2491 3179 2753 3233 admoneo
2773 3180 3026 3247 breviter,
3046 3181 3291 3249 quoniam
3309 3181 3417 3249 jam
3444 3182 3607 3235 multa

2029 3268 2273 3332 diximus,
2320 3278 2373 3322 et
2412 3269 2700 3338 aliquando
2727 3285 2910 3324 sermo
2939 3269 3203 3325 ﬁniendus
3229 3281 3346 3335 est;
3379 3272 3422 3325 si
3449 3273 3606 3326 vultis

2030 3375 2138 3415 non
2154 3374 2273 3415 esse
2294 3359 2527 3425 steriles,
2550 3368 2607 3414 ut
2626 3359 2861 3414 reddatis
2885 3376 2981 3430 pro
3008 3361 3600 3430 pluviafecmtditatem,

2030 3468 2097 3508 ne
2136 3454 2419 3509 damnetur
2458 3463 2643 3524 postea
2687 3455 2938 3511 sterilitas
2964 3467 3139 3511 vestra
3165 3457 3436 3527 (minatur
3459 3458 3601 3513 enim

2028 3547 2168 3602 Deus
2203 3557 2355 3601 terra:
2382 3548 2545 3602 sterili
2577 3556 2631 3602 et
2657 3547 2885 3618 spinosa:
2912 3548 3085 3618 ignem
3116 3548 3298 3621 (Hebr.
3330 3565 3401 3614 vr,
3434 3550 3489 3615 7,
3520 3550 3600 3621 8),

2029 3638 2165 3694 sicut
2193 3638 2479 3693 fructuosae
2500 3639 2752 3694 horreum
2782 3648 2933 3709 parat
2957 3640 2974 3710 )
2998 3655 3013 3705 ;
3042 3639 3237 3695 efficite
3262 3649 3319 3694 ut
3340 3654 3432 3695 vos
3458 3640 3601 3710 ipsos

2028 3729 2251 3799 exigatis
2274 3771 2287 3793 ,
2328 3728 2597 3783 efﬁcimini
2622 3738 2898 3784 exactores
2928 3730 3111 3785 vestri.
3140 3731 3382 3786 Christus
3415 3734 3602 3789 tacitus

2029 3820 2192 3890 exigit
2218 3836 2232 3884 ;
2266 3827 2319 3874 et
2348 3820 2518 3889 major
2544 3828 2625 3873 est
2650 3835 2752 3874 vox
2784 3822 3006 3875 tacentis
3030 3862 3043 3885 ,
3071 3822 3190 3890 quia
3217 3822 3268 3876 in
3308 3822 3602 3892 Evangelia

2027 3925 2133 3964 non
2175 3916 2331 3965 tacet.
2375 3909 2490 3964 Non
2534 3910 2675 3965 enim
2713 3925 2839 3965 vere
2868 3919 3046 3977 tacet,
3073 3926 3193 3966 cum
3217 3910 3346 3965 dicit
3378 3929 3391 3965 :
3423 3911 3603 3967 Facite

2022 4000 2160 4055 vobis
2177 4002 2363 4055 anticus
2379 4002 2441 4055 de
2465 4017 2749 4055 mammona
2769 4001 3065 4071 iniquitatis,
3088 4013 3144 4057 ut
3164 4012 3211 4058 et
3237 4005 3333 4074 ipsi
3357 4006 3601 4076 recipiant

2025 4108 2111 4146 vos
2128 4092 2177 4145 in
2193 4101 2377 4146 aeterna
2399 4092 2719 4146 tabernacula
2739 4091 2888 4163 (Luc.
2914 4108 3022 4158 xvn,
3047 4092 3125 4165 9).
3151 4094 3266 4148 Non
3293 4103 3432 4150 tacet
3450 4096 3597 4163 ipse;

2025 4183 2203 4237 audite
2247 4197 2431 4237 vocem
2475 4182 2609 4252 ejus.
2644 4181 2812 4237 Nemo
2842 4184 2985 4239 enim
3023 4199 3119 4239 vos
3149 4193 3322 4254 potest
3347 4186 3597 4256 exigere;

2026 4274 2129 4328 nisi
2157 4274 2290 4329 forte
2314 4274 2591 4328 exactione
2616 4287 2751 4344 opus
2775 4282 2877 4340 est,
2910 4281 2971 4328 ut
2992 4275 3081 4344 qui
3106 4275 3253 4330 vobis
3278 4276 3331 4330 in
3361 4275 3603 4346 Evange—

2026 4366 2101 4421 lio
2125 4365 2385 4431 serviunt,
2410 4372 2591 4434 petant
2615 4379 2644 4418 a
2674 4365 2843 4420 vobis.
2874 4364 2930 4421 Si
2961 4365 3027 4420 ad
3050 4362 3150 4420 hoc
3178 4375 3389 4421 ventum
3417 4367 3598 4435 fuerit,

2025 4466 2085 4512 ut
2114 4466 2323 4527 petant;
2355 4457 2532 4513 videte
2557 4472 2625 4513 ne
2649 4458 2787 4528 quod
2828 4473 2923 4513 vos
2954 4473 2989 4513 a
3016 4458 3126 4514 Deo
3152 4461 3327 4530 petitis
3349 4502 3364 4525 ,
3407 4460 3600 4517 frustra

2026 4548 2238 4618 petatis.
2282 4548 2423 4618 Ergo
2460 4557 2629 4603 estote
2657 4560 2932 4604 exactores
2960 4551 3118 4604 vestri
3143 4592 3160 4618 ,
3200 4565 3269 4606 ne
3297 4551 3495 4622 aliquid
3525 4552 3602 4607 illi

2028 4639 2118 4709 qui
2148 4638 2298 4692 vobis
2322 4637 2376 4693 in
2405 4638 2695 4708 Evangelio
2719 4639 2998 4706 serviunt,
3027 4654 3134 4695 non
3150 4642 3281 4709 ,dico
3304 4653 3486 4711 petere
3510 4656 3601 4698 co»

2023 4737 2213 4800 gantur
2230 4771 2244 4795 ,
2283 4744 2404 4783 nam
2431 4728 2568 4784 forte
2594 4744 2692 4784 nec
2715 4731 2888 4785 coacti
2915 4739 3136 4800 petunt;
3173 4732 3265 4786 sed
3295 4748 3361 4786 ne
3384 4733 3602 4787 silentio

2024 4836 2120 4877 vos
2146 4832 2386 4892 arguant.
2417 4821 2569 4877 Unde
2596 4823 2849 4892 scriptum
2879 4831 2963 4877 est
2990 4840 3003 4876 :
3033 4822 3219 4877 Beatus
3246 4824 3333 4894 qui
3368 4824 3603 4893 intelligit

2024 4929 2174 4983 super
2216 4928 2424 4983 egenum
2466 4922 2512 4967 et
2537 4928 2807 4983 pauperem
2840 4912 3010 4984 (Psal.
3045 4928 3135 4981 XL,
3162 4914 3244 4984 2).
3277 4913 3409 4969 Cum
3450 4914 3598 4979 dicit,

2026 5004 2110 5074 qui
2140 5003 2373 5074 intelligit
2399 5019 2549 5073 super
2572 5020 2780 5075 egenum
2803 5014 2850 5058 et
2879 5020 3167 5076 pauperem,
3196 5020 3302 5059 non
3330 5014 3605 5075 exspectat

2026 5103 2086 5149 ut
2112 5102 2273 5163 petat.
2306 5093 2545 5164 lntellige
2573 5108 2732 5164 super
2762 5095 2935 5150 illum.
2969 5096 3115 5157 Alius
3153 5104 3204 5151 te
3240 5098 3431 5166 quaerit
3475 5096 3606 5155 indl-

2027 5198 2159 5256 gens
2179 5225 2194 5250 ,
2220 5184 2383 5237 alium
2409 5192 2464 5238 tu
2486 5184 2650 5240 debes
2668 5199 2907 5255 quaerere
2936 5184 3278 5256 indigentem.
3312 5186 3605 5265 Utrumque

2027 5273 2226 5331 dictum
2255 5285 2358 5340 est,
2401 5276 2594 5331 fratres
2619 5276 2724 5330 mei
2753 5292 2767 5328 :
2791 5283 2875 5343 et,
2904 5275 3056 5331 Omni
3082 5279 3263 5349 petenti
3289 5286 3337 5332 te
3361 5278 3429 5332 da
3453 5278 3602 5349 (Luc.

2027 5384 2101 5436 γι,
2128 5368 2243 5440 50),
2272 5369 2431 5424 modo
2452 5369 2647 5425 lectum
2669 5377 2785 5436 est;
2809 5376 2866 5424 et
2888 5370 2992 5424 alio
3018 5371 3136 5426 loco
3157 5370 3432 5441 Scriptura
3455 5371 3604 5441 dicit,

2030 5460 2192 5518 Sudet
2217 5462 2531 5532 eleemosgna
2555 5461 2610 5515 in
2636 5477 2791 5516 manu
2815 5470 2904 5516 tua
2922 5503 2936 5529 ,
2962 5478 3219 5533 quousque
3247 5464 3471 5518 invenias
3510 5465 3606 5533 ju-

2093 5596 2110 5628 ί
2134 5596 2207 5647 sic
2226 5607 2397 5658 omnes
2417 5602 2521 5658 Mss.
2540 5594 2651 5644 Edd.
2677 5593 3156 5658 vero,

2094 5659 2115 5687 ⁸
2140 5666 2238 5721 Α-ω.
2267 5664 2320 5706 et
2344 5655 2567 5719 plerique
2591 5664 2718 5718 Mss.,
2742 5655 2890 5708 ualuit
2902 5655 3145 5721 indigere.

2094 5722 2114 5753 ³
2133 5717 2299 5767 Plures
2320 5717 2449 5781 ὡς»,
2468 5717 2653 5769 nostras
2667 5717 2796 5781 opes.

2094 5782 2167 5850 (ᾳ)
2191 5787 2284 5829 ttae
2319 5780 2384 5830 de
2422 5791 2499 5850 re_
2531 5780 2761 5850 superius
2795 5782 2901 5846 egit
2937 5780 3064 5846 apud
3093 5780 3516 5850 Carthaginems,
3563 5791 3632 5848 tn_

2036 5841 2159 5895 Psal.
2180 5857 2276 5906 cm,
2295 5854 2445 5894 serm.
2469 5841 2519 5905 ὅ,
2547 5841 2606 5896 ιιὶ
2624 5841 2755 5894 9-12.
