4080 6466
524 392 660 449 1911

522 519 658 565 stum
682 507 765 562 cui
793 523 900 562 eam
931 504 1123 560 tradas.
1146 501 1299 559 Alius
1323 499 1512 572 estqui
1543 509 1595 557 te
1617 500 1827 573 quzerit,
1854 500 2016 555 alium
2047 508 2105 555 tu

525 602 691 659 debes
718 616 976 673 quaerere.
1000 600 1107 655 Nec
1131 615 1251 655 eum
1280 598 1367 669 qui
1396 606 1447 653 te
1475 599 1666 668 quaerit
1690 596 1957 666 relinquas
1988 594 2104 648 ina-

425 650 459 763 δμ
524 710 679 756 nem;
715 650 865 748 ani
895 692 1037 748 enim
1067 692 1249 763 petenti
1276 700 1321 745 te
1342 691 1407 744 da
1430 706 1448 744 :
1469 689 1564 745 sed
1589 689 1726 743 alius
1753 698 1835 743 est
1862 692 2105 757 qucmgtu

442 759 473 855 ﬁ,
523 786 689 842 debes
709 800 981 855 qumrere;
1014 759 1176 839 sudet
1205 783 1519 853 eleemosyna
1544 782 1595 834 in
1625 797 1777 834 manu
1805 788 1892 833 tua
1915 794 2103 848 quous-

517 892 615 947 que
654 876 876 929 invenias
904 877 1103 947 justum
1136 875 1219 928 cui
1258 874 1364 928 des.
1408 872 1686 943 Nunquam
1727 870 1828 925 hoc
1866 869 2101 932 facietis,

517 970 622 1025 nisi
667 969 866 1040 aliquid
909 969 977 1025 de
1022 969 1181 1025 rebus
1219 968 1410 1024 vestris
1448 966 1738 1037 sepositum
1778 962 2100 1030 habueritis,

519 1062 664 1133 quod
690 1062 881 1133 cuique
907 1062 1080 1133 placet
1103 1078 1198 1133 pro
1220 1060 1535 1117 necessitate
1565 1058 1642 1113 rei
1666 1057 1939 1113 familiaris
1967 1069 2099 1122 sum,

516 1164 771 1226 tanquam
799 1154 1036 1211 debitum
1062 1155 1214 1226 quasi
1246 1155 1374 1209 ﬁsco
1404 1151 1752 1208 reddendum.
1781 1150 1837 1205 Si
1864 1165 1969 1205 non
2002 1149 2100 1204 ha-

514 1244 610 1302 bet
649 1247 1032 1317 rempublicam
1079 1262 1230 1302 suam
1275 1244 1519 1301 Christus
1542 1286 1556 1309 ,
1588 1259 1691 1299 non
1724 1242 1882 1299 habet
1914 1243 2100 1298 ﬁscum

511 1352 691 1394 suum.
719 1338 906 1394 Fiscus
932 1338 1077 1395 enim
1104 1338 1250 1394 scitis
1274 1337 1400 1409 quid
1426 1338 1531 1393 sit?
1560 1336 1746 1392 Fiscus
1774 1350 1960 1390 saccus
1984 1342 2097 1401 est;

508 1432 657 1488 unde
677 1442 732 1489 et
756 1434 972 1488 ﬁscellze
1014 1442 1069 1488 et
1096 1432 1296 1487 ﬁscina:
1339 1431 1609 1487 dicuntur.
1639 1429 1714 1484 Ne
1745 1428 1941 1499 putetis
1974 1427 2100 1497 quia

508 1526 703 1596 aliquis
724 1525 885 1581 draco
901 1534 983 1579 est
1004 1524 1188 1592 ﬁscus,
1210 1523 1332 1595 quia
1366 1538 1487 1577 cum
1523 1522 1711 1576 timore
1737 1519 1950 1575 auditur
1974 1532 2099 1574 exa-

510 1627 631 1675 ctor
656 1618 804 1684 ﬁsci;
840 1619 1000 1675 ﬁscus
1029 1632 1213 1673 saccus
1240 1626 1322 1673 est
1359 1616 1621 1688 publicus.
1650 1615 1825 1686 Ipsum
1869 1613 2101 1670 habebat

504 1712 769 1767 Dominus
796 1713 880 1768 hic
902 1714 953 1767 in
988 1712 1380 1782 terra,quando
1410 1711 1613 1767 loculos
1636 1709 1892 1776 habebat;
1924 1710 2097 1779 etipsi

502 1803 671 1860 loculi
694 1804 844 1860 Judae
866 1813 1019 1861 erant
1038 1804 1309 1860 commissi
1340 1802 1517 1875 (Joan.
1545 1818 1640 1870 xu,
1663 1801 1742 1875 6).
1773 1801 1964 1857 Judam
1991 1811 2097 1857 tra-

504 1893 735 1952 ditorem
766 1896 1064 1966 patiebatur
1092 1896 1348 1950 Dominus
1374 1902 1428 1949 et
1458 1894 1628 1949 furem
1654 1934 1670 1960 ,
1702 1903 1755 1948 et
1785 1894 1836 1947 in
1866 1893 1982 1963 ipso
2009 1909 2097 1949 os-

503 1989 734 2044 tendens
762 1990 957 2059 ubique
986 1988 1292 2059 patientiam
1321 2002 1470 2041 suam
1501 2004 1513 2040 :
1545 1994 1719 2040 tamen
1748 1985 1821 2040 illi
1851 1985 1942 2056 qui
1966 2000 2096 2040 con-

500 2080 780 2145 ferebant,
822 2081 877 2134 in
916 2079 1119 2135 loculos
1157 2077 1367 2134 Domini
1409 2076 1774 2133 conferebant.
1804 2076 1916 2133 Nisi
1955 2076 2095 2133 forte

500 2171 723 2241 putatis,
754 2171 876 2241 quia
904 2170 1164 2226 Dominus
1190 2169 1319 2237 ibat,
1343 2178 1397 2225 et
1417 2169 1653 2240 petebat,
1679 2178 1771 2224 aut
1799 2168 2088 2239 indigebat,

500 2263 586 2318 cui
630 2262 820 2332 Angeli
862 2261 1207 2327 serviebant,
1243 2260 1334 2331 qui
1380 2259 1448 2316 de
1485 2260 1719 2331 quinque
1752 2259 1979 2331 panibus
2014 2267 2093 2315 tot

497 2356 669 2411 millia
708 2355 981 2411 hominum
1017 2356 1179 2426 pavit.
1212 2357 1387 2421 Quare
1413 2370 1542 2426 ergo
1567 2370 1725 2426 cgere
1753 2354 1951 2421 voluit,
1985 2354 2089 2409 nisi

498 2458 560 2504 ut
580 2450 730 2504 daret
759 2452 1061 2520 exemplum
1089 2448 1360 2505 montibus
1379 2490 1394 2515 ,
1424 2458 1483 2503 ut
1509 2458 1757 2525 parerent
1788 2448 1989 2513 fenum,
2022 2462 2089 2505 ne

497 2552 684 2596 contra
713 2543 943 2612 pluviam
966 2543 1300 2598 sterilitatem
1321 2541 1644 2598 redderent?
1661 2541 1939 2597 Praecidite
1962 2557 2089 2613 ergo

494 2633 717 2703 aliquid,
747 2643 799 2688 et
826 2634 1074 2704 deputate
1102 2634 1299 2705 aliquid
1318 2634 1535 2699 ﬁxum‘,
1560 2634 1644 2689 vel
1678 2649 1743 2689 ex
1771 2634 1959 2688 annuis
1976 2633 2087 2688 fru-

493 2725 686 2789 ctibus,
708 2725 790 2780 vel
805 2741 871 2781 ex
890 2726 1212 2795 quotidiauis
1231 2726 1522 2798 quaestibus
1539 2727 1749 2781 vestris.
1774 2726 1904 2781 Nam
1932 2727 2085 2797 quasi

444 2841 451 2846 α
494 2816 564 2871 de
592 2817 713 2872 vivo
738 2819 758 2848 ⁸
787 2818 983 2873 videris
1011 2818 1160 2884 dare,
1192 2828 1247 2874 et
1276 2834 1494 2875 necesse
1521 2828 1604 2876 est
1629 2829 1685 2873 ut
1726 2819 1952 2889 trepidet
1973 2835 2085 2874 ma-

493 2922 597 2961 nus
626 2916 735 2975 tua,
754 2909 965 2978 quando
983 2911 1127 2965 illam
1150 2911 1377 2981 porrigis
1403 2911 1468 2965 ad
1492 2910 1540 2965 id
1564 2910 1705 2981 quod
1729 2925 1833 2965 non
1852 2910 2083 2967 devove-

490 2999 798 3055 ras.Exime
815 3002 1041 3072 aliquam
1062 3011 1261 3071 partem
1277 3002 1579 3057 reddituum
1595 3012 1825 3058 tuorum.
1844 3004 2085 3059 Decimas

490 3091 614 3146 vis?
634 3092 877 3147 Decimas
898 3093 1092 3159 exime,
1113 3109 1414 3165 quanquam
1440 3110 1621 3164 parum
1651 3095 1739 3149 sit.
1766 3094 1975 3150 Dictum
2003 3106 2085 3150 est

488 3183 633 3238 enim
651 3184 773 3255 quia
794 3184 1048 3239 Pharisaei
1065 3184 1300 3241 decimas
1318 3186 1515 3241 dabant
1538 3205 1550 3239 :
1570 3188 1757 3258 Jejuno
1782 3187 1856 3241 bis
1882 3189 1933 3241 in
1959 3188 2082 3241 sub-

489 3274 642 3342 bato,
677 3275 894 3329 decimas
938 3276 1002 3329 do
1040 3277 1264 3331 omnium
1304 3294 1628 3350 quaecumque
1659 3280 1890 3350 possideo
1927 3278 2079 3348 (Luc.

490 3380 646 3432 xvm,
671 3367 784 3439 i2).
817 3367 887 3423 Et
913 3368 1039 3439 quid
1070 3370 1143 3425 ait
1166 3370 1465 3427 Dominus?
1488 3371 1606 3427 Nisi
1632 3373 1959 3427 abundaverit
1988 3374 2083 3444 ju-

486 3463 631 3517 stitia
647 3472 807 3518 vestra
829 3464 945 3535 plus
972 3481 1124 3534 quam
1148 3466 1441 3521 Scribarum
1480 3477 1526 3520 et
1549 3466 1947 3532 Pharisceorum,
1979 3485 2080 3522 non

490 3553 746 3608 intrabitis
780 3555 834 3610 in
861 3572 1071 3627 regnum
1090 3557 1331 3611 caelorum
1351 3556 1628 3629 (Matth.v,
1659 3558 1772 3630 20).
1795 3560 1863 3614 Et
1890 3560 1979 3615 ille
1999 3575 2076 3615 su-

490 3659 590 3715 per
614 3661 770 3714 quem
788 3647 946 3702 debet
964 3648 1237 3703 abundare
1253 3650 1454 3718 justitia
1474 3659 1581 3711 tua,
1600 3649 1835 3705 decimas
1870 3651 1992 3718 dat;
2022 3660 2078 3707 tu

488 3748 671 3791 autem
699 3753 797 3791 nec
828 3739 1166 3795 millesimam
1197 3740 1311 3796 das.
1344 3742 1623 3809 Quomodo
1648 3743 1927 3813 superabis
1954 3761 2076 3800 eum

488 3830 573 3885 cui
606 3845 713 3886 non
738 3831 965 3900 sequaris
984 3833 1009 3884 Ρ
1035 3834 1135 3898 Qui
1164 3834 1385 3903 cooperit
1414 3835 1592 3888 caelum
1620 3835 1849 3901 nubibus,
1879 3837 1964 3908 qui
1986 3854 2078 3907 pa-

490 3931 572 3974 rat
594 3930 739 3975 terra:
761 3921 1020 3992 pluviam;
1058 3924 1145 3993 qui
1171 3925 1356 3979 exoriri
1376 3926 1497 3996 facit
1526 3926 1578 3979 in
1603 3926 1853 3980 montibus
1880 3931 2075 3997 fenum,

486 4022 537 4067 et
564 4013 768 4067 herbam
794 4016 1019 4069 servituti
1049 4016 1331 4073 hominum.

563 4106 650 4160 18.
687 4104 835 4177 [vers.
852 4106 929 4179 9.]
952 4106 1017 4161 Et
1034 4108 1121 4161 dat
1144 4108 1403 4177 pecoribus
1423 4126 1586 4164 escam
1605 4111 1853 4180 ipsorum.
1872 4112 2076 4169 Pecora

488 4196 591 4252 ista
620 4198 766 4263 dicit,
792 4215 981 4270 greges
1009 4200 1123 4255 Dei.
1146 4200 1261 4256 Non
1286 4201 1495 4257 fraudat
1519 4204 1657 4259 Deus
1681 4220 1894 4275 gregem
1920 4221 2073 4261 suum

490 4305 615 4345 esca
642 4306 736 4345 sua
768 4306 863 4360 per
885 4291 1150 4357 homines,
1180 4308 1404 4362 quorum
1430 4295 1672 4349 servituti
1702 4294 1917 4351 herbam
1949 4296 2076 4353 facit

489 4382 711 4436 exoriri.
733 4381 884 4437 Unde
909 4382 1037 4437 dicit
1062 4384 1349 4453 Apostolus
1380 4401 1392 4438 :
1426 4384 1551 4450 Quis
1578 4386 1737 4455 pascit
1762 4404 1960 4458 gregem
1980 4429 1995 4455 ,
2028 4396 2074 4443 et

486 4472 552 4526 de
577 4474 704 4527 lacte
722 4475 885 4544 gregis
915 4492 1015 4537 non
1039 4477 1249 4544 percipit
1276 4476 1327 4547 (ι
1349 4476 1466 4531 Cor.
1490 4493 1563 4543 Ix,
1594 4478 1702 4548 7)?
1729 4478 1830 4544 Qui
1874 4481 1961 4534 dat
1986 4497 2074 4552 pe-

485 4563 686 4617 coribus
714 4581 875 4618 escam
905 4566 1164 4635 ipsorum,
1192 4576 1237 4621 et
1265 4568 1418 4637 pullis
1443 4585 1703 4624 corvorum
1730 4572 1815 4639 qui
1843 4572 2073 4628 invocant

488 4673 621 4710 eum.
648 4658 761 4712 Hoc
780 4656 915 4713 forte
940 4660 1261 4729 putabimus,
1290 4661 1413 4730 quia
1439 4661 1583 4716 corvi
1607 4662 1773 4717 Deum
1801 4662 2070 4733 invocant,

489 4758 547 4803 ut
564 4749 655 4804 det
681 4750 784 4805 illis
810 4752 1022 4806 escam?
1050 4751 1128 4808 Ne
1148 4752 1249 4809 hoc
1274 4754 1536 4825 cogitetis,
1565 4753 1927 4811 irrationalem
1953 4757 2071 4812 ani-

492 4858 632 4896 mam
694 4843 943 4899 invocare
983 4845 1190 4912 Deum;
1245 4861 1353 4900 non
1406 4847 1554 4901 novit
1601 4847 1776 4901 anima
1821 4847 2072 4905 invocare

489 4936 673 5000 Deum,
707 4937 810 4990 nisi
836 4936 949 4991 sola
975 4936 1274 4993 rationalis.
1303 4936 1359 4990 In
1398 4935 1567 5007 ﬁgura
1594 4936 1817 5009 accipite
1844 4938 2066 5007 dictum,

488 5045 555 5083 ue
584 5030 798 5096 putetis,
826 5029 963 5083 sicut
989 5029 1136 5100 impii
1162 5029 1377 5101 quidam
1403 5028 1602 5095 dicunt,
1633 5030 1836 5086 revolvi
1865 5031 2071 5088 animas

487 5132 747 5175 nmnanas
777 5120 843 5174 ad
871 5135 1083 5190 pecora,
1108 5120 1176 5176 ad
1204 5134 1384 5185 canes,
1415 5119 1482 5175 ad
1519 5136 1726 5191 porcos,
1762 5121 1829 5177 ad
1853 5137 2065 5179 corvos.

482 5214 596 5271 Hoc
651 5232 679 5268 a
734 5214 985 5269 cordibus
1034 5214 1224 5269 vestris
1262 5212 1548 5280 excludite,
1580 5221 1635 5268 et
1662 5227 1693 5267 a
1737 5212 1842 5268 ﬁde
1869 5222 2064 5269 vestra.

483 5307 675 5362 Anima
698 5306 929 5361 humana
955 5305 1090 5360 facta
1108 5313 1188 5361 est
1204 5305 1271 5359 ad
1296 5304 1579 5376 imaginem
1600 5304 1695 5360 Dei
1712 5304 1863 5377 (Gen.
1886 5321 1925 5373 ι,
1948 5306 2064 5377 26);

481 5413 588 5453 non
621 5398 769 5453 dabit
813 5398 1095 5468 imaginem
1144 5412 1295 5452 suam
1340 5402 1459 5453 cani
1502 5405 1556 5453 et
1588 5412 1767 5467 porco.
1799 5396 1939 5464 Quid
1984 5406 2068 5454 est

480 5506 639 5562 ergo,
687 5490 753 5544 Et
784 5492 938 5562 pullis
962 5506 1225 5545 corvorum
1253 5490 1339 5560 qui
1369 5491 1599 5545 invocant
1626 5490 1785 5547 eum?
1811 5490 1910 5557 Qui
1941 5502 2066 5549 sunt

478 5584 611 5655 pulli
641 5599 923 5647 corvorum
949 5586 970 5638 ?
1002 5584 1255 5640 Israelita:
1279 5599 1337 5640 se
1374 5585 1520 5640 solos
1540 5584 1715 5655 justos
1744 5600 1863 5642 esse
1907 5584 2055 5642 dice-

542 5766 559 5797 ι
588 5764 755 5814 Plures
775 5771 903 5825 Mss,
932 5763 1066 5828 fisco.
1092 5764 1285 5826 Supple,
1309 5762 1503 5814 Christi.

540 5830 561 5859 ³
584 5829 656 5877 δίο
671 5830 853 5891 aliquot
876 5824 1060 5891 new
1084 5824 1212 5875 Eddf:
1244 5836 1359 5891 Nam
1382 5824 1519 5891 quasi
1533 5824 1695 5891 divino
1718 5825 1915 5890 videris,
1940 5833 2060 5891 etc.,

473 5892 563 5952 qui
586 5899 639 5944 et
658 5885 800 5954 intra,
823 5885 945 5955 loco,
964 5890 1235 5953 devoveras,
1258 5885 1518 5953 habebant,
1542 5888 1793 5943 debueras.

588 6150 679 6177 ψνιί
708 6162 741 6175 ,.
812 6156 813 6159 η

1755 385 1813 444 s.
1852 368 2217 442 accusatur
2254 362 2562 443 seiscort

3656 402 3798 462 1912

2209 496 2357 567 bant,
2399 501 2521 571 quia
2572 499 2767 574 Legem
2810 513 3160 577 acceperant;
3190 513 3417 566 caeteros
3445 527 3632 571 omnes
3674 533 3794 575 meo

2212 592 2359 649 nium
2386 597 2620 666 gentium
2652 597 2895 655 homines
2921 610 3228 671 peccatores
3252 603 3518 661 dicebant.
3571 609 3638 664 Et
3667 627 3797 670 vere

2211 700 2399 743 omnes
2434 699 2621 760 gentes
2668 690 2721 747 in
2750 701 2967 762 peccato
2988 736 3003 762 ,
3036 695 3089 749 in
3120 694 3418 752 idololatria
3444 740 3459 766 ,
3501 700 3554 754 in
3597 702 3795 758 adora-

2210 778 2357 835 tione
2400 781 2633 852 lapidum
2683 792 2843 855 atque
2871 785 3130 857 lignorum
3170 791 3483 855 erant;sed
3534 796 3797 864 numquid

2207 872 2287 929 sic
2311 878 2727 932 remanserunt?
2772 879 2884 934 Etsi
2922 896 3029 935 non
3068 882 3166 952 ipsi
3196 884 3342 938 corvi
3384 894 3562 955 patres
3601 890 3794 956 nostri,

2208 973 2387 1022 tamen
2417 968 2547 1039 pulli
2574 985 2859 1027 corvorum
2882 988 2979 1029 nos
3003 973 3105 1044 ipsi
3133 974 3442 1032 invocamus
3467 978 3657 1033 Deum.
3692 980 3796 1035 Dat

2207 1059 2468 1128 pecoribus
2501 1077 2665 1115 escam
2703 1064 2950 1133 ipsorum,
2980 1074 3025 1120 et
3063 1068 3217 1137 pullis
3242 1084 3509 1124 corvorum
3538 1072 3624 1140 qui
3651 1073 3795 1127 invo-

2206 1159 2324 1203 cant
2357 1167 2488 1205 eum.
2523 1151 2627 1222 lpsi
2654 1163 2777 1209 sunt
2803 1156 2933 1226 pulli
2960 1172 3242 1212 corvorum
3269 1199 3284 1225 ,
3317 1162 3509 1229 quibus
3533 1162 3661 1218 dicit
3687 1162 3794 1219 Pe-

2205 1247 2320 1295 trus
2350 1258 2364 1295 :
2400 1243 2531 1309 Quia
2568 1261 2668 1299 non
2694 1248 3009 1317 corruptibili
3038 1261 3242 1319 argento
3281 1251 3360 1305 vel
3389 1268 3516 1306 auro
3545 1254 3796 1324 redempti

2205 1334 2322 1388 estis
2342 1333 2405 1388 de
2428 1351 2739 1406 supervacua
2771 1348 2931 1393 vestra
2958 1341 3317 1396 consuetudine
3341 1360 3373 1396 a
3397 1346 3689 1411 parentibus
3712 1362 3795 1402 ve-

2203 1426 2321 1481 stris
2360 1429 2546 1483 tradita
2569 1430 2587 1501 (
2614 1430 2632 1484 l
2660 1428 2803 1485 Petr.
2834 1446 2881 1497 ι,
2917 1432 2985 1488 18
3016 1432 3056 1503 ).
3099 1432 3449 1490 Proﬁcientes
3488 1436 3629 1491 enim
3662 1437 3793 1507 pulli

2204 1532 2487 1574 corvorum
2526 1521 2615 1591 qui
2643 1522 2923 1578 simulacra
2960 1524 3139 1582 colere
3169 1526 3485 1584 videbantur
3511 1538 3791 1599 parentum

2202 1626 2443 1679 suorum,
2473 1616 2715 1670 conversi
2741 1628 2866 1671 sunt
2888 1617 2956 1673 ad
2983 1618 3169 1673 Deum.
3208 1619 3276 1675 Et
3305 1620 3459 1676 audis
3484 1622 3645 1677 modo
3670 1624 3792 1693 pul-

2205 1704 2312 1760 lum
2340 1707 2485 1761 corvi
2526 1708 2861 1765 invocantem
2892 1726 3056 1766 unum
3095 1712 3281 1767 Deum.
3322 1713 3460 1783 Quid
3502 1716 3673 1786 ergo?
3708 1716 3791 1771 di-

2200 1788 2394 1853 misisti
2418 1809 2622 1869 patrem
2645 1810 2813 1867 tuum,
2843 1803 2978 1859 dicis
3003 1805 3147 1874 pullo
3171 1807 3355 1860 corvi?
3383 1806 3569 1861 Dimisi
3594 1808 3749 1878 plane
3769 1826 3788 1865 :

2200 1889 2291 1947 ille
2316 1893 2460 1947 enim
2484 1909 2676 1950 corvus
2699 1911 2802 1950 non
2835 1897 3087 1952 invocans
3112 1899 3301 1967 Deum,
3326 1914 3426 1970 ego
3450 1902 3627 1971 pullus
3642 1905 3791 1958 corvi

2202 1979 2397 2037 invoco
2425 1984 2612 2038 Deum.
2648 1985 2715 2039 Et
2744 1987 2898 2055 pullis
2918 2004 3185 2043 corvorum
3211 1991 3295 2061 qui
3326 1992 3558 2047 invocant
3579 2010 3714 2048 eum.

2270 2072 2357 2128 19.
2388 2072 2537 2146 [vers.
2567 2074 2678 2149 10.]
2711 2075 2832 2131 Non
2863 2078 2913 2131 in
2940 2089 3197 2149 potentatu
3225 2082 3335 2151 equi
3359 2084 3664 2138 voluntatem
3692 2085 3792 2139 ha-

2196 2164 2343 2219 bebit.
2404 2167 2714 2223 Potentatus
2763 2170 2885 2241 equi
2929 2181 3010 2226 est
3058 2173 3597 2242 superbia.‘Vidctur
3642 2178 3789 2234 enim

2195 2273 2367 2329 equus
2395 2261 2555 2316 veluti
2586 2262 2652 2317 ad
2692 2273 3001 2334 suggestum
3046 2265 3275 2321 hominis
3316 2270 3785 2341 accommodatus,

2194 2360 2253 2406 ut
2279 2354 2437 2409 altior
2463 2354 2690 2410 incedat.
2721 2355 2789 2411 Et
2815 2372 2999 2413 revera
3028 2368 3109 2414 est
3137 2359 3193 2414 in
3219 2375 3284 2416 eo
3312 2360 3511 2428 cervix,
3545 2363 3789 2421 indicans

2192 2446 2474 2515 quamdam
2518 2448 2842 2518 superbiam.
2889 2450 3007 2506 Non
3051 2466 3108 2507 se
3150 2453 3407 2508 extollant
3451 2454 3697 2512 homines
3730 2457 3788 2514 in

2190 2536 2305 2591 suis
2333 2537 2705 2609 dignitatibus,
2738 2556 2842 2595 non
2874 2557 2933 2597 se
2961 2542 3216 2599 sublimes
3247 2553 3430 2615 putent
3458 2544 3784 2615 honoribus;

2191 2640 2418 2685 caveant
2446 2647 2513 2688 ne
2542 2648 2681 2702 equo
2716 2634 2975 2689 indomito
3016 2636 3428 2706 praecipitentur.
3468 2637 3602 2694 Vide
3640 2639 3789 2698 enim

2190 2724 2314 2794 quid
2343 2726 2541 2780 dictum
2572 2735 2654 2781 est
2683 2727 2733 2781 in
2760 2728 2865 2782 alio
2895 2728 3100 2799 psalmo
3135 2746 3148 2782 :
3183 2728 3255 2782 Hi
3281 2730 3332 2783 in
3361 2730 3623 2797 curribus,
3656 2742 3703 2786 et
3730 2733 3787 2787 hi

2187 2816 2242 2870 in
2270 2819 2447 2889 equis;
2475 2836 2565 2873 nos
2591 2829 2758 2875 autent
2786 2822 2840 2875 in
2876 2822 3077 2877 nomine
3117 2821 3326 2876 Domini
3357 2824 3449 2877 Dei
3480 2824 3641 2878 nostri
3668 2842 3784 2879 ma-

2188 2910 2562 2979 gniﬁcabimur.
2593 2911 2704 2966 Hoc
2731 2921 2833 2979 est,
2862 2912 2934 2967 illi
2966 2914 3019 2967 in
3051 2913 3344 2970 honoribus
3371 2914 3783 2985 temporalibus,

2188 3015 2287 3055 nos
2329 3001 2382 3055 in
2430 3002 2648 3057 nomine
2693 3002 2900 3058 Domini
2947 3004 3040 3059 Dei
3088 3005 3255 3059 nostri
3301 3004 3781 3074 magniﬁcabimur.

2188 3090 2474 3161 Propterea
2516 3092 2619 3147 illis
2656 3093 2781 3164 quid
2828 3094 3054 3150 accidit?
3093 3095 3279 3151 Videte
3320 3095 3448 3167 quid
3492 3097 3781 3167 sequitur:

2186 3182 2303 3239 Illis
2327 3184 2532 3256 obligati
2555 3195 2669 3240 sunt
2695 3188 2864 3258 pedes,
2892 3198 2939 3243 et
2965 3189 3279 3254 ceciderunt;
3306 3205 3397 3243 nos
3421 3205 3535 3245 vero
3558 3191 3788 3245 surrexi-

2186 3293 2315 3341 mus,
2343 3286 2389 3329 et
2414 3279 2564 3331 erecti
2585 3295 2757 3333 smnus
2778 3279 2947 3349 (Psal.
2973 3296 3080 3347 tux,
3105 3281 3158 3347 8,
3183 3281 3259 3351 9).
3291 3279 3413 3335 Νοη
3439 3282 3493 3336 in
3519 3290 3785 3352 potentatu

2186 3367 2297 3436 equi
2336 3369 2638 3422 voluntatem
2668 3370 2903 3435 habebit;
2932 3388 3022 3424 nec
3060 3373 3114 3425 in
3154 3372 3490 3427 tabernaculis
3525 3372 3623 3428 viri
3659 3373 3784 3429 bene

2185 3461 2380 3513 sentiet.
2414 3458 2479 3513 In
2509 3462 2873 3530 tabernaculis,
2906 3463 3074 3532 inquit
3097 3505 3111 3530 ,
3145 3464 3257 3517 viri.
3297 3463 3393 3518 Est
3426 3464 3570 3519 enim
3600 3464 3780 3520 taber-

2184 3551 2433 3606 naculum
2462 3552 2705 3618 Domini,
2741 3554 2851 3623 ipsa
2888 3563 3067 3609 sancta
3100 3553 3339 3610 Ecclesia
3369 3562 3482 3609 toto
3515 3555 3645 3610 orbe
3672 3555 3778 3610 dif-

2183 3642 2318 3699 fusa.
2344 3643 2589 3699 Haeretici
2620 3644 2917 3701 dividentes
2943 3662 3001 3701 se
3029 3646 3096 3701 ab
3121 3646 3374 3701 Ecclesia:
3399 3646 3775 3716 tabernaculis,

2182 3736 2281 3791 sibi
2312 3737 2646 3792 tabernacula
2678 3746 2969 3807 posuerunt
2997 3756 3009 3791 :
3040 3753 3145 3791 non
3176 3737 3227 3791 in
3262 3737 3392 3807 ipsis
3419 3737 3779 3794 tabernaculis

2181 3830 2281 3884 viri
2309 3830 2444 3885 bene
2471 3830 2665 3886 sentiet
2694 3831 2851 3885 Deus.
2881 3830 2985 3885 Sed
3017 3830 3219 3900 pullum
3247 3844 3532 3885 corvorum
3559 3830 3779 3887 attende

2181 3920 2444 3976 dicentem
2478 3940 2490 3975 :
2523 3920 2672 3992 Elegi
2700 3921 2851 3987 abiici
2889 3922 2942 3975 in
2978 3921 3127 3975 domo
3158 3921 3361 3987 Domini
3382 3964 3396 3989 ,
3436 3924 3597 3994 magis
3623 3941 3778 3993 quam

2182 4015 2408 4069 habitare
2428 4016 2480 4068 in
2500 4015 2837 4070 tabernaculis
2859 4025 3178 4086 peccatorum
3200 4015 3373 4085 (Psal.
3399 4032 3628 4081 Lxxxm,
3660 4018 3776 4087 Η).

2180 4107 2393 4162 Etenim
2432 4108 2477 4161 si
2517 4106 2674 4160 alicui
2717 4107 2892 4173 bono,
2930 4108 3055 4177 pio,
3101 4107 3372 4163 conﬁtenti
3407 4107 3773 4185 inﬁrmitatem

2179 4214 2355 4265 suam,
2386 4198 2531 4268 pullo
2568 4198 2713 4253 corvi
2752 4198 3017 4254 invocanti
3050 4198 3236 4264 Deum,
3268 4199 3527 4269 contingit
3552 4200 3688 4254 forte
3717 4201 3772 4255 in

2180 4290 2420 4347 Ecclesia
2441 4306 2625 4346 carere
2648 4290 2851 4345 honore
2878 4290 3151 4361 temporali
3175 4306 3188 4355 ;
3218 4305 3322 4345 non
3351 4291 3391 4344 it
3416 4301 3567 4345 extra
3590 4290 3774 4346 Eccle-

2178 4386 2333 4451 siam,
2365 4400 2473 4440 non
2496 4384 2597 4439 sibi
2622 4383 2747 4439 facit
2770 4393 2921 4439 extra
2947 4383 3237 4439 Ecclesiam
3269 4384 3691 4451 tabernaculum,
3717 4386 3773 4441 in

2179 4493 2285 4548 quo
2313 4492 2419 4533 non
2449 4476 2586 4531 bene
2613 4475 2808 4531 sentiat
2831 4475 2972 4531 Deus
3001 4492 3014 4529 :
3043 4476 3137 4531 sed
3161 4475 3289 4546 quid
3317 4473 3480 4530 dicit?
3503 4475 3649 4547 Εἶερὶ
3677 4477 3770 4530 ab-

2168 4572 2266 4643 jici
2291 4572 2343 4625 in
2364 4571 2514 4624 domo
2540 4569 2767 4637 Domini,
2793 4569 2953 4640 magis
2972 4584 3126 4640 quant
3149 4568 3373 4623 habitare
3398 4569 3453 4622 in
3478 4568 3773 4623 tabernacu-

2179 4666 2243 4721 lis
2268 4673 2604 4735 peccatorum.
2630 4661 2739 4717 Nec
2762 4664 2815 4718 in
2837 4663 3173 4717 tabernaculis
3198 4662 3293 4717 viri
3319 4664 3439 4717 bene
3463 4665 3661 4717 sentiet.

2248 4756 2337 4812 20.
2369 4753 2517 4829 [vers.
2549 4753 2661 4827 ll.]
2690 4753 2796 4811 Sed
2826 4754 2951 4825 quid
2977 4753 3254 4824 adjungit?
3279 4752 3417 4809 Bene
3450 4754 3628 4809 sentiet
3654 4752 3772 4809 Do-

2178 4850 2343 4905 minus
2367 4853 2420 4903 in
2447 4846 2729 4903 timentibus
2757 4856 2869 4902 eum
2890 4888 2905 4913 ,
2938 4856 2985 4901 et
3010 4850 3063 4901 in
3094 4846 3171 4901 his
3197 4846 3286 4917 qui
3308 4854 3513 4917 sperant
3538 4846 3590 4899 in
3614 4847 3772 4901 mise-

2176 4942 2397 4998 ricordia
2416 4943 2547 5014 ejus.
2570 4941 2715 4996 Bene
2735 4939 2897 4996 sentit
2920 4938 3175 4994 Dominus
3195 4937 3250 4993 in
3273 4937 3583 4993 timentibus
3607 4952 3769 4993 eum:

2175 5035 2271 5092 sed
2313 5032 2569 5103 numquid
2606 5033 2684 5087 sic
2728 5032 2942 5087 timetur
2979 5030 3151 5095 Deus,
3193 5028 3463 5099 quomodo
3502 5036 3557 5083 et
3594 5028 3775 5084 latro?

2174 5126 2307 5183 Nam
2337 5134 2392 5182 et
2415 5126 2551 5180 latro
2577 5124 2819 5188 timetur,
2852 5130 2908 5178 et
2932 5122 3101 5178 bestia
3131 5121 3376 5189 timetur,
3407 5128 3461 5175 et
3494 5118 3660 5176 homo
3691 5120 3777 5175 in-

2169 5220 2346 5292 justus
2367 5228 2421 5277 et
2443 5229 2632 5291 potens
2652 5218 2876 5273 multum
2904 5217 3139 5271 timetur.
3162 5214 3298 5270 Bene
3322 5220 3497 5270 sentiet
3517 5213 3774 5270 Dominus

2174 5316 2229 5372 in
2252 5315 2536 5371 timentibus
2561 5330 2675 5368 eum
2705 5328 2724 5367 :
2753 5311 2848 5368 sed
2873 5309 3143 5382 quomodo
3172 5308 3479 5365 timentibus
3506 5306 3671 5363 eum?
3704 5305 3773 5359 Et

2173 5410 2227 5465 in
2248 5410 2325 5465 his
2345 5410 2431 5480 qui
2450 5415 2653 5479 sperant
2676 5406 2729 5460 in
2753 5402 3098 5459 misericordia
3123 5402 3251 5473 ejus.
3280 5401 3418 5457 Ecce
3445 5398 3620 5454 timuit
3643 5412 3771 5453 eum

2174 5501 2337 5557 ludas
2366 5498 2590 5555 traditor
2616 5496 2837 5564 Christi,
2866 5495 2961 5552 sed
2987 5511 3092 5551 non
3122 5493 3356 5564 speravit
3382 5494 3433 5547 in
3460 5492 3771 5547 miscricor-

2172 5594 2261 5651 dia
2289 5593 2475 5665 ipsius.
2506 5591 2695 5648 Postea
2718 5590 2858 5646 enim
2887 5588 3134 5659 paenituit
3166 5601 3290 5643 eum
3320 5586 3460 5655 quod
3490 5582 3771 5639 tradiderit

2174 5688 2461 5745 Dominum
2480 5729 2496 5753 ,
2526 5694 2579 5741 et
2605 5685 2744 5741 dixit
2778 5702 2790 5738 :
2825 5682 3070 5748 Peccavi,
3102 5682 3222 5752 quia
3251 5678 3439 5733 tradidi
3468 5676 3770 5746 sanguinem

2161 5784 2381 5856 justum.
2413 5781 2556 5836 Bene
2582 5778 2795 5849 quidem
2825 5775 3078 5842 timuisti;
3111 5773 3205 5836 scd
3230 5774 3273 5829 si
3304 5784 3551 5840 sperares
3578 5770 3631 5822 in
3662 5768 3768 5820 mi-

2173 5873 2462 5940 Sericordia
2485 5873 2601 5944 eius
2625 5885 2786 5947 quem
2812 5868 3051 5927 timuisti.
3091 5867 3180 5923 lllc
3219 5861 3558 5935 desperando
3596 5859 3766 5929 abiit,
