4080 6528
389 405 534 466 1915

387 529 450 576 et
474 503 664 591 laqueo
687 531 749 575 se
777 519 1071 592 suspendit.
1101 520 1309 594 (Matth.
1339 536 1503 589 um,
1531 523 1587 589 .t,
1613 522 1692 594 5).
1724 523 1864 594 Ergo
1887 523 1963 579 sic

390 612 523 668 time
548 611 858 682 Dominum,
885 623 944 670 ut
965 629 1150 686 speres
1176 615 1228 671 in
1256 615 1618 672 misericordia
1646 616 1779 687 ejus.
1808 616 1865 672 Si
1892 618 1965 674 ti-

389 718 507 759 mes
544 704 834 771 latronem,
874 706 944 762 ab
979 708 1085 762 alio
1121 723 1304 779 speras
1339 710 1619 776 auxilium,
1651 725 1756 766 non
1793 711 1860 766 ab
1897 725 1962 767 eo

388 809 549 863 quem
577 793 732 850 times
763 812 777 850 :
808 797 986 866 poscis
1014 798 1264 854 auxilium
1290 800 1357 856 ab
1381 815 1448 856 eo
1472 815 1628 870 quem
1653 816 1759 856 non
1788 801 1959 870 times,

387 884 645 941 adversus
668 901 790 942 eum
813 902 970 958 quem
998 890 1172 946 times.
1201 890 1256 948 Si
1280 891 1359 948 sic
1378 892 1530 948 times
1556 893 1743 962 Deum,
1770 903 1823 949 et
1845 895 1963 951 ideo

389 974 548 1030 times
582 976 750 1031 Deum
779 978 900 1049 quia
931 990 1175 1050 peccator
1213 997 1306 1051 es,
1344 998 1376 1038 a
1411 997 1517 1054 quo
1556 993 1865 1055 accepturus
1904 1000 1963 1042 es

386 1067 642 1123 auxilium
670 1069 925 1126 adversus
954 1073 1158 1128 Deum?
1181 1075 1296 1143 Quo
1331 1076 1499 1131 iturus
1526 1077 1623 1132 es?
1647 1076 1770 1147 quid
1799 1076 1964 1132 factu-

387 1159 516 1214 rus?
541 1159 632 1214 Vis
653 1162 719 1214 ab
742 1162 834 1216 illo
859 1161 1076 1233 fugere?
1102 1165 1180 1220 Ad
1208 1166 1379 1236 ipsum
1405 1166 1547 1238 fuge.
1576 1167 1668 1224 Vis
1694 1166 1874 1238 fugere
1896 1170 1964 1226 ab

386 1247 558 1302 irato?
577 1249 723 1320 Fuge
747 1251 813 1305 ad
839 1252 1120 1322 placatum.
1145 1254 1385 1312 Placabis
1407 1265 1583 1312 autem
1606 1273 1750 1326 cum,
1773 1259 1819 1314 si
1845 1273 1966 1328 spe-

385 1353 476 1393 res
496 1339 549 1393 in
570 1339 931 1397 misericordia
953 1343 1152 1414 ipsius;
1174 1354 1332 1415 atque
1358 1347 1426 1401 ita
1447 1346 1512 1402 de
1530 1357 1726 1404 caetero
1747 1363 1964 1418 peccare

384 1443 605 1495 caveas,
635 1441 696 1486 ut
723 1432 789 1488 de
823 1435 1103 1502 prmteritis
1128 1435 1456 1506 depreceris,
1488 1447 1544 1492 ut
1573 1439 1665 1494 tibi
1692 1439 1962 1495 dimittan-

387 1528 474 1573 tur
499 1535 529 1574 a
559 1520 787 1577 Domino
805 1565 820 1591 ,
848 1524 932 1578 cui
960 1534 1038 1580 est
1073 1525 1246 1582 honor
1269 1537 1323 1582 et
1361 1528 1637 1598 imperium
1662 1545 1783 1585 cum
1808 1531 1964 1589 Patre

384 1618 442 1665 et
466 1608 664 1680 Spiritu
692 1622 874 1670 sancto
899 1614 952 1669 in
977 1615 1172 1671 saecula
1195 1618 1530 1675 saeculorum.
1556 1621 1746 1676 Amen.

383 1761 1931 1790 Μ

784 1863 866 1922 ΙΝ
908 1863 1287 1926 PSALMUM
1328 1863 1605 1927 CXLVII

1003 2004 1418 2062 ENARRATIO.

955 2157 1125 2199 SERIIO
1153 2159 1222 2199 ΑΙ)
1249 2160 1472 2200 ΡΙιΕΒΕΙΙ.

457 2275 507 2328 1.
536 2273 772 2329 Meminit
799 2272 1040 2332 Charitas
1067 2287 1241 2332 vestra
1269 2278 1336 2333 de
1375 2279 1578 2349 psalmo
1608 2295 1766 2351 quem
1799 2283 1959 2339 modo

383 2364 731 2432 cantavimus,
759 2364 813 2419 in
843 2365 1151 2422 hodiernum
1174 2367 1316 2425 diem
1343 2385 1442 2426 nos
1465 2371 1732 2429 distulisse
1757 2389 1961 2431 sermo-

385 2469 528 2509 nem.
559 2456 676 2526 lpse
707 2457 849 2512 enim
889 2467 1002 2514 erat
1022 2501 1037 2526 ,
1069 2469 1122 2514 et
1148 2460 1234 2516 die
1267 2461 1533 2519 dominico
1574 2465 1740 2520 lectus
1769 2477 1878 2532 est,
1907 2476 1962 2522 et

384 2547 688 2602 tractandus
715 2548 826 2618 ipse
853 2559 1148 2621 susceptus.
1171 2551 1276 2608 Sed
1303 2555 1423 2623 quia
1450 2558 1750 2628 evangelica
1775 2559 1961 2617 lectio-

382 2651 452 2691 ne
487 2645 612 2693 tunc
648 2642 908 2708 permoti,
939 2657 1050 2712 pra:
1086 2645 1444 2716 magnitudine
1474 2649 1676 2705 timoris
1713 2655 1880 2708 nostri
1906 2663 1960 2710 et

384 2737 574 2782 vestra:
600 2729 837 2785 utilitatis
860 2731 1126 2788 immorati
1151 2751 1332 2791 sumus
1357 2737 1408 2792 in
1430 2753 1494 2793 eo
1517 2740 1654 2810 quod
1681 2743 1834 2798 nobis
1857 2744 1960 2799 Do-

383 2817 561 2873 minus
581 2819 719 2874 diem
745 2822 1087 2880 novissimum
1113 2829 1522 2896 commendavit,
1551 2841 1838 2904 cautosque
1860 2850 1959 2891 nos

379 2917 439 2968 ,et
477 2911 750 2980 vigilantes
786 2924 1094 2986 ex5pectare
1122 2918 1289 2974 voluit
1322 2921 1604 2978 adventum
1636 2939 1820 2992 suum;
1854 2934 1960 2982 ter-

380 3015 506 3056 rens
530 3003 687 3058 etiam
716 3008 959 3077 exemplo
980 3051 994 3074 ,
1021 3025 1088 3066 ne
1116 3010 1332 3067 damnet
1352 3013 1586 3083 judicio;
1615 3017 1692 3072 sic
1722 3017 1958 3074 futurum

381 3091 566 3148 dicens
590 3093 870 3151 adventum
901 3098 995 3154 ﬁlii
1023 3100 1250 3158 hominis
1269 3144 1284 3168 ,
1313 3105 1450 3160 sicut
1487 3107 1538 3160 in
1569 3108 1756 3164 diebus
1797 3110 1910 3168 Noe
1940 3129 1956 3166 :

381 3183 771 3242 munducabant
796 3196 849 3243 et
877 3187 1163 3257 bibebant,
1193 3194 1468 3263 emebant,
1499 3197 1830 3266 vendebant,
1857 3217 1958 3256 nu-

380 3274 611 3344 bebant,
639 3293 832 3334 uxores
856 3280 1151 3350 ducebant,
1178 3282 1348 3339 donec
1377 3285 1618 3342 introiret
1654 3287 1765 3344 Noe
1791 3291 1845 3344 in
1869 3306 1958 3346 ar-

381 3381 533 3434 cam,
564 3377 618 3424 et
646 3370 786 3425 venit
820 3370 1105 3440 diluvium,
1137 3385 1192 3429 et
1234 3375 1463 3444 perdidit
1505 3392 1693 3434 omnes
1731 3379 1956 3451 (Matth.

384 3460 560 3530 xxiv).
593 3460 814 3516 Solliciti
845 3478 974 3534 ergo
1000 3473 1055 3519 et
1091 3480 1281 3534 magno
1322 3467 1509 3523 timore
1537 3471 1776 3526 concussi
1809 3471 1960 3543 (quis

383 3548 526 3602 enim
553 3549 596 3604 si
624 3551 826 3618 credit,
857 3567 961 3607 non
989 3553 1260 3626 timeat?),
1293 3555 1346 3610 in
1373 3571 1437 3612 eo
1462 3572 1676 3628 sumus,
1707 3570 1958 3632 quantum

385 3638 685 3707 potuimus,
716 3642 1014 3710 immorati,
1047 3653 1103 3697 ut
1141 3643 1208 3698 de
1247 3647 1438 3701 vestris
1475 3648 1711 3704 moribus
1748 3651 1960 3721 vitaque

383 3738 563 3783 vestra
592 3741 644 3785 et
680 3733 915 3787 omnium
945 3743 1183 3790 nostrum
1213 3750 1389 3792 sermo
1419 3739 1823 3809 produceretur,
1854 3757 1960 3812 quo

385 3820 651 3888 possimus
679 3821 827 3876 illum
865 3816 1152 3878 diem'non
1189 3826 1358 3879 solum
1399 3829 1571 3881 securi
1609 3839 1956 3899 exspectare,

385 3909 479 3964 sed
508 3911 665 3964 etiam
695 3911 1018 3969 desiderare.
1043 3911 1098 3968 Si
1126 3914 1266 3968 enim
1291 3929 1528 3970 amamus
1547 3913 1835 3986 Christum,
1859 3921 1960 3976 uti-

389 4017 494 4071 que
519 4002 802 4057 adventum
840 4004 953 4073 ejus
989 4004 1292 4061 desiderare
1328 4005 1600 4063 debemus.
1643 4009 1958 4067 Perversum

387 4092 529 4145 enim
556 4101 655 4155 est,
684 4101 737 4148 et
759 4094 938 4148 nescio
962 4102 1139 4150 utrum
1164 4111 1369 4160 verum,
1394 4113 1549 4166 quem
1576 4097 1749 4169 diligis
1772 4101 1960 4158 timere

391 4197 459 4236 ne
488 4183 696 4247 veniat;
726 4198 900 4249 orare,
927 4184 1169 4238 Adveniet
1196 4201 1404 4255 regnum
1433 4195 1572 4240 tuum
1598 4186 1705 4258 (Id.
1730 4205 1805 4255 vi,
1826 4191 1956 4263 _l0);

386 4281 440 4328 ct
470 4273 656 4329 timere
685 4289 752 4328 ne
776 4275 1093 4331 exaudiaris.
1126 4276 1274 4333 Unde
1296 4286 1474 4332 autem
1503 4278 1701 4334 timor?
1727 4281 1846 4351 quia
1869 4281 1960 4352 ju-

385 4365 489 4421 dcx
515 4375 766 4423 venturus
791 4368 905 4422 est?
933 4368 1195 4438 Numquid
1226 4369 1488 4438 iniustus?
1515 4371 1768 4441 numquid
1794 4372 1960 4429 male-

385 4458 572 4513 volus?
595 4458 847 4530 numquid
873 4458 1114 4514 invidus?
1135 4460 1386 4530 numquid
1415 4469 1685 4530 postremo
1704 4462 1771 4518 ab
1791 4463 1960 4520 altero

387 4560 704 4620 exspectans
745 4566 904 4607 nosse
937 4567 1147 4607 causam
1187 4562 1359 4619 tuam;
1399 4569 1466 4608 ne
1499 4554 1634 4610 forte
1671 4555 1762 4612 ille
1799 4573 1960 4627 quem

387 4641 700 4707 instruxisti,
733 4642 816 4697 vel
843 4643 1274 4711 praevaricatione
1303 4652 1354 4698 te
1382 4643 1631 4714 decipiat,
1658 4646 1741 4702 vel
1771 4648 1960 4703 minori

386 4732 628 4788 facundia
654 4741 710 4788 et
737 4733 982 4789 facultate
1002 4734 1274 4801 deﬁciens,
1297 4737 1611 4793 innocentiae
1634 4746 1736 4795 tute
1761 4740 1958 4797 bonum

386 4829 564 4884 verbis
587 4829 952 4886 demonstrare
981 4845 1084 4885 non
1112 4831 1308 4900 possit?
1331 4831 1469 4885 Nihil
1497 4834 1705 4888 horum.
1728 4833 1856 4901 Quis
1875 4849 1961 4889 er-

386 4934 453 4988 go
491 4928 743 4974 venturus
784 4921 897 4975 est?
925 4935 1088 4990 quare
1126 4935 1230 4975 non
1268 4921 1504 4992 gaudes?
1541 4922 1670 4988 Quis
1706 4933 1960 4980 venturus

387 5018 472 5064 est
491 5009 726 5079 judicare
751 5019 822 5076 te,
846 5011 949 5066 nisi
973 5011 1059 5081 qui
1082 5013 1223 5066 venit
1242 5011 1466 5081 iudicari
1492 5017 1709 5083 prOpter
1735 5014 1822 5069 te?
1843 5014 1960 5071 Non

387 5098 576 5154 timeas
597 5110 976 5167 accusatorem,
1001 5102 1066 5157 de
1086 5117 1190 5173 quo
1211 5103 1325 5173 ipse
1349 5101 1516 5157 dixit:
1540 5103 1784 5175 Princeps
1808 5104 1961 5177 hujus

387 5193 561 5246 mundi
581 5194 762 5249 missus
786 5203 855 5248 est
875 5199 1013 5266 foras
1038 5193 1214 5265 (Joan.
1241 5211 1337 5260 xu,
1361 5195 1472 5266 5i).
1499 5195 1612 5251 Non
1640 5197 1825 5253 timeas
1847 5214 1960 5254 ma-

386 5283 496 5339 lum
530 5284 876 5353 advocatum;
912 5287 1000 5342 ille
1032 5287 1172 5342 enim
1203 5287 1295 5342 tibi
1333 5287 1492 5342 modo
1531 5287 1816 5344 advocatus
1841 5298 1956 5360 est,

386 5378 474 5446 qui
519 5388 642 5434 tunc
675 5379 837 5449 judex
879 5379 1084 5434 futurus
1109 5388 1210 5435 est.
1238 5378 1330 5435 llle
1358 5379 1488 5444 erit,
1519 5388 1574 5434 et
1605 5389 1688 5447 tu,
1719 5389 1773 5435 et
1801 5395 1960 5439 causa

386 5477 472 5523 tua
498 5487 512 5535 ;
544 5485 721 5524 sermo
741 5486 913 5525 causa:
935 5481 1055 5536 tuac,
1085 5471 1442 5526 testimonium
1470 5471 1806 5526 conscientiae
1831 5481 1955 5528 tum.

385 5560 632 5630 Quisquis
652 5577 778 5630 ergo
798 5561 1034 5616 futurum
1055 5561 1284 5632 judicem
1307 5562 1480 5626 times,
1504 5570 1816 5631 praesentem
1840 5579 1960 5618 con-

386 5654 660 5707 scientiam
686 5663 827 5708 tuam
853 5654 1011 5709 modo
1040 5641 1264 5724 corrige.
1297 5655 1557 5710 Parumne
1585 5656 1679 5711 tibi
1711 5663 1793 5710 est
1819 5658 1958 5726 quod

385 5745 656 5813 prmterita
693 5761 796 5800 non
833 5747 1099 5815 requiret?
1124 5747 1250 5802 Sine
1278 5747 1480 5816 reliquo
1507 5749 1677 5818 spatio
1697 5750 1959 5818 temporis

382 5843 514 5890 tunc
533 5835 788 5906 judicabit
812 5855 825 5891 :
849 5837 941 5904 sed
967 5853 1084 5904 cum
1106 5848 1301 5909 quanto
1326 5839 1494 5909 spatio
1521 5840 1770 5908 temporis
1796 5841 1953 5897 modo

1411 405 1806 466 ENARRATIO
1840 407 1907 465 IN
1944 406 2263 473 PSALMUM
2296 415 2546 478 CXLVII.

2063 534 2337 628 praecipit?
2361 536 2510 595 Tunc
2541 539 2654 612 jam
2677 543 2694 576 ι
2720 545 2914 618 corrigi
2941 562 3046 604 non
3079 547 3258 610 licebit
3283 567 3298 608 :
3326 553 3485 612 modo
3509 539 3643 628 quis?

2064 623 2348 692 prohibet?
2375 628 2483 685 lloc
2507 645 2628 687 cum
2662 634 3000 694 vehementer
3025 642 3513 702 commendaremus
3525 623 3629 704 do-

2065 714 2260 770 minico
2284 716 2390 787 die,
2418 721 2539 790 quia
2567 739 2772 794 revera,
2801 727 2922 798 quia
2946 745 3110 800 pr0pe
3134 733 3234 789 hoc
3256 735 3426 790 solum
3449 737 3630 794 dicen-

2065 801 2188 858 dum
2216 815 2325 874 est;
2357 823 2464 864 non
2503 827 2684 882 parum
2715 819 2966 887 temporis
2991 819 3228 891 efﬂuxit,
3254 833 3309 880 et
3338 828 3504 883 coacti
3541 843 3634 884 su-

2065 907 2183 950 mus
2203 895 2344 955 hunc
2361 901 2623 970 psalmum
2643 917 2946 978 susceptum
2965 911 3030 965 ad
3052 914 3401 985 tractandum,
3418 916 3471 972 in
3489 917 3631 976 hunc

2066 985 2208 1041 diem
2243 989 2475 1050 dill'erre.
2507 994 2661 1052 Modo
2688 998 2802 1068 ipse
2836 1011 3026 1070 praesto
3051 1011 3165 1070 est;
3205 1003 3536 1064 intendamus
3573 1009 3629 1064 in

2067 1090 2188 1132 eum
2206 1119 2220 1144 ,
2250 1079 2354 1136 imo
2380 1083 2431 1138 in
2463 1084 2624 1140 Deum
2655 1088 2744 1158 qui
2773 1089 2870 1146 hos
2895 1106 3170 1151 sermones
3206 1111 3300 1166 per
3327 1097 3629 1154 misericor-

2066 1168 2206 1226 diam
2233 1187 2379 1228 suam
2407 1176 2458 1230 in
2483 1177 2679 1248 Spiritu
2705 1195 2800 1238 suo
2825 1182 3132 1254 dispensare
3158 1187 3402 1258 dignatus
3428 1199 3530 1255 est,
3557 1191 3629 1246 ita

2068 1271 2125 1316 ut
2145 1260 2257 1333 ipse
2278 1266 2421 1321 novit
2437 1270 2684 1338 expedire
2705 1273 3094 1332 inﬁrmitatibus
3109 1279 3323 1333 nostris.
3339 1279 3466 1347 Quis
3486 1281 3628 1337 enim

2066 1366 2208 1423 (eger
2233 1355 2509 1411 consilium
2539 1360 2742 1416 medico
2767 1362 2892 1420 dare
2920 1364 3114 1421 audet?

2135 1444 2188 1498 2.
2217 1443 2348 1501 Cum
2381 1447 2662 1519 legeretur,
2690 1454 2849 1508 credo
2873 1465 2965 1511 aut
2989 1472 3174 1514 omnes
3198 1467 3288 1514 aut
3315 1460 3507 1516 multos
3536 1477 3629 1518 ve-

2065 1544 2231 1590 strum
2262 1539 2698 1596 animadvertisse
2725 1545 2862 1612 quod
2904 1547 3093 1604 habeat
3123 1549 3330 1621 aliquos
3356 1567 3540 1607 versus
3564 1553 3630 1608 ad

2065 1642 2196 1696 quos
2223 1629 2535 1696 aperiendus
2561 1632 2870 1700 pulsandum
2901 1647 3000 1704 est,
3032 1640 3365 1711 maximeque
3400 1642 3486 1698 ubi
3513 1643 3586 1698 ait
3614 1661 3628 1698 :

2067 1719 2168 1783 Qui
2194 1721 2280 1774 dat
2304 1721 2461 1774 nivem
2486 1723 2617 1776 velut
2638 1721 2824 1792 lauant,
2849 1728 3079 1782 nebulam
3097 1733 3230 1786 velut
3248 1737 3461 1787 cinerem
3480 1751 3627 1803 spar-

2062 1811 2135 1880 git
2164 1826 2182 1863 :
2207 1812 2291 1880 qui
2328 1813 2476 1866 mittit
2516 1815 2805 1884 crystallum
2840 1834 2988 1871 suum
3016 1820 3145 1874 velut
3173 1823 3336 1891 frusta
3370 1825 3550 1894 panis;
3577 1826 3631 1879 in

2063 1904 2243 1974 faciem
2278 1905 2480 1976 frigoris
2517 1908 2624 1976 ejus
2661 1910 2772 1977 quis
2809 1911 3081 1966 subsistet?
3108 1913 3201 1968 His
3229 1918 3367 1970 enim
3406 1918 3630 1985 auditis,

2062 1996 2303 2066 quisquis
2331 2012 2393 2052 ea
2419 1997 2610 2067 accipit
2641 1999 2707 2053 ad
2738 1999 2966 2056 litteram
2988 2043 3002 2068 ,
3030 2018 3188 2073 opera
3220 2006 3428 2074 quidem
3455 2007 3630 2061 divina

2062 2087 2329 2156 cogitavit.
2358 2087 2487 2154 Quis
2525 2089 2665 2143 enim
2708 2090 2797 2146 dat
2836 2093 3047 2159 nivem,
3079 2095 3178 2149 nisi
3219 2095 3396 2151 Deus?
3423 2104 3477 2151 et
3515 2097 3633 2166 quis

2063 2176 2310 2232 nebulam
2351 2179 2582 2248 spargit,
2620 2179 2720 2234 nisi
2762 2181 2929 2236 Deus?
2967 2185 3270 2254 crystallum
3301 2187 3416 2256 quis
3443 2185 3631 2252 durat,

2062 2269 2164 2325 nisi
2195 2270 2344 2340 ipse?
2370 2270 2438 2326 Et
2463 2271 2659 2328 habent
2685 2273 2798 2329 hcce
2838 2276 2935 2330 tria
2975 2275 3348 2332 similitudines
3374 2293 3633 2348 congruas

2062 2361 2349 2430 oppositas.
2390 2361 2571 2432 Neque
2609 2363 2748 2418 enim
2788 2364 3061 2421 dissimilis
3093 2376 3176 2422 est
3217 2367 3335 2421 lana
3375 2369 3515 2435 nivi,
3543 2378 3635 2423 aut

2062 2453 2196 2510 cinis
2221 2454 2454 2519 ncbulm,
2481 2464 2572 2509 aut
2597 2455 2760 2510 frusta
2789 2457 2936 2526 panis
2963 2457 3210 2513 candidi’
3235 2459 3394 2513 nitori
3419 2468 3473 2514 et
3499 2475 3626 2513 cnn-

2061 2544 2178 2600 dori
2207 2546 2460 2616 crystalli.
2502 2547 2596 2602 Est
2633 2547 2776 2603 enim
2816 2549 3120 2620 crystallum
3156 2550 3359 2619 species
3386 2549 3626 2620 quaedam

2063 2637 2116 2691 in
2144 2637 2356 2691 modum
2386 2637 2536 2704 vitri,
2565 2639 2658 2694 sed
2685 2639 2966 2694 candidum
2997 2650 3095 2694 est.
3126 2640 3238 2695 Hoc
3265 2650 3438 2696 autent
3467 2657 3634 2710 genus

2057 2730 2284 2786 traditur
2309 2732 2376 2787 ab
2401 2731 2479 2786 eis
2503 2733 2588 2802 qui
2630 2742 2924 2796 noverunt;
2957 2733 3096 2788 unde
3133 2733 3372 2788 dubitare
3401 2749 3505 2788 non
3534 2733 3633 2788 de-

2060 2819 2282 2885 bemus,
2326 2822 2573 2891 quoniam
2618 2820 2920 2877 ﬁdelissima
2965 2822 3234 2892 Scriptura
3275 2823 3630 2878 testimonium

2062 2909 2190 2966 dicit
2223 2929 2235 2964 :
2266 2911 2492 2967 traditur
2533 2927 2659 2981 ergo
2700 2914 3007 2985 crystallum
3029 2955 3044 2979 ,
3085 2915 3282 2968 durata
3312 2929 3408 2984 per
3443 2915 3634 2970 multos

2061 3015 2230 3056 annos
2254 3010 2308 3057 et
2333 3018 2435 3057 non
2464 3003 2695 3058 resoluta
2720 3004 2860 3070 nive,
2890 3004 2960 3058 ita
2985 3005 3373 3074 congelascere,
3401 3013 3460 3059 ut
3485 3019 3634 3060 reso-

2063 3096 2193 3151 lutio
2217 3111 2321 3152 non
2349 3096 2517 3151 facilis
2543 3097 2631 3150 sit.
2658 3095 2818 3151 Nives
2845 3098 3125 3165 prmterittc
3153 3096 3340 3152 hiemis
3360 3095 3509 3151 facile
3527 3095 3636 3151 dis-

2061 3187 2218 3241 solvit
2245 3197 2402 3240 testas
2440 3187 2760 3252 adveniens;
2804 3203 2907 3240 non
2943 3188 3084 3242 enim
3113 3187 3192 3242 cis
3220 3186 3284 3241 ad
3312 3187 3634 3241 conﬁrman-

2062 3274 2184 3328 dam
2231 3274 2478 3330 duritiam
2522 3277 2748 3331 acccssit
2785 3277 3075 3331 annositas.
3101 3277 3224 3332 'Ubi
3268 3285 3441 3331 autem
3486 3278 3635 3332 nives

2062 3364 2242 3419 multae
2264 3379 2359 3434 per
2384 3379 2552 3420 annos
2580 3367 2773 3420 multos
2797 3381 2955 3437 super
2977 3367 3199 3422 invicem
3223 3365 3397 3422 misszc
3419 3366 3630 3435 fuerint,

2061 3462 2119 3511 ct
2145 3456 2294 3526 ecpia
2324 3471 2418 3510 sua
2446 3456 2747 3511 violentiam
2773 3459 2970 3512 aestatis
2999 3457 3272 3522 evicerint,
3302 3474 3407 3512 non
3437 3460 3634 3515 aestatis

2062 3547 2240 3616 unius,
2263 3548 2357 3603 sed
2379 3549 2684 3614 multarum,
2709 3549 2999 3618 praesertim
3021 3549 3075 3604 in
3097 3549 3179 3604 his
3200 3558 3353 3604 teme
3375 3551 3631 3620 partibus,

2062 3639 2115 3694 id
2143 3652 2222 3694 est
2251 3640 2304 3694 in
2332 3640 2598 3709 aquilonia
2640 3641 2793 3710 plaga
2811 3681 2824 3704 ,
2857 3641 2946 3695 ubi
2980 3655 3080 3696 nec
3107 3649 3290 3696 aestate
3319 3642 3398 3696 sol
3430 3641 3633 3711 perfer-

2061 3733 2402 3787 ventissimus
2423 3733 2713 3797 invenitur;
2738 3735 2848 3803 ipsa
2876 3733 3120 3788 diuturna
3147 3743 3199 3787 et
3222 3747 3417 3787 annosa
3444 3733 3634 3788 duritia

2061 3821 2237 3877 reddit
2262 3821 2399 3876 hanc
2425 3823 2657 3891 speciem
2683 3838 2797 3890 quae
2825 3823 3133 3894 crystallum
3155 3823 3366 3877 dicitur.
3395 3823 3634 3877 Intendat

2061 3911 2303 3967 Charitas
2337 3920 2532 3967 vestra.
2572 3911 2709 3978 Quid
2755 3921 2837 3966 est
2875 3927 3001 3982 ergo
3037 3912 3382 3980 crystallum?
3419 3911 3519 3965 Nix
3553 3921 3635 3966 est
3731 3939 3738 3946 -

2060 4002 2229 4072 glacie
2257 4002 2440 4056 durata
2471 4017 2565 4072 per
2594 4002 2787 4056 multos
2812 4018 3000 4067 annos,
3021 4003 3092 4056 ita
3121 4013 3178 4056 ut
3205 4017 3235 4056 a
3263 4002 3376 4057 sole
3403 4002 3486 4057 vel
3515 4003 3635 4073 igne

2063 4091 2213 4147 facile
2232 4093 2448 4148 dissolvi
2471 4109 2574 4147 non
2596 4094 2783 4164 possit.
2807 4093 2919 4147 Hoc
2945 4101 3220 4162 propterea
3242 4092 3507 4162 aliquanto
3527 4092 3638 4148 diu-

2062 4182 2166 4238 tius
2185 4183 2548 4253 exposuimus,
2575 4184 2695 4253 quia
2721 4183 2872 4237 multi
2895 4184 3173 4253 ignorant:
3199 4197 3298 4236 nec
3322 4183 3396 4236 illi
3419 4183 3506 4252 qui
3534 4177 3636 4238 hoc

2061 4272 2199 4328 forte
2226 4282 2452 4341 norunt,
2481 4274 2546 4328 de
2574 4289 2632 4328 re
2660 4289 2816 4345 quam
2847 4282 3107 4328 noverunt
3132 4286 3416 4328 onerosum
3442 4272 3637 4328 debent

2062 4363 2260 4420 habere
2302 4379 2636 4430 sermonem,
2677 4364 2967 4418 adhibitum
3007 4377 3115 4419 non
3158 4372 3372 4434 propter
3409 4378 3500 4429 se,
3541 4363 3635 4417 sed

2061 4466 2279 4528 prapter
2301 4471 2394 4513 eos
2418 4459 2507 4528 qui
2533 4471 2637 4512 non
2665 4465 2943 4512 noverunt.
2971 4455 3096 4511 Hazc
3121 4470 3246 4526 ergo
3267 4471 3389 4510 cum
3414 4448 3636 4509 audistis

2062 4557 2382 4617 personante
2425 4547 2686 4612 Lectore,
2734 4563 2837 4602 non
2885 4546 3067 4602 dubito
3109 4561 3205 4602 vos
3242 4545 3451 4602 diversa
3488 4545 3635 4615 cogi-

2063 4645 2237 4704 tasse;
2261 4637 2457 4693 dixisse
2479 4637 2704 4708 aliquos,
2731 4645 2784 4691 et
2804 4651 2990 4692 verum
3016 4635 3239 4704 dixisse,
3265 4636 3451 4707 Magna
3475 4650 3635 4705 opera

2065 4727 2306 4794 Domini,
2338 4727 2478 4782 unde
2515 4727 2770 4797 particula
2800 4727 3039 4797 qumdam
3077 4736 3487 4782 commemorata
3517 4735 3632 4794 est,

2063 4827 2114 4874 et
2141 4820 2254 4889 ipsa
2276 4827 2505 4883 terrena,
2534 4827 2588 4874 et
2613 4833 2776 4888 prope
2801 4818 3044 4873 omnibus
3067 4818 3220 4872 annis
3243 4827 3385 4885 nota,
3415 4832 3639 4886 quomo-

2061 4910 2132 4966 do
2156 4911 2337 4980 ningat
2362 4911 2521 4973 Deus,
2549 4910 2813 4980 quomodo
2843 4910 3088 4966 nebulam
3119 4918 3349 4979 spargat,
3372 4908 3635 4978 quomodo

2062 5001 2222 5057 etiam
2254 5001 2560 5072 crystallum
2591 5001 2781 5056 solidet
2813 5018 2826 5054 :
2856 5001 2989 5055 alios
3017 5000 3215 5054 dixisse
3242 4999 3376 5064 sibi,
3405 4999 3634 5055 Putasne

2062 5092 2178 5147 sine
2201 5105 2361 5148 causa
2386 5093 2486 5146 ista
2513 5093 2564 5146 in
2589 5091 2874 5163 Scripturis
2899 5091 3067 5161 posita
3092 5099 3234 5158 sunt,
3265 5099 3355 5145 aut
3385 5106 3504 5146 vere
3532 5089 3636 5146 hoc

2064 5190 2232 5238 totum
2262 5183 2459 5238 habent
2485 5183 2626 5254 quod
2653 5183 2882 5238 sonant?
2911 5197 3016 5235 non
3055 5181 3208 5236 nobis
3239 5181 3434 5252 aliquid
3464 5183 3636 5237 innuit

2063 5273 2154 5328 nix
2179 5274 2280 5329 ista
2305 5283 2358 5330 ct
2383 5274 2525 5341 lana,
2555 5273 2743 5329 nebula
2773 5273 3004 5339 et.cinis,
3035 5271 3340 5343 crystallum
3367 5281 3421 5326 et
3449 5272 3635 5342 panis?

2061 5362 2168 5420 Sed
2204 5379 2368 5434 quare
2409 5363 2486 5418 sic
2525 5363 2794 5432 Scriptura
2836 5362 2976 5432 loqui
3017 5363 3209 5428 voluit,
3249 5377 3346 5434 per
3379 5361 3634 5433 quasdam

2064 5455 2211 5524 quasi
2235 5453 2488 5524 caligines
2513 5451 2950 5508 similitudinum?
2973 5463 3171 5523 quanto
3193 5453 3379 5508 melius
3405 5451 3636 5521 apertius

2063 5543 2403 5616 loqueretur?
2425 5544 2599 5612 Quare
2622 5544 2705 5598 vel
2729 5560 2909 5614 quaero
2929 5545 3012 5600 vel
3043 5543 3245 5611 haesito,
3269 5543 3396 5614 quid
3419 5542 3520 5598 sibi
3543 5543 3634 5598 ill'a

2131 5725 2256 5793 {sic
2274 5729 2381 5794 Mss.
2408 5729 2463 5772 At
2483 5730 2641 5794 timet
2656 5722 2891 5794 Lov.,_§ed
2915 5721 3040 5791 quod
3063 5735 3175 5794 cum
3206 5726 3335 5772 tanta
3353 5721 3504 5784 spatio
3519 5727 3632 5781 tem-

2063 5786 2192 5851 poris
2210 5786 2352 5835 modo
2366 5786 2608 5854 praxim,
2626 5792 2735 5854 tum:
2753 5786 2895 5856 etiam
2911 5786 3105 5855 corrigi,
3133 5791 3228 5832 etc.

2128 5849 2146 5882 ²
2172 5846 2305 5908 ειμι,
2332 5847 2538 5897 caudtdo
2561 5853 2704 5898 tutan
2732 5860 2748 5896 :
2772 5845 3168 5896 dissentientibus
3189 5852 3291 5896 Mss.
