4038 6462
395 349 406 362 .
493 313 640 380 1915,

488 428 649 484 verba
679 425 929 498 exigant?
958 439 1124 496 quare
1163 425 1216 480 in
1255 424 1518 480 audiendo
1541 425 1626 481 vel
1659 424 1876 481 laboro?
1905 441 2068 496 quare

489 519 804 590 plerumque
830 518 1008 572 audito
1051 517 1254 586 psalmo
1283 516 1526 573 indoctus
1555 517 1820 572 abscedo?
1851 517 1959 572 Hoc
1987 525 2070 572 est

489 609 628 679 quod
657 609 813 680 paulo
841 617 962 662 ante
991 607 1096 661 dixi
1127 625 1139 660 :
1165 607 1352 662 Patere
1381 616 1430 662 te
1456 609 1664 675 curari;
1697 609 1769 662 ita
1799 609 2066 664 sanandus

480 697 569 758 es.
599 701 813 756 Multum
843 699 1102 769 superbus
1131 709 1184 755 et
1221 713 1456 769 praeceps
1483 711 1566 755 est
1593 716 1732 768 :eger
1758 701 1848 770 qui
1877 709 1930 755 et
1957 715 2068 756 me-

486 793 662 848 dicum
705 805 924 844 monere
964 790 1156 854 audet,
1188 791 1347 844 etiam
1386 791 1675 844 hominem.
1707 791 2067 846 Consiliumne

485 881 697 936 audebit
739 879 866 934 dare
909 895 1049 951 :eger
1087 879 1337 936 medico?
1377 880 1478 936 Ubi
1525 881 1686 934 homo
1723 889 1975 950 :egrotat,
2013 887 2068 935 et

487 974 625 1028 Deus
653 981 820 1038 curat,
855 989 1102 1043 magnum
1137 973 1344 1044 pietatis
1373 983 1425 1028 et
1459 974 1698 1028 sanitatis
1731 975 1933 1028 initium
1961 983 2062 1040 est,

483 1075 765 1138 antequam
794 1067 932 1122 scias
966 1081 1130 1137 quare
1157 1067 1280 1136 quid
1318 1067 1514 1121 dictum
1561 1067 1663 1130 sit,
1699 1066 1918 1121 credere
1941 1067 1956 1098 ยน
1995 1067 2065 1121 ita

483 1155 589 1210 dici
615 1157 864 1212 debuisse
889 1167 945 1211 ut
969 1157 1166 1212 dictum
1191 1167 1292 1212 est.
1321 1157 1444 1212 llaec
1467 1159 1606 1212 enim
1641 1157 1806 1227 pietas
1833 1157 1986 1212 faciet
2013 1165 2064 1213 te

482 1265 728 1320 capacem
759 1259 815 1304 ut
841 1266 1048 1320 quaeras
1077 1249 1218 1320 quod
1245 1251 1443 1306 dictum
1470 1261 1550 1306 est
1569 1291 1584 1316 ,
1614 1259 1665 1304 et
1694 1265 1810 1304 cum
1841 1251 2064 1321 quaesie-

479 1344 554 1398 ris
595 1345 866 1410 invenias,
898 1353 952 1399 et
989 1359 1111 1398 cum
1153 1344 1422 1398 inveneris
1461 1343 1709 1414 gaudeas.
1751 1343 1903 1397 Adsit
1937 1359 2062 1414 ergo

479 1433 635 1490 nobis
655 1436 792 1506 apud
817 1436 1097 1490 Dominum
1127 1435 1293 1492 Deum
1321 1443 1558 1490 nostrum
1589 1435 1686 1490 iste
1706 1435 1920 1490 affectus
1946 1452 2063 1505 pre-

479 1543 598 1583 cum
628 1539 960 1594 vestrarum;
989 1539 1042 1584 et
1067 1531 1110 1586 si
1143 1547 1247 1586 non
1279 1541 1495 1600 propter
1525 1547 1642 1594 nos,
1671 1541 1816 1587 certe
1846 1541 2062 1604 prOpter

476 1636 572 1676 vos
599 1620 797 1677 donare
819 1623 1067 1692 dignetur
1093 1621 1235 1692 quod
1267 1623 1351 1675 hic
1377 1622 1741 1676 absconditum
1770 1625 1918 1678 latet.
1949 1623 2060 1678 Mo-

476 1709 548 1766 do
571 1727 697 1784 ergo
725 1721 908 1782 putate
933 1728 1047 1778 nos,
1079 1713 1331 1782 quoniam
1357 1713 1629 1782 cujusdam
1657 1715 1942 1782 spectaculi
1969 1715 2058 1770 ct'

475 1801 721 1858 editionis
759 1805 950 1858 divina:
989 1803 1129 1858 diem
1169 1803 1510 1872 promisimus
1533 1847 1545 1868 ,
1591 1807 1944 1874 pronuntiatis
1977 1807 2058 1862 his

473 1896 717 1950 versibus
741 1906 794 1950 et
817 1895 1048 1949 nondum
1073 1895 1345 1964 expositis,
1373 1894 1633 1950 involutas
1655 1895 1906 1964 quasdam
1935 1897 2056 1950 Edi-

472 1987 602 2041 toris
631 1989 797 2042 nostri
827 1989 1061 2044 sarcinas
1105 1989 1404 2058 protulisse.
1437 1987 1627 2056 Utique
1657 1988 1722 2041 ad
1767 1988 1866 2044 hoc
1907 1991 2056 2042 invo-

471 2077 597 2134 lutae
651 2081 1017 2150 proteruntur,
1065 2090 1120 2134 ut
1172 2081 1396 2135 evoluta:
1441 2079 1860 2148 exspectentura
1903 2096 1916 2132 :
1960 2095 2056 2137 vos

473 2180 649 2226 autem
682 2187 785 2226 non
817 2181 1018 2226 tantum
1052 2173 1276 2240 intueri,
1305 2172 1396 2226 sed
1425 2180 1478 2226 et
1503 2172 1681 2226 vestiri
1715 2173 1994 2244 paramini.

539 2263 592 2318 5.
635 2261 947 2319 Dixeramus
967 2274 1140 2320 autem
1163 2263 1248 2319 die
1267 2264 1553 2328 dominico,
1576 2265 1618 2317 si
1644 2265 1884 2319 meminit
1916 2266 2056 2319 Cha-

467 2352 598 2409 ritas
623 2363 820 2422 vestra,
864 2356 952 2425 qui
982 2355 1244 2420 adfuistis,
1279 2357 1444 2425 ipsam
1474 2355 1831 2425 evangelicam
1861 2356 2053 2410 lectio-

465 2459 609 2510 nem,
635 2461 750 2516 qute
777 2461 876 2501 nos
905 2445 1102 2501 diutius
1134 2447 1324 2512 tenuit,
1357 2454 1413 2500 ut
1439 2447 1632 2500 Psalmi
1667 2447 1929 2516 expositio
1953 2447 2055 2502 dif-

467 2534 718 2602 ferretur,
750 2552 1038 2607 congruam
1073 2539 1260 2592 lectam
1289 2536 1450 2591 fuisse
1480 2537 1656 2591 eidem
1685 2537 1909 2606 psalmo.
1941 2538 2054 2594 Hoc

466 2635 594 2682 tunc
623 2627 874 2695 diximus,
899 2627 992 2683 sed
1012 2627 1292 2683 ostendere
1315 2643 1419 2680 non
1454 2627 1734 2693 valuimus,
1763 2629 1882 2698 quia
1905 2627 2054 2682 Psal-

463 2734 608 2776 mum
638 2717 960 2774 distulimus.
1002 2719 1170 2773 llodie
1207 2719 1384 2788 itaque
1424 2717 1836 2774 demonstranda
1877 2728 1958 2774 est
1999 2729 2054 2775 et

459 2809 578 2874 Ipsa
599 2812 961 2883 congruentia.
1001 2811 1056 2866 ln
1083 2813 1386 2882 evangelica
1415 2811 1502 2864 illa
1530 2812 1755 2864 lectione
1783 2813 1948 2866 territi
1971 2828 2052 2868 su-

453 2910 582 2962 Jnus
609 2901 675 2957 de
703 2901 788 2956 die
815 2902 1122 2958 novissimo.
1176 2902 1371 2958 Terror
1413 2902 1502 2956 ille
1552 2901 1886 2958 securitatem
1929 2919 2052 2974 par-

466 2995 625 3059 turit;
661 2995 826 3050 territi
879 2995 1018 3048 enim
1057 3009 1434 3064 praecaventus,
1467 3003 1825 3064 praecaventes
1877 2997 2051 3050 securi

454 3087 678 3142 erimus.
755 3089 1031 3158 Quomodo
1099 3089 1237 3144 enim
1293 3097 1618 3158 praepostera
1670 3088 1926 3143 securitas
1994 3089 2046 3142 in

453 3189 694 3244 terrores
721 3182 961 3250 impellit,
1003 3183 1074 3236 ita
1095 3181 1334 3236 ordinata
1374 3179 1675 3236 sollicitudo
1703 3182 2042 3237 securitatem
2099 3243 2102 3246 ,

461 3271 617 3340 parit.
649 3272 838 3326 Territi
863 3281 1040 3326 autem
1067 3288 1271 3338 sumus,
1302 3288 1367 3326 ne
1406 3281 1720 3341 praesentem
1747 3273 1908 3326 vitam
1949 3273 2046 3328 de-

457 3361 759 3431 ficientem,
809 3365 1128 3430 volaticam,
1191 3365 1567 3430 transitoriam,
1625 3365 1701 3420 sic
1768 3381 2042 3434 amemus,

457 3453 610 3528 quasi
647 3452 750 3508 alia
793 3456 934 3510 nulla
973 3457 1041 3510 sit
1072 3474 1082 3508 :
1113 3455 1156 3510 si
1195 3457 1334 3512 enim
1367 3457 1467 3509 alia
1499 3457 1639 3511 nulla
1675 3467 1775 3521 est,
1805 3474 2045 3514 amemus

459 3543 614 3602 hanc.
647 3545 704 3598 Si
752 3545 852 3600 alia
909 3545 1013 3598 vita
1066 3546 1204 3598 nulla
1262 3555 1362 3611 est,
1417 3545 1678 3600 feliciores
1727 3547 1878 3602 nobis
1920 3559 2045 3602 sunt
2095 3595 2100 3600 .

457 3634 548 3704 qui
571 3634 636 3689 ad
677 3635 1126 3704 amphitheatrum
1175 3635 1330 3690 hodie
1375 3636 1676 3706 vigilarunt.
1717 3635 1853 3704 Quid
1900 3640 2042 3693 enim

455 3725 532 3784 ait
595 3728 922 3798 Apostolus?
965 3728 1025 3782 Si
1079 3728 1130 3780 in
1172 3729 1266 3780 hac
1318 3730 1418 3782 vita
1475 3737 1668 3782 tantum
1737 3731 1788 3782 in
1844 3729 2042 3786 Christo

449 3827 712 3888 sperantes
767 3835 960 3881 sumus,
1013 3820 1394 3873 miserabiliores
1446 3837 1618 3874 sumus
1673 3822 1900 3876 omnibus
1945 3823 2040 3876 Ito-

452 4092 568 4148 des.
601 4093 790 4148 Merito
833 4092 1075 4160 ๏ฌttctuas,
1108 4094 1227 4164 quia
1277 4093 1518 4148 Christus
1565 4093 1759 4148 dormit
1803 4097 1854 4148 in
1895 4095 2034 4150 navi.

451 4183 610 4240 Iesus
637 4185 778 4240 enim
809 4185 1106 4240 dormiebat
1139 4185 1187 4238 in
1217 4185 1358 4249 navi,
1390 4193 1443 4238 et
1481 4185 1628 4238 navis
1657 4185 1941 4240 fluctuabat
1983 4187 2035 4240 in

450 4275 602 4346 aquis
637 4285 693 4332 et
729 4277 1130 4347 tempestatibus
1169 4276 1348 4330 multis
1379 4275 1606 4346 (Matth.
1641 4293 1753 4343 vnt,
1784 4277 1873 4340 24,
1896 4275 1966 4334 25
1990 4277 2031 4348 ).

450 4365 694 4422 Fluctuat
717 4382 845 4438 ergo
871 4383 982 4430 cor,
1025 4366 1235 4436 quando
1259 4366 1502 4420 Christus
1535 4366 1750 4420 dormit.
1794 4367 2034 4422 Christus

451 4475 664 4528 semper
689 4460 870 4528 vigilat
903 4477 914 4512 :
938 4459 1062 4528 quid
1085 4468 1167 4512 est
1188 4473 1334 4526 ergo,
1357 4457 1598 4512 Christus
1618 4457 1848 4512 dormit?
1875 4457 2034 4514 Fides

451 4553 764 4610 tuadormit.
788 4552 922 4618 Quid
943 4551 1114 4604 adhuc
1137 4551 1478 4604 dubitationis
1498 4559 1806 4618 tempestate
1837 4551 1855 4580 ยณ
1873 4553 2032 4620 jacta-
2073 4559 2076 4562 แฝท

452 4639 562 4700 ris?
617 4641 803 4698 Excita
839 4641 1146 4702 Christum,
1193 4641 1364 4694 excita
1433 4639 1585 4694 [idem
1638 4647 1782 4692 tuam
1828 4657 1839 4692 :
1900 4656 2028 4693 con-

445 4735 592 4806 spicc
663 4733 830 4788 oculis
869 4730 988 4785 fidei
1037 4731 1195 4784 vitam
1258 4728 1510 4796 futuram,
1575 4739 1789 4798 propter
1871 4746 2029 4800 quam

445 4826 741 4894 credidisti,
775 4833 990 4894 propter
1011 4837 1166 4892 quam
1189 4823 1338 4891 signo
1366 4823 1478 4891 ejus
1507 4821 1750 4890 signaris,
1783 4821 1874 4892 qui
1904 4837 2029 4892 pro-

447 4927 630 4988 pterea
657 4916 808 4970 duxit
838 4915 976 4970 hanc
1003 4915 1185 4976 vitam,
1221 4921 1274 4966 ut
1294 4912 1381 4966 tibi
1404 4912 1710 4968 ostenderet
1743 4928 1898 4982 quam
1961 4913 2030 4969 sit

441 5007 830 5066 contemnenda
871 5021 1023 5076 quam
1053 5002 1326 5074 diligebas,
1376 5013 1430 5058 et
1469 5019 1624 5072 quam
1665 5003 1733 5060 sit
1764 5003 2026 5074 Sperauda

442 5115 602 5170 quam
629 5113 736 5154 non
758 5097 1032 5164 credebas.
1056 5096 1110 5150 Si
1133 5110 1258 5164 ergo
1290 5094 1442 5148 tidem
1466 5093 1799 5161 excitaveris,
1826 5103 1880 5148 et
1902 5112 2028 5150 ncu-

442 5193 526 5248 los
541 5192 660 5260 ejus
679 5189 732 5244 in
763 5189 1046 5244 novissima
1082 5188 1310 5252 miseris,
1333 5185 1676 5254 futurumque
1695 5187 1944 5242 sacculum
1971 5189 2078 5270 iu.5
2135 5235 2292 5290 quam
2321 5185 2426 5277 im"
2451 5185 2740 5292 gaudentes
2761 5241 2774 5287 ฯ
2799 5233 2852 5280 ฮตฮน
2879 5201 2968 5296 (iui
2997 5185 3562 5299 ae'm;

503 5303 520 5333 ยณ
545 5307 614 5350 tta
635 5297 855 5364 melioris
877 5307 1002 5346 notae
1020 5303 1204 5364 uss-at
1223 5296 1358 5364 ๏ฌddw
1383 5301 1428 5346 et
1443 5293 1658 5364 sanitatis
1676 5292 1919 5364 iudicium
1934 5306 2020 5364 est.
2089 5296 2093 5300 โ
2115 5295 2120 5300 โ

439 5369 706 5426 แพผฮทฯฮธแพณฯฮฑฮทฮน
731 5359 856 5412 scias
891 5371 1039 5421 quare
1064 5356 1177 5420 quid
1205 5356 1390 5407 dictant
1419 5357 1496 5419 sit,
1536 5357 1678 5408 crede
1720 5356 1786 5407 ita
1821 5357 1919 5409 dici
1942 5357 2026 5410 de-
2063 5411 2070 5420 ,

441 5421 615 5482 (misse.
633 5431 727 5472 etc.

503 5484 523 5518 ยน
549 5481 620 5550 Er.
643 5491 696 5534 et
715 5491 826 5534 ฯฮฝ.
843 5484 1070 5533 omittunt
1085 5481 1388 5544 particulam,
1405 5487 1468 5542 et,
1481 5495 1660 5545 quaem
1677 5483 1871 5532 caeteris
1887 5481 2022 5550 libris
2055 5543 2058 5546 ,
2085 5490 2087 5492 '

438 5548 702 5600 reperitur.

437 5677 619 5779 mโZ'Stc
640 5731 746 5780 llas.
774 5735 828 5776 At.
847 5729 958 5778 Edd.
988 5727 1112 5786 loco,
1135 5725 1391 5786 Christum,
1421 5727 1617 5784 habent,
1637 5733 1859 5778 rastrum.

502 5796 521 5826 โธ
551 5801 676 5852 Mss,
703 5789 990 5850 dubitatione
1007 5795 1058 5839 ut
1079 5795 1350 5852 tempestate
1382 5801 1397 5840 :
1423 5799 1522 5849 aut,
1549 5788 1669 5840 velut
1693 5795 1984 5856 tempestate.

1723 311 1786 370 S.
1817 311 2182 370 AUGUSTINI
2217 313 2514 376 EPISCOPI

3617 345 3756 408 1916

2119 426 2131 448 โถ
2178 446 2286 532 quo
2305 435 2651 532 gaudebimus
2681 449 2798 510 post
2823 443 3048 504 alterum
3070 449 3280 508 Domini
3305 454 3612 526 adventum,
3635 473 3756 532 post

2170 521 2433 627 judicium
2443 538 2734 627 peractum,
2761 545 2879 604 post
2901 539 3150 596 traditum
3173 548 3371 602 sanctis
3392 521 3768 627 regnum'cae-I'

2175 615 2362 686 lorum,
2393 621 2438 698 si
2461 622 2602 678 illam
2633 625 2786 680 vitam
2823 631 3157 702 cogitaveris,
3185 647 3240 692 et
3263 639 3404 696 illius
3435 615 3752 718 vitatvnego-

2175 707 2303 762 tium
2314 711 2570 806 otiosum,
2603 716 2668 772 da
2693 735 2798 790 quo
2823 736 2962 793 saepe
2985 725 3142 782 locuti
3171 744 3353 786 sumus
3373 774 3386 798 ,
3419 707 3752 806 charissimi;

2173 815 2278 899 npn
2307 801 2578 862 fluctuabit
2615 811 2880 881 negotium
2909 825 3171 884 nostrum,
3213 821 3442 878 otiosum
3479 801 3750 899 negotium

2173 891 2388 960 plenum
2433 897 2597 953 solius
2620 898 2935 972 dulcedinis,
2969 907 3111 962 nulla
3147 891 3750 982 interpellatumvmoleo

2172 982 2290 1050 stia,
2312 985 2452 1040 nulla
2475 985 2785 1062 fatigatione
2807 997 3118 1066 sauciatum,
3139 1003 3279 1057 nulla
3309 1005 3448 1060 nube
3469 1012 3751 1078 perturba-

2175 1084 2302 1131 tum.
2339 1079 2614 1152 Negotiqu
2671 1099 2908 1144 nostrum
2955 1093 3096 1162 quod
3123 1096 3262 1151 erit?
3288 1098 3530 1160 Laudare
3557 1105 3726 1160 Deum

2171 1184 2350 1226 amare
2375 1183 2426 1228 et
2455 1175 2704 1246 laudare;
2731 1182 2948 1240 laudare
2975 1186 3028 1240 in
3060 1203 3262 1256 amore,
3293 1179 3473 1252 amare
3495 1197 3546 1252 in
3575 1197 3720 1254 laudi

2169 1261 2287 1318 bus.
2312 1265 2454 1322 Beati
2479 1272 2563 1339 qui
2589 1272 2813 1328 habitant
2837 1277 2889 1330 in
2921 1277 3070 1334 domo
3097 1291 3184 1336 tua
3205 1300 3224 1348 ;
3249 1285 3300 1338 in
3329 1288 3515 1341 arcula
3533 1290 3750 1346 stmulo-

2169 1374 2280 1452 rum
2305 1360 2581 1418 laudabunt
2619 1373 2665 1419 te
2691 1363 2710 1438 (
2726 1365 2872 1422 Psal.
2901 1387 3122 1440 Lxxxnt,
3146 1375 3180 1430 5
3205 1373 3246 1446 ).
3274 1376 3466 1444 Quare,
3489 1381 3596 1436 nisi
3627 1383 3750 1452 quia

2169 1448 2222 1503 in
2247 1453 2442 1506 sazcula
2475 1456 2791 1512 saeculorum
2811 1461 3062 1518 amabunt
3081 1465 3170 1518 te?
3194 1465 3388 1534 Quare,
3419 1471 3520 1524 nisi
3543 1448 3666 1542 quia
3695 1474 3750 1530 in

2170 1543 2360 1596 saecula
2383 1547 2697 1602 saculorum
2729 1550 2980 1606 videbunt
2999 1557 3086 1608 te?
3105 1555 3218 1612 Hoc
3242 1573 3388 1630 ergo,
3409 1561 3603 1618 fratres
3621 1566 3748 1632 mei,

2166 1635 2320 1704 quale
2347 1640 2704 1706 spectaculum
2747 1644 2847 1696 erit
2875 1644 2926 1697 in
2954 1645 3158 1702 visione
3189 1649 3326 1703 Dei?
3357 1652 3547 1707 Vident
3574 1657 3750 1710 humi-

2167 1741 2261 1780 nes
2293 1737 2618 1796 venatorem,
2644 1741 2696 1786 ct
2723 1733 3091 1790 delectantur:
3121 1755 3200 1790 va:
3225 1740 3454 1808 miseris,
3486 1745 3530 1799 si
3553 1761 3658 1799 non
3692 1762 3750 1802 se

2165 1819 2528 1874 correxerint!
2573 1823 2672 1889 Qui
2713 1826 2856 1880 enim
2907 1827 3090 1882 vident
3117 1837 3456 1896 venatorem,
3493 1843 3547 1889 et
3597 1835 3749 1892 dele-

2164 1915 2395 1975 ctantur,
2410 1911 2662 1966 videbunt
2683 1915 3032 1985 Salvatorem,
3051 1922 3590 1980 etcontristabuntur.
3611 1927 3749 1994 Quid

2165 1997 2267 2051 illis
2289 2000 2555 2068 miserius,
2599 2006 2794 2073 quibus
2835 2005 3079 2063 Salvator
3124 2011 3276 2066 saluti
3309 2029 3415 2068 non
3459 2017 3594 2071 erit?
3631 2017 3750 2076 Non

2164 2103 2290 2158 ergo
2317 2093 2506 2146 mirum
2561 2097 2680 2164 quia
2723 2097 2830 2152 illis
2899 2100 3090 2170 quibus
3147 2104 3406 2174 voluptati
3447 2116 3532 2166 est
3587 2111 3749 2167 homo

2165 2198 2426 2252 pugnans,
2449 2203 2552 2242 non
2569 2191 2668 2243 erit
2689 2191 2842 2244 saluti
2863 2193 3002 2247 Deus
3029 2194 3282 2252 liberans.
3301 2199 3410 2254 Nos
3429 2213 3626 2269 autem,
3651 2205 3750 2260 fra-

2165 2281 2290 2340 trcs,
2327 2277 2371 2329 si
2401 2292 2496 2332 nos
2525 2279 2575 2331 in
2603 2279 2718 2348 ejus
2749 2283 3001 2338 membris
3053 2287 3410 2355 meminimus,
3462 2293 3507 2346 si
3553 2309 3750 2350 concu-

2162 2363 2435 2432 piscimus,
2465 2367 2508 2420 si
2531 2383 2951 2436 perseveramus,
2973 2373 3270 2431 videbimus
3296 2388 3348 2433 et
3379 2383 3742 2452 gaudebimus.

2161 2453 2278 2510 Erit
2309 2457 2392 2511 illa
2423 2458 2608 2512 civitas
2653 2461 2884 2530 purgatis
2913 2466 3156 2521 omnibus
3179 2469 3382 2524 civibus
3417 2473 3549 2539 suis,
3599 2477 3744 2532 nullo

2161 2539 2396 2596 admixto
2435 2541 2688 2598 seditioso
2731 2557 2823 2599 aut
2870 2548 3174 2604 turbulento
3204 2571 3218 2606 :
3245 2553 3486 2610 inimicus
3532 2559 3620 2613 ille
3657 2562 3746 2631 qui

2161 2631 2321 2686 modo
2363 2633 2583 2699 invidet,
2629 2651 2696 2691 ne
2739 2637 2806 2691 ad
2843 2639 2985 2693 illam
3017 2643 3244 2712 patriam
3289 2649 3586 2716 veniamus,
3637 2653 3744 2709 illic

2160 2721 2406 2792 cuiquam
2436 2723 2670 2780 insidiari
2697 2742 2800 2782 non
2833 2739 3037 2798 potest;
3079 2734 3201 2801 quia
3246 2751 3344 2792 nec
3369 2755 3486 2794 esse
3514 2742 3584 2796 ibi
3623 2761 3744 2813 per-

2159 2811 2402 2866 mittitur.
2435 2813 2490 2868 Si
2517 2816 2656 2870 enim
2693 2819 2851 2872 modo
2881 2819 3181 2878 excluditur
3214 2825 3281 2880 de
3321 2831 3481 2885 corde
3515 2811 3740 2890 creden-

2159 2903 2312 2970 tium,
2361 2906 2626 2974 quomodo
2667 2907 2983 2965 excludetur
3036 2911 3104 2969 de
3147 2916 3360 2974 civitate
3397 2920 3742 2982 viventium?

2157 2995 2290 3065 Quid
2321 2999 2441 3066 erit,
2463 2997 2674 3068 fratres,
2707 3003 2832 3073 quid
2869 3005 2987 3072 erit,
3019 3023 3148 3078 rogo
3173 3027 3288 3079 vos,
3320 3029 3439 3071 esse
3467 3016 3519 3072 in
3547 3018 3637 3074 illa
3671 3021 3742 3076 ci-

2153 3084 2339 3150 vitate,
2369 3084 2436 3140 de
2460 3101 2560 3156 qua
2591 3087 2730 3158 loqui
2755 3099 2956 3144 tantum
2977 3095 3224 3162 gaudium
3242 3107 3322 3152 est
3339 3099 3366 3152 ฯโ
3389 3099 3521 3156 Huic
3553 3103 3743 3160 futurae

2155 3175 2278 3231 vita:
2291 3178 2450 3232 corda
2473 3195 2770 3248 praeparare
2784 3181 3040 3239 debemus
3059 3203 3071 3238 :
3094 3188 3331 3258 quisquis
3352 3193 3399 3246 ei
3421 3207 3515 3248 cor
3541 3209 3743 3265 praepa-

2155 3269 2370 3329 raverit,
2397 3277 2558 3323 totam
2583 3271 2734 3324 istam
2765 3277 3094 3342 contemnit;
3135 3291 3435 3351 contempta
3465 3286 3564 3341 ista
3591 3303 3742 3343 secu-

2087 3359 2095 3374 โฮ
2151 3373 2272 3414 rum
2297 3359 2419 3415 facit
2443 3373 2754 3434 exspectare
2783 3365 2922 3422 diem
2958 3368 3025 3424 de
3047 3385 3154 3439 quo
3178 3377 3532 3443 exspectando
3563 3379 3742 3435 Domi-

2153 3467 2252 3506 nus
2285 3452 2486 3508 terruit.

2222 3561 2275 3616 4.
2308 3561 2440 3616 Cum
2471 3578 2596 3633 ergo
2623 3565 2857 3633 psalmus
2895 3567 2993 3626 iste
3019 3569 3162 3634 dicat
3185 3574 3340 3630 nobis
3385 3586 3439 3632 et
3461 3588 3642 3636 cantet
3671 3581 3736 3638 de

2152 3662 2241 3718 illa
2267 3664 2370 3716 vita
2401 3662 2596 3730 futura,
2625 3665 2970 3738 Evangelium
2999 3677 3175 3726 autem
3207 3676 3458 3730 terruerit
3487 3678 3554 3732 de
3581 3693 3723 3748 prmโ
3769 3701 3774 3704 ฮ

2097 3821 2102 3824 _
2152 3754 2323 3818 senti;
2349 3753 2589 3810 Psalmus
2617 3753 2744 3811 facit
2769 3772 3006 3814 amorem
3035 3761 3247 3826 tutuue,
3281 3765 3625 3836 Evangelium
3653 3769 3732 3826 fa-

2083 3901 2086 3904 ,
2149 3843 2222 3896 cit
2250 3843 2490 3900 timorem
2518 3848 2812 3913 praesentis.
2835 3847 2944 3904 Nec
2969 3849 3040 3906 de
3064 3851 3238 3908 futura
3261 3854 3611 3914 delectatione
3651 3869 3732 3915 ta-

451 3911 668 3972 minibus
710 3910 754 3984 (ฮ
787 3911 1020 3978 Cat-.xv,
1063 3912 1183 3980 l9).
1209 3913 1298 3966 Est
1335 3927 1461 3982 ergo
1487 3913 1587 3966 alia
1633 3913 1759 3967 vita.
1807 3913 2039 3970 lntcrro-

454 4009 540 4024 _-A
562 4001 778 4024 --.ฯฮฑฮน-..ฮนฮน
813 4000 1077 4024 ฮฮ...ฮ,.ฮน......
1125 3999 1147 4024 L
1180 4001 1229 4024 ฮต..
1265 4001 1365 4024 (LI-
1408 4016 1496 4024 ...ฮนฮป
1531 4018 1546 4024 -
1587 4002 1676 4024 ..ฮน-..ฮ
1729 4003 1914 4024 .I-____!.
1974 4004 2003 4024 ฮฉ

2147 3943 2298 3991 cetur
2325 3937 2374 3992 in
2411 3937 2597 3992 litteris
2625 3938 2758 3994 Novi
2790 3941 3135 4012 Testamenti,
3177 3955 3230 4002 et
3277 3950 3443 4004 nmlto
3471 3954 3640 4024 magis
3679 3955 3731 4010 in

452 4001 780 4072 get-quisque
813 4000 1081 4056 Christum
1125 3999 1147 4032 ฮด
1179 4001 1234 4056 in
1265 4001 1367 4056 ๏ฌde
1407 4016 1546 4058 sua:
1586 4002 1678 4056 sed
1725 4003 1920 4058 dormit
1973 4004 2039 4058 ๏ฌ-
2081 4039 2088 4046 -

2147 4029 2244 4092 eis,
2277 4028 2366 4082 ubi
2398 4043 2502 4084 non
2535 4041 2780 4100 tauquam
2805 4047 2922 4088 cum
2949 4035 3234 4092 involucris
3262 4042 3576 4110 quibusdam
3609 4061 3729 4115 pro-

2081 4133 2092 4184 =_
2145 4116 2386 4172 feruntur
2413 4119 2500 4172 illa
2529 4136 2646 4190 quae
2678 4121 3013 4192 intelligenda
3040 4135 3197 4194 sunt;
3241 4131 3334 4186 sed
3373 4133 3444 4186 ibi
3475 4135 3723 4190 videntur

2083 4258 2086 4272 ฮถ
2144 4215 2346 4277 aperta,
2377 4217 2433 4262 ut
2473 4207 2559 4262 hic
2599 4211 2959 4282 intelligantur
2989 4217 3237 4274 obscura.
3263 4219 3394 4276 Cum
3425 4240 3555 4296 ergo
3582 4227 3724 4282 dice-

2143 4307 2226 4354 ret
2269 4301 2420 4356 uobis
2465 4303 2825 4374 Evangelium,
2871 4307 3162 4368 Observate
3199 4313 3340 4370 diem
3377 4319 3724 4376 novissimum

2083 4449 2091 4452 _
2142 4401 2444 4457 venturum,
2495 4395 2636 4450 diem
2681 4396 2938 4454 adventus
2969 4401 3084 4456 Filii
3131 4404 3393 4472 hominis;
3443 4412 3568 4480 quia
3611 4413 3726 4468 illos

2139 4481 2279 4536 male
2309 4482 2615 4538 inventurus
2643 4495 2741 4549 est,
2775 4489 2862 4555 qui
2893 4490 3051 4546 modo
3081 4494 3252 4548 securi
3274 4507 3417 4564 sunt,
3453 4498 3574 4554 ideo
3604 4503 3723 4570 quia

2141 4587 2390 4642 perverse
2411 4578 2582 4632 securi
2607 4588 2729 4633 sunt
2749 4596 2762 4646 ;
2790 4583 2962 4636 securi
2987 4590 3112 4636 sunt
3131 4586 3269 4638 cnim
3297 4587 3349 4640 in
3365 4589 3722 4659 voluptatibus

2097 4682 2100 4684 ฮ
2137 4667 2338 4730 saeculi,
2371 4682 2488 4721 cum
2512 4669 2898 4728 deberentesse
2924 4675 3096 4728 securi
3111 4675 3326 4732 domitis
3344 4681 3722 4750 cupiditatibus

2063 4805 2094 4812 .,
2140 4757 2320 4810 saeculi
2353 4776 2363 4810 :
2387 4757 2494 4826 jam
2520 4761 2698 4829 utique
2727 4761 2802 4816 illi
2851 4763 2972 4818 vita:
2999 4781 3096 4822 nos
3131 4771 3456 4838 praeparavit
3494 4774 3722 4844 Aposto-

2073 4903 2076 4906 ,
2137 4848 2239 4914 lus,
2273 4851 2324 4904 in
2350 4851 2524 4906 verbis
2544 4869 2660 4920 quze
2685 4865 2806 4908 tunc
2832 4855 2992 4910 etiam
3010 4861 3444 4928 commemoravi,
3469 4882 3486 4916 โน
3518 4864 3594 4920 De
3621 4881 3720 4922 cae-

2137 4949 2274 5006 tero,
2303 4940 2516 5010 fratres,
2549 4955 2755 5016 tempus
2783 4947 2945 5003 breve
2969 4959 3052 5006 est
3085 4968 3097 5003 :
3131 4953 3393 5021 reliquum
3425 4965 3508 5012 est
3539 4967 3594 5012 ut
3628 4961 3712 5028 qui

2135 5031 2330 5088 habent
2363 5049 2570 5101 uxores,
2621 5045 2868 5107 tanquam
2910 5055 3016 5096 non
3047 5041 3300 5098 habentes
3339 5046 3482 5113 sint;
3529 5059 3583 5103 et
3629 5049 3718 5120 qui

2135 5134 2340 5190 emunt,
2375 5135 2620 5196 tanquam
2649 5143 2752 5182 non
2796 5141 3073 5210 ementes;
3112 5142 3164 5188 et
3191 5136 3278 5204 qui
3303 5137 3553 5206 gaudent,
3607 5150 3717 5196 tan-

2134 5321 2212 5366 tes
2237 5330 2250 5364 :
2283 5319 2340 5368 et
2365 5314 2456 5384 qui
2485 5321 2702 5370 utuntur
2727 5315 2829 5370 hoc
2855 5317 3075 5384 mund-9,
3109 5328 3361 5390 tanquam
3381 5337 3486 5378 non
3509 5333 3714 5380 utentes

2131 5404 2238 5458 sint
2262 5421 2276 5458 :
2303 5405 2691 5474 praeteritenim
2723 5406 2888 5477 figura
2911 5408 3066 5478 hujus
3087 5411 3290 5466 mundi.
3317 5411 3452 5470 Volo
3477 5431 3572 5470 vos
3593 5417 3707 5471 sine

2129 5495 2482 5552 sollicitudine
2493 5511 2611 5552 esse
2623 5496 2826 5566 ยป(16ฮฟฮฝ.
2841 5515 2932 5566 vu,
2946 5499 3156 5575 29-52).
3171 5501 3271 5570 Qui
3283 5505 3532 5574 gaudium
3546 5517 3709 5562 totum
3771 5521 3788 5536 ฮฟ

549 5589 860 5657 ฮพฮนฮดฯฮนฯฮฟฮตฮทฮตแฝทฮต
878 5615 977 5664 Msโ
989 5609 1258 5662 spectem,โ
1282 5617 1298 5652 ฮต
1321 5605 1449 5653 idem
1469 5605 1543 5654 ฮนฮทฮต
1561 5611 1714 5664 sonat,
1740 5611 2018 5668 ฮตฯฮตฯฮตฮตฮนฮตฮท-
2059 5597 2076 5656 ฮพ,
2129 5601 2282 5642 suum
2313 5597 2582 5660 totamque
2619 5589 2920 5648 felicitatem
2953 5607 3102 5648 suam
3127 5594 3402 5652 constituit
3419 5599 3471 5652 in
3489 5601 3708 5654 mandu-

2133 5682 2326 5749 cando,
2349 5683 2598 5748 bibeudo,
2617 5699 2836 5742 uxorem
2855 5686 3115 5763 ducendo,
3141 5690 3389 5756 emendo,
3411 5693 3708 5758 vendendo,

2113 5855 2120 5862 _
2131 5784 2334 5860 utendo
2363 5786 2560 5842 mundo
2581 5788 2705 5852 ieto.
2726 5788 2849 5846 sine
2871 5789 3229 5858 sollicitudine
3250 5803 3336 5854 est
3355 5804 3412 5853 et
3441 5797 3562 5856 talis
3581 5817 3594 5830 ฮ
3619 5799 3705 5860 sed
