4080 6460
297 358 430 416 1917

290 477 483 545 praeter
509 479 692 522 arcam
719 504 731 518 .
755 478 835 520 rm
859 461 982 520 illia
1014 459 1232 516 diluvio.
1256 459 1506 532 Quisquis
1525 468 1720 526 autem,
1754 459 1864 514 sive

205 559 213 566 ’
289 561 595 626 manducat,
622 558 736 613 sive
757 554 912 624 bibit,
934 553 1046 610 sive
1074 552 1274 623 aliquid
1297 552 1421 622 agit,
1457 551 1632 606 omnia
1661 552 1713 604 in
1748 550 1864 621 glo-

286 658 422 714 riam
443 651 538 708 Dei
567 649 696 706 facit
718 647 761 722 (ἰ
785 647 903 704 Cor.
936 662 995 714 ι,
1027 645 1089 702 3i
1115 646 1134 716 )
1167 663 1181 699 :
1211 653 1264 700 et
1292 645 1337 699 si
1360 645 1530 714 aliqua
1560 643 1768 698 tristitia
1787 652 1867 700 est

280 748 352 804 de
378 744 539 802 rebus
565 739 929 804 saecularibus,
947 739 1024 794 sic
1035 736 1150 805 ﬂet,
1176 746 1233 791 ut
1251 737 1392 792 intus
1415 737 1466 791 in
1488 751 1581 807 spe
1601 735 1862 807 gaudeat;

279 847 338 895 et
363 838 410 892 si
425 836 598 905 aliqua
619 832 800 888 laetitia
837 831 997 886 estin
1033 829 1190 884 rebus
1211 827 1578 894 saecularibus,
1618 828 1694 883 sic
1733 843 1864 898 gau-

276 929 393 996 det,
425 935 484 982 ut
526 926 670 981 intus
714 921 1060 993 spiritualiter
1103 921 1306 985 timeat,
1337 933 1435 974 nec
1459 917 1619 973 donet
1645 932 1710 974 se
1741 932 1864 972 cor-

279 1017 633 1092 rumpendum
687 1014 946 1089 felicitati,
994 1027 1092 1068 nec
1139 1027 1198 1068 se
1244 1010 1335 1066 det
1363 1009 1666 1066 adversitati
1713 1008 1864 1065 fran-

281 1114 510 1187 gendum
541 1111 684 1184 (hoc
721 1118 803 1166 est
847 1109 992 1164 enim
1025 1106 1155 1164 flere
1185 1114 1434 1176 tanquam
1467 1120 1576 1160 non
1623 1104 1860 1173 ﬂentem,

281 1216 335 1263 et
359 1205 589 1278 gaudere
631 1213 880 1274 tanquam
911 1215 1015 1256 non
1047 1197 1406 1270 gaudentem)
1443 1217 1458 1253 :
1489 1197 1725 1268 quisquis
1742 1207 1794 1252 et
1818 1196 1864 1254 si

280 1297 440 1354 habet
480 1311 724 1363 uxorem,
765 1293 881 1365 ejus
934 1290 1225 1348 inﬁrmitati
1261 1289 1609 1362 compatiens,
1665 1287 1858 1356 reddit,

279 1405 382 1445 non
421 1387 585 1459 exigit
642 1385 912 1450 debitum;
965 1393 1056 1440 aut
1101 1384 1146 1440 si
1201 1389 1418 1454 propter
1481 1380 1747 1450 propriam
1778 1380 1862 1434 in-

278 1481 578 1536 firmitatem
626 1479 773 1535 ducit
820 1490 1060 1542 uxorem,
1102 1476 1357 1546 plangens
1385 1473 1560 1545 potius
1587 1472 1708 1543 quia
1742 1472 1858 1529 sine

278 1585 444 1628 uxore
471 1584 592 1628 esse
633 1584 738 1625 non
789 1568 978 1640 potuit,
1021 1583 1177 1638 quam
1235 1566 1471 1637 gaudens
1499 1565 1621 1635 quia
1659 1563 1808 1619 duxit
1843 1581 1858 1619 :

271 1665 512 1736 quisquis
533 1661 716 1719 vendit
743 1660 883 1732 quod
922 1660 1068 1715 novit
1092 1659 1214 1730 quia
1237 1659 1336 1714 etsi
1365 1665 1622 1724 maneret,
1645 1656 1860 1712 beatum

271 1773 383 1814 non
407 1755 638 1821 faceret;
669 1754 910 1827 quisquis
939 1752 1077 1823 quod
1107 1752 1256 1818 emit,
1281 1749 1426 1805 novit
1453 1749 1576 1820 quia
1597 1749 1854 1818 transiet;

268 1848 404 1905 etde
423 1845 506 1903 his
520 1843 766 1902 omnibus
795 1843 894 1899 etsi
914 1841 1324 1909 abundantibus,
1351 1840 1449 1895 etsi
1470 1838 1844 1894 circumlinen-

270 1939 412 1996 tibus
431 1954 536 1994 non
554 1935 844 2007 praesumit,
876 1932 1104 2004 facitque
1134 1949 1199 1988 ex
1233 1947 1298 1988 eo
1335 1931 1476 2002 quod
1496 1931 1673 1996 habet,
1696 1932 1860 1986 mise-

269 2029 556 2085 ricordiam
591 2042 711 2084 cum
739 2041 804 2083 eo
830 2025 920 2095 qui
944 2039 1050 2081 non
1080 2024 1260 2091 habet,
1311 2031 1370 2078 ut
1394 2030 1448 2077 et
1483 2023 1595 2092 ipse
1633 2022 1860 2093 accipiat

265 2120 416 2190 quod
444 2134 548 2176 nou
577 2120 736 2175 habet
764 2119 805 2188 ί,
837 2119 904 2174 ab
931 2118 1024 2174 lllo
1063 2117 1151 2188 qui
1177 2114 1354 2170 omnia
1384 2112 1546 2169 habet
1573 2131 1588 2168 :
1618 2114 1858 2184 quisquis

267 2210 393 2267 talis
419 2219 522 2278 est,
545 2223 764 2266 securus
779 2208 1204 2280 exspectatdiem
1227 2205 1592 2272 novissimum,
1612 2207 1732 2276 quia
1751 2221 1858 2262 non

266 2307 355 2357 cst
369 2311 559 2371 praeter
581 2316 757 2356 arcam
781 2301 917 2371 ;jam
939 2301 1078 2355 inter
1104 2299 1240 2369 ligna
1263 2297 1606 2368 imputribilia
1631 2312 1852 2368 compu-

271 2401 434 2461 tatur,
461 2407 528 2450 ex
555 2392 744 2463 quibus
769 2407 892 2446 arca
927 2391 1212 2447 fabricatur
1241 2389 1259 2461 (
1286 2387 1413 2443 Gen.
1440 2403 1514 2453 v1,
1548 2389 1614 2442 14
1645 2386 1686 2458 ).
1740 2388 1858 2445 Non

269 2498 401 2554 ergo
426 2484 605 2539 timeat
634 2493 916 2540 venturum
946 2482 1264 2546 Dominum;
1313 2480 1405 2535 sed
1444 2489 1645 2551 speret,
1680 2488 1734 2534 et
1755 2481 1855 2535 de-

267 2573 467 2631 sideret
493 2592 507 2629 :
535 2591 640 2631 non
662 2577 802 2631 enim
815 2575 994 2630 veniet
1017 2574 1091 2628 illi
1114 2573 1178 2627 ad
1201 2571 1506 2628 inferendas
1527 2586 1732 2642 poenas,
1759 2573 1855 2628 sed

268 2665 338 2721 ad
361 2667 618 2722 ﬁniendas
648 2668 935 2722 molestias.
966 2665 1078 2721 Hoc
1105 2673 1284 2720 autem
1325 2666 1384 2718 lit
1415 2664 1680 2720 desiderio
1712 2664 1853 2722 illius

265 2757 516 2814 civitatis.
530 2758 681 2828 Quod
701 2773 827 2828 ergo
843 2759 1046 2814 monuit
1063 2758 1439 2829 Evangelium,
1465 2757 1713 2828 impletur
1734 2759 1852 2829 ejus

265 2851 496 2907 civitatis
520 2852 803 2919 desiderio,
830 2867 986 2924 quam
1027 2852 1267 2908 Psalmus
1286 2860 1464 2906 cantat
1499 2853 1521 2884 ³
1553 2868 1566 2905 :
1609 2852 1681 2906 ita
1720 2867 1852 2907 con-

262 2943 407 3015 gruit
435 2943 776 3015 Evangelium
802 2944 927 2999 huic
952 2944 1179 3000 cantico.

332 3033 390 3091 5.
431 3034 498 3088 Et
537 3048 692 3104 quam
721 3034 987 3088 civitatem
1027 3033 1260 3104 psalmus
1298 3032 1398 3089 iste
1427 3040 1622 3097 cantat,
1669 3031 1854 3087 audia-

260 3142 404 3183 mus.
428 3126 737 3191 Audiamus,
768 3136 822 3182 et
849 3134 1152 3191 cantemus;
1177 3126 1423 3198 gaudium
1443 3135 1704 3191 nostrum,
1729 3142 1853 3182 cum

258 3217 364 3275 hoc
379 3206 643 3286 audimus,
660 3217 921 3273 canticum
936 3217 1030 3273 Dei
1052 3218 1218 3272 nostri
1235 3226 1333 3271 est.
1355 3217 1465 3270 Non
1486 3217 1626 3271 enim
1649 3225 1852 3274 tantum

257 3320 556 3376 cantamus,
590 3308 801 3382 quando
831 3323 961 3364 voce
985 3317 1040 3363 et
1065 3307 1220 3362 labiis
1265 3321 1515 3360 sonamus
1544 3307 1843 3374 canticum;

256 3412 341 3459 est
367 3411 425 3459 et
449 3402 710 3457 canticum
733 3401 892 3465 intus,
921 3399 1041 3471 quia
1072 3408 1196 3454 sunt
1224 3408 1277 3453 et
1297 3413 1452 3452 aures
1469 3396 1746 3468 cujusdam
1777 3399 1848 3452 in-

258 3503 368 3550 tus.
401 3493 545 3550 Voce
573 3501 876 3557 cantamus,
904 3500 960 3546 ut
999 3505 1096 3545 nos
1120 3489 1444 3553 excitemus;
1475 3487 1634 3543 corde
1671 3497 1851 3543 canta-

257 3598 402 3652 mus,
428 3593 487 3638 ut
511 3583 583 3638 illi
612 3583 930 3653 placeamus.
966 3582 1137 3652 Aggan‘
1155 3590 1202 3634 et
1220 3579 1484 3634 Zachariae
1514 3578 1587 3652 (a)
1607 3579 1848 3636 Psalmus

254 3675 476 3732 dicitur.
553 3675 776 3746 Aggzeus
844 3682 898 3728 et
954 3672 1234 3728 Zacharias
1298 3671 1569 3742 prophetae
1615 3671 1844 3726 luerunt.

258 3766 427 3821 Erant
458 3773 633 3820 autem
664 3763 938 3836 pr0pbeta:
967 3764 1053 3818 isti
1077 3764 1186 3833 jam
1216 3763 1268 3816 in
1295 3762 1602 3831 captivitate
1622 3761 1838 3816 Jerusa-

260 3856 366 3912 lem
414 3855 572 3921 illius,
604 3870 720 3926 quae
750 3855 803 3908 in
849 3862 987 3909 terra
1018 3853 1246 3924 portavit
1274 3853 1517 3906 umbram
1560 3852 1839 3923 cujusdam

255 3947 510 4004 caelestis.
541 3945 598 4001 In
621 3945 761 4000 illius
786 3959 916 4016 ergo
943 3943 1170 3999 civitatis
1189 3943 1493 4012 captivitate
1509 3956 1630 3998 cum
1661 3952 1844 3998 essent

255 4040 310 4097 in
333 4039 640 4111 Babylonia,
668 4037 1120 4108 pr0phetaverunt
1151 4034 1424 4106 prophetae
1451 4034 1538 4089 isti
1560 4035 1844 4106 reparatio-

255 4145 386 4185 nem
417 4128 731 4196 Jerusalem,
756 4127 1203 4198 prophetaverunt
1237 4125 1504 4188 civitatem
1535 4140 1727 4179 novam
1767 4140 1835 4180 ex

255 4221 594 4292 reparatione
636 4220 852 4284 veteris,
897 4219 1119 4274 liberato
1147 4217 1343 4288 populo
1371 4232 1400 4270 a
1427 4218 1729 4286 captivitate
1769 4216 1789 4288 (
1815 4215 1842 4271 ἰ

254 4312 442 4368 Eadm!
465 4328 521 4379 ν,
555 4314 579 4368 l
609 4326 623 4378 ;
653 4322 700 4366 et
724 4328 798 4379 v1,
828 4312 896 4366 14
931 4311 972 4383 ).
1019 4311 1370 4383 Agnoscimus
1397 4317 1451 4365 et
1473 4309 1629 4364 istam
1673 4309 1842 4379 capti-

255 4407 494 4469 vitatem,
518 4405 562 4459 si
585 4420 708 4459 vere
728 4403 1063 4476 agnoscimus
1084 4411 1319 4458 nostram
1337 4403 1836 4474 peregrinationem.

254 4500 312 4556 In
341 4501 443 4555 hoc
466 4501 605 4554 enim
625 4499 840 4565 mundo,
875 4501 925 4554 in
965 4498 1046 4554 his
1069 4499 1492 4554 tribulationibus
1531 4501 1731 4566 saeculi,
1785 4501 1840 4556 in

258 4593 358 4648 hac
389 4594 536 4647 turba
567 4593 839 4663 multiplici
872 4592 1264 4657 scandalorum,
1312 4591 1540 4662 quodam
1586 4591 1743 4646 modo
1783 4591 1838 4646 in

186 4683 189 4685 ’
255 4683 557 4752 captivitate
585 4684 869 4755 gemimus;
901 4683 992 4737 sed
1018 4682 1318 4752 erigemur:
1349 4681 1741 4752 prmuuntiatur
1762 4681 1839 4736 ci-

254 4775 392 4833 vitas
414 4787 591 4832 nostra
613 4789 748 4831 nova
772 4775 945 4830 futura
972 4776 1208 4845 aequalis.
1238 4774 1366 4828 Nam
1395 4783 1448 4829 et
1471 4783 1587 4843 post
1611 4775 1836 4829 istorum

253 4867 738 4941 prophetationem,
769 4876 822 4923 et
852 4865 1129 4921 visibiliter
1171 4865 1410 4934 contigit,
1441 4874 1497 4918 ut
1537 4875 1701 4919 totum
1739 4883 1835 4920 ex-

255 4963 539 5033 plicaretur
554 4959 695 5033 quod
711 4960 778 5016 ad
795 4957 1196 5029 persolvendam
1217 4957 1495 5026 imaginem
1513 4957 1832 5026 pertinebat.

253 5052 515 5122 Beparata
565 5060 647 5106 cst
685 5049 973 5106 Jerusalem
1005 5057 1124 5119 post
1158 5047 1486 5118 septuaginta
1543 5061 1711 5100 annos
1743 5062 1833 5101 ca-

253 5143 525 5212 ptivitatis.
561 5142 648 5197 Sic
670 5141 928 5196 Jeremias
955 5139 1212 5213 propheta
1255 5138 1585 5207 septuaginta
1615 5139 1766 5193 annis
1789 5139 1831 5205 ³,

251 5232 554 5303 septenario
601 5231 690 5286 illo
725 5245 946 5286 numero
991 5245 1203 5286 omnem
1243 5227 1628 5282 volubilitatem
1675 5227 1834 5295 hujus

253 5326 507 5394 temporis
527 5325 737 5395 signat:
779 5324 1083 5394 septenario
1111 5323 1252 5378 enim
1289 5335 1512 5376 numero
1551 5321 1833 5377 volvuntur

251 5417 365 5473 dies
411 5417 484 5482 lii,
522 5417 656 5472 sicut
689 5416 889 5482 nostis;
933 5415 1091 5470 iidem
1121 5414 1331 5479 abeunt,
1380 5412 1538 5467 iidem
1587 5411 1828 5467 redeunt.

251 5505 376 5563 Post
420 5505 752 5578 septuaginta
781 5521 909 5578 ergo
952 5501 1142 5570 annos,
1173 5520 1294 5560 cum
1326 5504 1656 5574 prophetavit
1683 5503 1830 5560 Jere-

315 5621 332 5651 ι
357 5628 455 5669 Am.
483 5628 537 5671 et
556 5628 663 5670 Mss.
687 5621 929 5679 emittunt,
948 5621 1074 5682 quod
1096 5632 1189 5669 non
1213 5618 1368 5669 habet.

314 5684 332 5711 ³
365 5684 438 5732 sic
458 5689 566 5732 Mss.
589 5682 703 5732 Edd.
728 5695 866 5732 vero.
889 5683 1016 5732 auod
1043 5682 1261 5732 Psalmus
1283 5687 1392 5730 cant

315 5684 332 5711 ³
365 5684 438 5732 Sic
458 5689 566 5732 Mss.
589 5682 703 5732 add.
728 5695 866 5741 vero,
889 5683 1016 5744 quod
1043 5682 1261 5732 Psalmus
1283 5687 1456 5732 cantat.

315 5741 576 5809 ftieriqve
598 5749 727 5809 uss-2
750 5742 1001 5809 prophetat
1017 5750 1120 5809 post
1142 5743 1441 5809 septuaginta
1452 5760 1622 5808 αηηοδ,
1647 5751 1741 5798 etc-

315 5803 385 5867 (a)
411 5803 596 5858 “titius
626 5803 796 5858 malini
815 5803 960 5869 huius
987 5803 1113 5867 apud
1141 5803 1267 5858 LXX.

1314 344 1706 410 ENARBATIO
1746 343 1811 400 IN
1849 345 2169 408 PSALMUM
2206 353 2458 414 CXLVII.

1889 5540 1896 5542 '
1937 5523 2207 5589 editores,
2250 5525 2537 5580 vendentes
2582 5526 2734 5580 villas
2779 5543 2901 5581 suas
2945 5545 2959 5581 :

3405 377 3541 446 1918

1974 469 2105 523 mias
2145 474 2380 540 reparari
2410 474 2676 534 civitatem
2703 478 2999 538 Jerusalem
3017 481 3040 556 (
3061 482 3250 540 Jerem.
3273 485 3409 556 'xxv,
3438 490 3540 562 l2;

1974 573 2016 618 et
2038 581 2181 633 xxix,
2210 566 2276 621 10
2296 568 2338 640 ),
2367 567 2562 626 factum
2592 583 2692 642 est,
2719 582 2848 630 utet
2875 577 2944 632 ibi
2967 579 3348 650 significaretur
3372 565 3543 656 imago

1971 654 2265 712 futurorum
2297 677 2308 711 :
2337 661 2684 731 signiﬁcatum
2709 676 2790 722 est
2818 670 2969 725 nobis
2990 678 3108 740 post
3135 687 3346 729 omnem
3384 654 3541 732 istam

1975 748 2346 807 volubilitatem
2367 756 2638 825 temporis,
2669 774 2785 828 quae
2804 763 3105 830 septenario
3130 780 3352 820 numero
3378 766 3540 822 volvi.-
3615 808 3620 813 .

1973 849 2074 907 tur,
2101 843 2331 900 futuram
2369 848 2512 903 illam
2542 851 2805 908 civitatem
2847 864 3081 910 nostram
3106 856 3216 927 jam
3243 857 3297 912 in
3334 860 3545 915 aeterni-

1973 941 2076 990 tate
2103 937 2154 992 in
2178 955 2280 994 uno
2298 940 2402 995 die.
2436 941 2488 996 In
2512 942 2599 996 illa
2627 945 2821 1015 quippe
2850 946 3171 1004 habitatione
3199 959 3406 1020 tempus
3431 965 3540 1007 non

1970 1028 2214 1095 volvitur,
2244 1033 2363 1102 quia
2393 1034 2654 1091 habitator
2673 1037 2744 1091 ibi
2766 1053 2871 1093 non
2893 1039 3102 1095 labitur.
3131 1040 3278 1096 Hanc
3301 1057 3424 1098 cum
3458 1042 3537 1096 vi-

1969 1118 2157 1174 derent
2184 1121 2234 1176 in
2263 1125 2450 1193 Spiritu
2477 1125 2792 1196 Prophetas;
2825 1128 3073 1185 videbant
3100 1131 3266 1198 illam,
3289 1131 3544 1199 dicebant

1969 1209 2034 1265 de
2061 1211 2178 1265 ista.
2201 1210 2304 1268 Sed
2332 1214 2443 1268 haec
2468 1215 2709 1273 dicebant
2734 1219 2798 1274 de
2829 1218 2948 1286 ista,
2971 1235 3088 1289 quae
3120 1221 3174 1277 in
3204 1221 3344 1276 illam
3377 1221 3540 1278 duce-

1968 1311 2117 1366 rent;
2162 1312 2216 1358 et
2259 1304 2344 1356 illa
2376 1307 2548 1359 omnia
2579 1324 2695 1377 quae
2740 1309 2936 1366 ﬁebant
2977 1312 3267 1368 secundum
3313 1322 3543 1384 tempus,

1968 1394 2256 1449 secundum
2286 1397 2587 1464 corporales
2617 1400 2899 1469 motiones,
2932 1404 3224 1460 secundum
3267 1413 3415 1462 actus
3441 1405 3542 1460 bo.-

1968 1484 2190 1552 minum,
2213 1487 2359 1557 signa
2387 1497 2537 1542 erant
2561 1498 2614 1544 et
2636 1493 3101 1561 prtenuntiationcs
3121 1493 3436 1551 futurorum.

2039 1577 2089 1631 6.
2121 1573 2282 1649 [vers.
2316 1578 2427 1652 12.]
2467 1582 2755 1639 Audiamus
2791 1584 2901 1654 jam
2931 1587 3131 1641 cantari
3169 1587 3435 1643 civitatem
3473 1586 3545 1642 il-

1967 1665 2107 1734 lam,
2149 1677 2202 1722 et
2231 1670 2497 1740 erigamur
2532 1672 2598 1726 ad
2637 1687 2775 1727 eam.
2819 1673 3036 1731 Multum
3075 1678 3218 1732 enim
3245 1678 3397 1734 nobis
3423 1693 3543 1734 eam

1967 1760 2301 1816 commendat
2331 1761 2558 1832 Spiritus
2588 1765 2701 1830 Dei,
2733 1764 3018 1822 infundens
3041 1768 3193 1824 nobis
3219 1785 3455 1826 amorem
3477 1770 3546 1826 il-

1967 1849 2097 1914 lius,
2132 1861 2188 1907 ut
2225 1853 2271 1908 ei
2312 1855 2660 1925 suspiremus,
2691 1865 2744 1912 et
2772 1859 2824 1912 in
2871 1859 3292 1930 peregrinatione
3319 1861 3546 1930 ingemi-

1967 1955 2198 2008 scamus,
2225 1951 2281 1998 et
2307 1944 2374 1998 ad
2403 1945 2547 2000 illam
2573 1947 2755 2003 venire
2783 1947 3167 2005 desideremus.
3195 1952 3448 2007 Amemus
3478 1951 3546 2006 il-
3628 1972 3636 1978 ·

1967 2031 2071 2087 lam
2091 2073 2104 2098 ,
2128 2041 2181 2088 et
2210 2034 2379 2103 ipsum
2409 2051 2588 2092 amare
2617 2039 2887 2092 ambulare
2917 2048 3016 2094 est.
3046 2041 3185 2096 Ecce
3213 2056 3454 2096 amemus
3481 2041 3546 2096 ilo

1965 2125 2069 2180 lam
2097 2142 2164 2181 ex
2192 2141 2285 2182 ore
2321 2139 2503 2185 sancto
2523 2171 2538 2197 ,
2582 2146 2644 2185 ex
2685 2147 2777 2186 ore
2806 2133 3118 2202 prophetico
3147 2143 3202 2188 et
3220 2134 3314 2190 Dei
3343 2134 3547 2204 Spiritu

1965 2217 2189 2274 dicentis
2223 2238 2236 2273 :
2272 2220 2539 2289 Collauda,
2566 2221 2882 2290 Jerusalem,
2906 2223 3202 2280 Dominum.
3236 2225 3292 2280 In
3319 2227 3546 2296 captivi-

1965 2318 2074 2367 tate
2107 2310 2281 2366 adhuc
2306 2315 2614 2380 constituti,
2649 2314 2830 2371 vident
2855 2315 2973 2371 illos
2996 2332 3214 2387 greges,
3244 2319 3352 2374 imo
3379 2332 3544 2374 unum

1964 2417 2178 2472 gregem
2199 2403 2433 2458 omnium
2458 2405 2654 2460 civium
2675 2447 2688 2468 ,
2733 2406 2963 2477 undique
3007 2409 3350 2464 collectorum
3379 2408 3445 2466 ad
3472 2408 3542 2463 il-

1965 2491 2066 2546 lam
2095 2493 2397 2561 civitatem;
2430 2496 2608 2551 vident
2629 2497 2879 2568 gaudium
2918 2514 3129 2567 massae,
3157 2508 3273 2570 post
3301 2500 3541 2568 triturae,

1963 2591 2083 2653 post
2124 2587 2494 2643 ventilationcs
2537 2588 2644 2660 jam
2690 2590 2866 2647 missae
2903 2590 2955 2645 in
2994 2592 3279 2660 horreum,
3307 2591 3440 2648 nihil
3471 2592 3542 2648 ti-

1964 2676 2156 2731 mentis
2180 2719 2194 2742 ,
2231 2676 2364 2734 nihil
2393 2679 2590 2736 laboris
2613 2690 2668 2736 et
2694 2682 2950 2738 molestiae
2973 2683 3249 2754 patientis;
3280 2690 3336 2738 et
3361 2682 3539 2740 adhuc

1963 2765 2050 2822 hic
2071 2769 2246 2838 positi,
2270 2780 2322 2826 et
2342 2772 2393 2826 in
2424 2773 2536 2842 ipsa
2563 2775 2886 2832 contritione
2907 2786 3286 2833 conversantes
3305 2777 3540 2847 praemit-

1964 2868 2079 2914 tunt
2116 2861 2362 2931 gaudium
2404 2865 2550 2934 spei,
2579 2873 2633 2921 et
2662 2867 2913 2923 anhelant
2948 2869 3001 2923 in
3029 2869 3192 2934 illam,
3223 2857 3373 2938 quasi
3402 2883 3537 2924 con-

1955 2950 2240 3022 iungentes
2267 2954 2428 3012 corda
2454 2970 2545 3012 sua
2569 2957 2784 3027 Angelis
2812 2958 2928 3025 Dei,
2957 2967 3008 3013 et
3033 2959 3209 3014 laturo
3237 2959 3316 3013 illi
3339 2959 3537 3029 populo

1960 3057 2140 3098 secum
2184 3046 2235 3098 in
2266 3047 2457 3116 gaudio
2487 3063 2854 3117 permansuro.
2885 3049 3136 3106 Collauda
3159 3091 3174 3116 ,
3210 3041 3497 3106 Jerusalem
3519 3091 3538 3120 ,
3575 3051 3587 3065 '

1959 3133 2254 3189 Dominum.
2283 3138 2419 3204 Quid
2446 3140 2587 3194 enim
2613 3141 2808 3195 tactura
2837 3156 2917 3205 es,
2939 3157 2972 3195 ο
2986 3142 3281 3201 Jerusalem
3301 3141 3325 3196 Ἰ
3345 3143 3541 3198 Trans-

1960 3224 2036 3278 iet
2068 3234 2212 3279 certe
2252 3236 2306 3281 et
2343 3228 2494 3283 labor
2519 3238 2574 3284 et
2597 3231 2844 3299 gemitus.
2875 3231 3015 3298 Quid
3062 3231 3256 3287 factura
3286 3234 3384 3289 es?
3410 3248 3535 3288 ara-

1959 3322 2074 3370 tura
2099 3357 2114 3382 ,
2145 3317 2468 3372 seminatura
2488 3359 2503 3386 ,
2538 3321 2860 3376 novellatura
2882 3363 2897 3389 ,
2922 3321 3226 3393 navigatura
3249 3339 3306 3378 es
3326 3366 3342 3390 ,
3371 3333 3539 3395 neger-

1959 3407 2149 3460 tiatura
2186 3407 2279 3463 es?
2316 3408 2452 3475 Quid
2496 3409 2698 3466 factura
2743 3413 2837 3467 es?
2884 3413 2964 3467 An
3010 3413 3061 3467 in
3108 3414 3214 3469 illis
3239 3415 3492 3484 operibus
3520 3457 3538 3484 ,

1957 3499 2196 3568 quamvis
2223 3499 2378 3554 bonis
2405 3509 2460 3558 et
2484 3502 2551 3558 de
2581 3502 2940 3560 misericordia
2978 3507 3313 3562 venientibus
3333 3550 3348 3576 ,
3377 3524 3538 3563 exer-

1956 3591 2064 3644 ceri
2105 3600 2156 3644 te
2199 3590 2374 3663 adhuc
2417 3596 2664 3664 oportet?
2697 3596 2987 3652 Considera
3028 3614 3307 3654 numerum
3347 3608 3528 3668 tuum,

1955 3682 2235 3740 considera
2260 3685 2492 3756 undique
2516 3688 2822 3744 societatem
2851 3699 2992 3745 tuam
3025 3708 3038 3744 :
3069 3691 3189 3747 vide
3219 3702 3394 3748 utrum
3430 3695 3534 3749 ali-

1954 3774 2073 3842 quis
2097 3777 2328 3841 esuriat,
2359 3779 2444 3832 cui
2476 3781 2712 3849 porrigas
2743 3796 2966 3850 panem;
3000 3782 3121 3838 vide
3155 3783 3200 3838 si
3227 3785 3419 3854 aliquis
3455 3787 3534 3841 εί-

1955 3865 2068 3929 tiat,
2096 3867 2183 3921 cui
2210 3867 2306 3924 des
2326 3869 2545 3925 calicem
2573 3886 2722 3942 aqua;
2744 3872 2980 3943 frigidm;
3007 3875 3127 3930 vide
3147 3885 3322 3931 utrum
3342 3878 3534 3949 aliquis

1952 3957 2112 4012 modo
2130 3959 2270 4028 apud
2297 3969 2349 4015 te
2377 3964 2686 4032 peregrinus
2705 3974 2808 4032 cst,
2830 3982 2988 4036 quem
3011 3967 3240 4038 hospitio
3271 3972 3532 4041 recipias;

1952 4050 2071 4107 vide
2125 4061 2302 4108 utrum
2345 4055 2540 4125 aliquis
2587 4056 2658 4110 sit
2705 4073 2876 4128 :eger,
2931 4075 3090 4130 quem
3140 4063 3366 4129 visites;
3410 4063 3533 4119 vide

1951 4151 2129 4198 utrum
2162 4145 2351 4216 aliquis
2396 4147 2597 4218 litiget,
2634 4165 2790 4219 quem
2817 4153 3110 4209 concordes
3143 4155 3161 4226 (
3180 4154 3364 4208 Matth.
3396 4172 3529 4222 xxv,

1950 4233 2040 4299 55,
2071 4235 2196 4303 36);
2228 4236 2347 4292 vide
2377 4248 2552 4293 utrum
2582 4241 2771 4311 aliquis
2794 4245 3069 4312 moriatur,
3097 4261 3252 4314 quem
3279 4247 3528 4316 serelias.

1948 4326 2085 4394 Quid
2105 4344 2234 4399 ergo
2261 4329 2458 4385 factura
2484 4333 2582 4386 es?
2606 4333 2876 4402 Collauda,
2899 4336 3203 4405 Jerusalem,
3234 4338 3529 4404 Dominum;

1947 4432 2074 4474 ecce
2099 4419 2201 4474 hoc
2224 4423 2585 4492 estnegotium
2610 4433 2777 4480 tuum.
2807 4427 2955 4482 Sicut
2970 4429 3105 4483 solet
3125 4430 3176 4483 in
3205 4430 3367 4484 titulis
3392 4432 3526 4486 scri-

1950 4511 2023 4576 bi,
2057 4512 2220 4568 Utere
2247 4511 2380 4568 felix
2410 4532 2422 4567 :
2455 4513 2726 4584 Collauda,
2754 4518 3058 4587 Jerusalem,
3087 4519 3380 4574 Dominum.

2017 4604 2071 4657 7.
2117 4604 2300 4659 Estote
2348 4605 2684 4661 Jerusalem:
2718 4619 3040 4664 mementote
3087 4610 3154 4665 de
3200 4612 3391 4682 quibus
3441 4611 3524 4666 di-

1946 4703 2088 4750 ctum
2113 4705 2213 4760 est,
2243 4695 2479 4760 Domine,
2506 4699 2559 4751 in
2580 4699 2776 4753 ciuitate
2801 4711 2887 4753 tua
2916 4701 3183 4772 imaginem
3208 4700 3432 4771 ipsorum
3459 4703 3528 4755 ad

1947 4787 2161 4840 nihilum
2189 4789 2382 4859 rediges
2413 4787 2432 4862 (
2463 4789 2602 4844 Psal.
2637 4807 2778 4846 Lxxu
2803 4834 2816 4857 ,
2841 4791 2970 4863 20).
3001 4794 3063 4846 lli
3105 4795 3335 4863 suntqui
3364 4793 3524 4849 modo

1943 4879 2174 4950 gaudent
2201 4882 2390 4935 talibus
2413 4883 2650 4952 pompis:
2681 4885 2818 4939 inter
2838 4885 2955 4938 illos
2981 4893 3104 4939 sunt
3126 4886 3215 4955 qui
3243 4894 3524 4955 propterea

1944 4970 2102 5027 hodie
2129 4987 2233 5027 non
2264 4984 2541 5040 venerunt,
2571 4976 2691 5044 quia
2716 4993 2904 5031 munus
2931 4986 3031 5031 est.
3055 4976 3151 5032 Cui
3184 4993 3374 5032 munus
3403 4978 3524 5034 est?

1942 5064 2026 5118 cui
2056 5064 2348 5118 damnum?
2377 5067 2480 5119 Aut
2518 5066 2658 5121 unde
2689 5069 2916 5121 munus?
2945 5077 3033 5122 aut
3061 5068 3199 5123 unde
3225 5067 3524 5124 damnum?

1942 5155 2055 5210 Non
2081 5156 2221 5210 enim
2251 5156 2326 5210 illi
2356 5165 2557 5211 tantum
2581 5161 2667 5228 qui
2701 5160 2821 5213 talia
2852 5159 3035 5227 edunt,
3080 5159 3274 5216 damno
3317 5160 3520 5216 feriun-

1943 5254 2059 5312 tur;
2089 5247 2181 5302 sed
2201 5247 2390 5318 majori
2412 5249 2607 5303 damno
2632 5249 3013 5318 percutiuntur,
3033 5250 3123 5320 qui
3145 5251 3266 5305 talia
3295 5252 3522 5307 libenter

1941 5338 2232 5394 intuentur.
2263 5339 2474 5394 Illorum
2503 5355 2625 5396 arca
2653 5355 2784 5396 auro
2809 5342 3138 5408 exinanitur;
3170 5331 3389 5398 istorum
3421 5359 3516 5412 pe-

1939 5438 2057 5485 ctus
2098 5432 2316 5500 justitiae
2346 5431 2546 5487 divitiis
2584 5433 2926 5502 exspoliatur.
2981 5435 3244 5504 Plangunt
3274 5436 3514 5506 plerique

3005 5529 3272 5595 quomodo
3319 5527 3518 5584 debent

1937 5618 2188 5688 plangere
2231 5629 2572 5687 peccatores,
2617 5619 2899 5689 perdentes
2935 5621 3140 5674 animas
3169 5622 3324 5675 suas!
3373 5623 3517 5676 Itane

1934 5710 2000 5763 ad
2033 5709 2132 5764 hoc
2156 5709 2403 5764 clamavit
2435 5711 2689 5766 Dominus
2713 5713 2981 5768 dominico
3009 5713 3095 5768 die
3119 5754 3134 5780 ,
3178 5711 3425 5786 Vigilatc,
3459 5722 3518 5769 ut

1939 5800 2099 5857 hodie
2119 5801 2195 5858 sic
2216 5801 2559 5876 vigilaretur?
2586 5803 2824 5861 Obsecro
2843 5820 2960 5876 vos,
2989 5822 3022 5862 ο
3043 5806 3188 5863 cives
3201 5806 3513 5866 Jerusalem.
