4038 6466
496 397 638 459 1919

494 510 682 581 adiuro
701 521 797 563 vos
825 519 918 577 per
938 517 1119 575 pacem
1144 501 1437 558 Jer'usalem
1457 543 1471 571 ,
1499 517 1593 576 per
1628 502 2016 574 redemptorem
2036 546 2052 573 ,

495 614 595 672 per
613 608 945 662 Structorem,
971 610 1065 665 per
1088 604 1350 651 rectorem
1371 594 1685 661 Jerusalem,
1710 604 1766 649 ut
1789 604 2064 650 converta-

497 694 566 748 tis
591 708 686 762 pro
712 692 814 745 illis
844 704 1028 760 preces
1069 688 1136 744 ad
1182 689 1366 743 Deum.
1396 688 1649 753 Videant,
1679 688 1910 743 sentiant
1943 688 2063 758 quia

497 792 792 853 nugantur;
817 793 870 837 et
895 783 1115 836 multum
1143 781 1326 836 intenti
1349 782 1401 836 in
1430 781 1514 834 illa
1543 781 1841 850 spectacula
1867 795 1981 851 quae
2004 780 2067 834 il-

497 874 562 930 lis
593 873 803 942 plaeent
822 915 837 940 ,
875 872 1154 942 aliquando
1178 882 1229 927 et
1258 888 1316 926 sc
1346 880 1614 940 spectent,
1644 872 1849 940 sibique
1876 870 2064 941 displi-

496 974 673 1022 ceant.
704 966 759 1019 In
800 964 977 1018 multis
1013 964 1152 1018 enim
1195 964 1302 1033 jam
1334 963 1522 1018 factum
1550 963 1865 1033 gaudemus;
1892 974 1945 1018 et
1966 964 2065 1019 ali-

498 1058 711 1128 quando
736 1072 833 1111 nos
868 1072 1076 1127 quoque
1120 1056 1189 1110 ibi
1230 1055 1483 1124 sedimus,
1515 1064 1569 1111 et
1602 1056 1981 1111 insanivimus:
2013 1065 2066 1111 et

498 1165 654 1220 quam
693 1148 887 1202 multos
928 1156 1170 1216 putamus
1198 1146 1267 1201 ibi
1297 1162 1435 1201 nunc
1470 1146 1658 1202 sedere
1680 1188 1694 1212 ,
1729 1146 1931 1202 futuros
1960 1162 2064 1201 non

496 1243 667 1296 solum
690 1242 1025 1307 christianos,
1050 1239 1143 1295 sed
1163 1239 1321 1294 etiam
1344 1239 1658 1309 episcopos?
1686 1238 1760 1293 Ex
1787 1238 2066 1307 prazteritis

496 1332 672 1387 futura
716 1333 1056 1402 conjicimus;
1088 1346 1152 1386 ex
1184 1331 1263 1385 his
1304 1347 1421 1400 qua:
1458 1331 1566 1400 jam
1608 1330 1744 1385 facta
1780 1339 1920 1394 sunt,
1950 1344 2066 1400 quae

495 1423 637 1479 Deus
662 1424 891 1479 facturus
929 1430 1011 1478 est
1035 1423 1468 1492 prtenuntiamus.
1501 1422 1728 1492 Vigilent
1756 1437 1939 1492 preces
1977 1438 2068 1478 ve-

497 1523 660 1582 stra};
689 1530 794 1571 non
832 1516 994 1585 gratis
1033 1515 1240 1584 gemitis
1270 1555 1284 1579 ,
1327 1514 1537 1570 fratres.
1580 1514 1803 1570 Prorsus
1850 1515 1925 1569 illi
1977 1514 2067 1585 qui

500 1615 800 1671 evaserunt,
833 1605 1178 1675 deprecantes
1205 1620 1301 1675 pro
1332 1604 1412 1660 bis
1432 1605 1519 1675 qui
1545 1606 1925 1674 periclitantur,
1945 1607 2067 1677 quia

502 1706 557 1752 et
585 1696 682 1766 ipsi
711 1696 923 1750 fuerunt
950 1696 1000 1749 in
1041 1709 1263 1749 numero
1290 1694 1701 1764 periclitantium
1727 1736 1743 1762 ,
1773 1696 2065 1750 exaudiun-

498 1795 586 1840 tur
611 1803 624 1851 ;
652 1795 707 1841 et
730 1785 1150 1839 abstrahetDeus
1169 1798 1199 1837 a
1219 1784 1519 1853 captivitate
1539 1784 1839 1855 Babylonia:
1861 1784 2067 1855 plebem

497 1891 668 1942 suam,
688 1876 909 1931 redimet
929 1876 1144 1930 omnino
1163 1883 1216 1930 et
1233 1884 1401 1941 eruet,
1420 1883 1473 1930 et
1489 1875 1793 1944 perficietur
1818 1890 2068 1932 numerus

498 1977 801 2021 sanctorum
830 1966 1141 2037 gestantium
1168 1966 1448 2035 imaginem
1486 1965 1601 2021 Dei.
1629 1965 1743 2022 Non
1788 1966 1858 2021 ibi
1891 1975 2064 2033 erunt,

500 2069 725 2127 quorum
750 2055 1027 2125 imaginem
1055 2056 1193 2110 Deus
1221 2055 1273 2109 in
1294 2055 1504 2111 civitate
1526 2070 1618 2110 sua
1648 2064 1893 2125 spernet,
1922 2064 1977 2111 et
2002 2055 2069 2110 ad

498 2146 720 2201 nihilum
749 2145 988 2216 rediget;
1020 2146 1141 2215 quia
1168 2154 1220 2200 et
1250 2145 1348 2216 ipsi
1375 2145 1426 2200 in
1454 2147 1665 2201 civitate
1685 2162 1779 2201 sua
1798 2148 1837 2212 ί,
1866 2146 1964 2203 hoc
1988 2156 2071 2203 est

500 2234 825 2305 Babylonia,
872 2234 1157 2304 imaginem
1202 2234 1318 2304 ejus
1360 2235 1427 2289 ad
1472 2235 1695 2290 nihilum
1732 2237 2067 2308 redegerunt.

500 2323 617 2378 Erit
658 2322 744 2378 ille
782 2323 1006 2393 populus
1030 2323 1251 2378 laudans
1279 2324 1562 2379 Dominum
1586 2366 1601 2391 ,
1630 2340 1785 2395 quem
1820 2326 2071 2396 prmvidet

498 2416 658 2473 modo
686 2413 913 2486 Spiritus
940 2415 1261 2486 prophetiae;
1288 2424 1339 2471 et
1382 2416 1509 2471 dicit
1554 2426 1609 2471 ut
1651 2418 1976 2473 exsultemus
2018 2421 2071 2473 in

499 2519 617 2576 ape,
644 2516 696 2560 et
725 2505 1085 2561 desideremus
1116 2506 1281 2575 ipsam
1309 2521 1442 2562 rem.
1463 2505 1730 2573 Collauda,
1764 2507 2068 2573 Jerusalem,

501 2595 810 2660 Dominum;
835 2596 988 2650 lauda
1015 2596 1178 2651 Deum
1203 2605 1365 2664 tuum,
1393 2596 1539 2652 Sion.
1568 2594 1833 2664 Collauda,
1864 2598 1985 2668 quia
2005 2614 2072 2654 ex

500 2687 677 2742 multis
715 2695 962 2751 constas;
995 2686 1184 2753 lauda,
1226 2687 1347 2757 quia
1388 2702 1550 2741 unum
1592 2686 1727 2742 facta
1764 2701 1843 2742 es.
1873 2687 2026 2741 Multi
2052 2730 2068 2755 ,

500 2775 670 2847 inquit
698 2777 1003 2847 Apostolus,
1032 2793 1188 2831 unum
1216 2793 1387 2832 sumus
1410 2777 1462 2830 in
1490 2776 1686 2831 Christo
1706 2775 1829 2831 Jesu
1856 2778 1874 2847 (
1903 2777 1924 2831 Ι
1953 2777 2068 2832 Cor.

500 2882 558 2933 x,
585 2867 704 2939 17).
733 2868 990 2935 Quoniam
1015 2882 1141 2939 ergo
1167 2868 1317 2923 multi
1341 2909 1356 2934 ,
1395 2867 1758 2923 collaudamus
1781 2885 1795 2931 ;
1824 2869 2070 2938 quoniam

500 2972 685 3026 unum,
716 2959 1012 3014 laudamus.
1042 2960 1205 3015 Iidem
1234 2959 1385 3015 multi
1420 2959 1509 3030 qui
1536 2974 1729 3027 unum;
1758 2960 1880 3030 quia
1905 2960 1992 3017 ille
2018 2961 2071 3016 in

503 3066 609 3120 quo
633 3066 818 3117 unum,
840 3066 1049 3122 semper
1077 3066 1229 3107 unus.

574 3142 626 3196 8.
640 3141 833 3209 Quare,
854 3142 1019 3213 inquit
1047 3143 1159 3201 haec
1176 3141 1489 3212 Jerusalem,
1508 3143 1750 3199 collaudo
1767 3143 2069 3212 Dominum,

504 3242 558 3289 et
595 3233 752 3289 laudo
790 3234 957 3289 Deum
997 3250 1171 3290 meum
1215 3234 1385 3291 Sion?
1422 3236 1550 3304 Quae
1573 3236 1722 3303 Sion,
1758 3238 1871 3306 ipsa
1914 3236 2069 3292 Jeru-

502 3324 688 3379 salem.
708 3324 937 3379 Diversis
954 3326 1127 3380 causis
1144 3325 1248 3380 duo
1268 3326 1502 3381 nomina.
1523 3325 1815 3381 Jerusalem
1836 3326 1972 3381 dicta
1991 3336 2073 3382 est

506 3412 650 3467 Visio
678 3415 820 3484 pacis
844 3431 857 3468 :
890 3414 1017 3470 Sion
1040 3415 1175 3480 dicta
1197 3424 1278 3470 est
1303 3414 1624 3484 Speculatio.
1651 3416 1837 3471 Videte
1865 3418 1908 3471 si
1932 3417 2074 3472 aliud

503 3513 696 3559 sonant
715 3505 812 3559 ista
840 3507 1072 3571 nomina,
1104 3507 1205 3561 nisi
1229 3508 1523 3575 spectacula
1549 3522 1563 3570 ;
1594 3522 1659 3561 ne
1679 3516 1867 3576 putent
1890 3517 2075 3577 gentes

504 3611 563 3650 se
589 3596 784 3651 habere
811 3598 1106 3666 spectacula
1127 3637 1141 3661 ,
1171 3606 1225 3652 et
1247 3612 1345 3651 nos
1376 3613 1479 3652 non
1510 3597 1727 3653 habere.
1755 3599 2072 3668 Aliquando,

506 3686 725 3741 dimisso
750 3686 956 3741 theatro
980 3696 1068 3741 aut
1092 3686 1442 3757 amphiteatro
1459 3728 1474 3753 ,
1502 3702 1623 3743 cum
1649 3688 1869 3757 coeperit
1894 3704 1959 3743 ex
1988 3689 2075 3744 illa

505 3791 662 3833 cavea
688 3778 858 3832 evomi
890 3778 1041 3833 turba
1072 3778 1419 3849 perditorum,
1446 3778 1725 3850 aliquando
1751 3787 1993 3836 tenentes
2020 3780 2075 3836 in

505 3870 681 3924 animo
713 3869 1013 3940 phantasias
1042 3870 1287 3925 vanitatis
1316 3884 1425 3925 suae
1450 3911 1463 3935 ,
1494 3879 1546 3925 et
1584 3870 1894 3925 memoriam
1924 3886 2074 3927 suam

506 3970 786 4031 pascentes
816 3964 973 4017 rebus
999 3977 1103 4016 non
1130 3963 1303 4017 solum
1340 3960 1613 4015 inutilibus
1632 4002 1647 4026 ,
1683 3961 1776 4016 sed
1808 3970 1862 4016 et
1893 3962 2073 4031 perni-

506 4055 685 4120 ciosis,
714 4055 1001 4125 gaudentes
1029 4055 1083 4109 in
1113 4054 1190 4109 eis
1211 4064 1457 4124 tanquam
1488 4054 1539 4107 in
1564 4052 1825 4121 dulcibus,
1853 4053 1948 4108 sed
1974 4068 2072 4123 pe-

502 4145 741 4210 Stiteris;
774 4145 955 4200 vident
994 4145 1337 4215 plerumque,
1383 4152 1440 4197 ut
1479 4143 1574 4209 ﬁt,
1627 4143 1852 4197 transire
1895 4158 2076 4198 servos

506 4232 622 4303 Dei,
649 4245 972 4309 cognoscunt
1001 4237 1115 4306 ipso
1141 4236 1321 4291 habitu
1342 4235 1424 4290 vel
1452 4235 1611 4290 vestis
1643 4234 1725 4289 vel
1750 4234 1964 4304 capitis,
1994 4235 2077 4290 vel

507 4323 684 4385 fronte
707 4330 728 4361 '
754 4337 907 4384 notos
946 4327 1180 4395 habent,
1212 4326 1475 4383 et'dicunt
1513 4323 1654 4395 apud
1688 4325 2000 4395 semetipsos
2025 4333 2079 4380 et

507 4432 689 4475 secum
721 4438 735 4474 :
764 4418 807 4475 Ο
833 4419 1055 4475 miseros
1077 4419 1224 4485 istos,
1258 4418 1384 4489 quid
1412 4416 1677 4489 perdunt!
1710 4416 1955 4485 Fratres,
1987 4432 2077 4473 ro-

509 4523 693 4581 gemus
738 4511 1019 4564 Dominum
1063 4525 1159 4580 pro
1202 4508 1569 4564 benevolentia
1622 4508 1854 4575 ipsorum
1886 4548 1901 4575 ,
1957 4508 2076 4577 quia

512 4600 710 4655 bonum
742 4600 867 4654 illud
895 4608 1097 4669 putant.
1140 4601 1283 4655 Bene
1327 4599 1478 4653 nobis
1504 4598 1687 4653 volunt
1714 4615 1729 4651 :
1760 4598 1853 4653 sed
1882 4599 1970 4668 qui
1999 4600 2080 4654 di-

513 4690 627 4763 ligit
657 4691 1007 4762 iniquitatem,
1036 4690 1149 4745 odit
1183 4691 1412 4744 animam
1440 4703 1587 4743 suam
1620 4685 1789 4760 (Psal.
1812 4705 1866 4757 x,
1899 4689 1991 4755 6).
2023 4690 2081 4746 Si

511 4781 625 4838 odit
649 4782 877 4836 animam
904 4796 1074 4847 suam,
1106 4780 1371 4851 quomodo
1394 4777 1592 4833 amabit
1618 4778 1848 4833 animam
1873 4782 2080 4836 meam?

514 4872 714 4929 Tamen
743 4872 853 4942 ipsa
879 4886 1129 4942 perversa
1162 4879 1217 4926 et
1254 4870 1395 4924 inani
1424 4878 1477 4925 et
1514 4888 1646 4929 vana
1677 4870 2039 4928 benevolentia
2063 4911 2077 4936 ,

513 4963 559 5017 si
588 4961 953 5017 benevolentia
977 4961 1196 5017 dicenda
1227 4970 1309 5017 est
1332 5004 1345 5026 ,
1377 4963 1558 5019 dolent
1582 4980 1680 5020 nos
1702 4962 1922 5034 perdere
1941 4961 2082 5032 quod

514 5062 735 5119 amant;
779 5069 991 5110 oremus
1038 5070 1105 5109 ne
1148 5054 1373 5127 perdant
1418 5057 1558 5126 quod
1604 5072 1861 5112 amamus.
1896 5054 2084 5109 Videte

516 5145 724 5216 qualem
750 5145 1043 5202 Jerusalem
1070 5147 1378 5202 exhortetur
1415 5147 1481 5201 ad
1513 5148 1717 5203 laudem
1737 5190 1753 5214 ,
1784 5148 1870 5202 vel
1910 5147 2085 5217 potius

516 5238 819 5308 prtesentiat
850 5237 1200 5293 laudaturam.
1231 5238 1343 5295 Non
1377 5241 1517 5295 enim
1549 5240 1687 5294 illius
1716 5240 1943 5294 civitatis
1966 5240 2083 5293 lau-

517 5326 632 5395 des,
659 5337 783 5384 tunc
808 5344 927 5383 cum
952 5328 1245 5386 videbimus
1271 5340 1324 5385 et
1349 5330 1640 5385 amabimus
1662 5339 1715 5385 et
1735 5330 2082 5395 laudabimus,

516 5432 649 5476 voce
685 5419 990 5490 prophetica
1015 5421 1354 5476 exhortandte
1381 5430 1435 5477 et
1457 5420 1748 5477 excitanda:
1791 5429 1914 5475 sunt
1945 5438 1957 5474 :
1989 5419 2086 5476 sed

517 5521 797 5582 propterea
842 5512 999 5567 modo
1027 5512 1209 5569 dicunt
1251 5516 1350 5569 hoc
1386 5515 1693 5585 Prophetas,
1734 5522 1793 5568 ut
1834 5523 2017 5584 potent
2040 5514 2084 5580 ³,

522 5603 828 5713 υἱιῖιιῗείὲιιῗῆ
853 5610 909 5653 Μ
930 5608 1002 5653 ἢ
1024 5611 1077 5654 ει
1094 5611 1221 5666 Lov"
1244 5611 1289 5655 ⁸⁸
1304 5604 1462 5667 ίρδίίη
1486 5606 1752 5670 captivitate
1776 5620 1863 5657 sua
1884 5605 1999 5657 etin
2022 5604 2090 5655 ci-

585 5726 605 5789 ξ
630 5731 701 5789 Er.
729 5733 781 5789 et
802 5725 981 5789 aliquot
1001 5734 1126 5785 Mss,
1163 5729 1298 5789 forte.

587 5787 608 5818 ⁸
625 5788 700 5835 sio
712 5787 896 5854 aliquot
909 5798 1012 5854 Mss.
1040 5789 1146 5837 ωδ.
1164 5787 1295 5847 vero,
1318 5796 1472 5852 utpote
1493 5804 1507 5851 ;
1534 5800 1584 5839 et
1612 5790 1755 5854 inira,
1779 5790 1957 5854 gaudia
1978 5791 2088 5841 bea-

510 5855 683 5902 torum
700 5853 963 5901 erudiam
984 5851 1036 5904 in
1057 5864 1197 5903 aures
1218 5851 1416 5911 nostras,
1448 5860 1495 5902 ut
1512 5852 1735 5915 et'ct'tcnt,
1755 5851 1847 5902 etc.

1719 391 1778 450 S.
1815 389 2179 451 AUGUSTlNl
2214 393 2517 453 EPISCOPI

3598 413 3737 472 i920

2174 519 2425 578 quantum
2472 520 2691 582 possunt
2731 512 2787 570 in
2832 512 2933 573 hac
2981 530 3143 577 carne
3202 522 3521 593 constituti,
3564 527 3737 586 futura

2167 601 2356 671 gaudia
2399 603 2708 673 beatorum,
2753 615 2807 662 et
2848 619 3145 666 eructantes
3187 613 3241 667 in
3284 629 3442 671 aures
3486 630 3735 689 nostras,

2168 696 2397 751 excitent
2414 712 2645 753 amorem
2674 700 2813 756 illius
2832 701 3079 760 civitatis.
3106 703 3427 765 Ferveamus
3447 710 3731 781 desiderio,

2167 800 2273 841 non
2302 788 2468 844 simus
2493 790 2681 859 spiritu
2709 793 2862 863 pigri.

2240 877 2292 932 9.
2346 878 2510 951 [vers.
2541 881 2670 955 45.]
2702 883 2805 938 Sed
2844 886 3019 942 videte
3054 890 3264 959 qualem
3292 890 3587 950 Jerusalem
3615 896 3737 952 dicit

2168 968 2493 1026 laudaturam
2535 973 2700 1029 Deum
2725 1015 2741 1041 ,
2767 986 2821 1031 et
2853 979 2990 1034 unde
3015 979 3383 1060 laudaturam;
3416 987 3739 1055 perfectione

2169 1061 2392 1129 quadam
2415 1063 2770 1122 beatitudinis.
2794 1065 3063 1136 Collauda,
3092 1072 3279 1144 inquit,
3296 1075 3602 1149 Jerusalem,
3627 1080 3738 1136 ι)οο

2169 1151 2401 1219 minam;
2442 1154 2595 1241 lauda
2622 1154 2787 1211 Deum
2830 1168 2989 1227 tuum,
3022 1162 3170 1219 Sion.
3216 1165 3285 1222 Et
3320 1170 3471 1238 quasi
3496 1165 3737 1239 diceret,

2169 1241 2319 1299 Unde
2345 1259 2529 1302 secura
2556 1249 2780 1306 laudabo
2806 1254 2829 1306 ?
2861 1254 3111 1320 Quoniam
3141 1259 3454 1327 conﬁrmavit
3476 1302 3492 1328 ,
3529 1264 3736 1335 inquit,

2168 1344 2324 1389 vectes
2354 1348 2609 1406 portarum
2632 1349 2849 1397 tuarum.
2879 1347 3183 1415 Attendile,
3211 1349 3402 1409 fratres
3434 1356 3563 1409 mei.
3601 1353 3739 1411 Con-

2169 1425 2406 1495 ﬁrmavit,
2436 1430 2624 1501 inquit,
2646 1443 2802 1490 vectes
2825 1447 3085 1507 portarum
3104 1449 3323 1497 tuarum.
3347 1443 3592 1502 Vectium
3610 1462 3738 1505 con-

2170 1515 2397 1573 firmatio
2418 1536 2522 1575 non
2547 1532 2629 1578 est
2655 1535 2926 1593 portarum
2945 1539 3268 1599 apertarum,
3285 1534 3380 1590 sed
3401 1536 3735 1595 clausarum:

2170 1607 2310 1663 unde
2338 1610 2574 1681 plerique
2611 1615 2820 1671 codices
2854 1617 3068 1688 habent,
3099 1621 3428 1690 (ἔστιρωαώ
3448 1642 3590 1682 sem
3618 1645 3739 1698 par-

2170 1712 2335 1756 tarum
2372 1710 2590 1758 tuarum.
2630 1708 2884 1765 Attendat
2924 1711 3166 1768 Charitas
3193 1725 3390 1771 vestra.
3420 1716 3740 1777 Conclusam

2170 1794 2469 1853 Jerusalem
2496 1798 2627 1855 dicit
2664 1801 2880 1858 laudare
2922 1804 3225 1860 Dominum.
3260 1806 3511 1862 Collauda
3532 1850 3549 1875 ,
3586 1810 3742 1867 Jeru-

2170 1889 2347 1954 salem,
2379 1889 2687 1955 Dominum;
2712 1894 2867 1947 lauda
2895 1894 3058 1949 Deum
3085 1906 3245 1963 tuum,
3273 1897 3422 1953 Sion.
3450 1898 3739 1956 Collauda-

2170 1993 2291 2034 mus
2316 1980 2494 2047 modo,
2520 1981 2796 2039 laudamus
2814 1985 2994 2051 modo,
3022 1986 3115 2041 sed
3135 1988 3273 2043 inter
3296 1989 3567 2045 scandala.
3594 1991 3743 2048 Multi

2171 2084 2305 2141 quos
2334 2072 2597 2139 nolumus,
2626 2073 2848 2139 intrant;
2882 2075 3058 2144 multi,
3086 2077 3187 2132 etsi
3217 2078 3484 2147 nolumus,
3508 2091 3741 2146 exeunt;

2172 2161 2293 2217 ideo
2317 2162 2660 2219 crebrescunt
2688 2165 2933 2221 scandala
2960 2185 2973 2222 :
2997 2166 3063 2221 Et
3082 2170 3317 2237 quoniam
3344 2172 3617 2226 abundavit
3640 2173 3741 2228 ini-

2170 2256 2355 2325 quitas,
2374 2257 2448 2311 ait
2464 2256 2690 2324 Veritas,
2708 2260 2983 2330 refrigescit
2999 2262 3218 2316 charitas
3235 2264 3507 2317 multarunt
3528 2263 3739 2332 (Matth.

2171 2362 2296 2401 ntv
2320 2389 2335 2413 ,
2380 2347 2509 2418 12):
2550 2358 2765 2419 propter
2802 2350 3077 2418 intrantes,
3122 2367 3257 2423 quos
3297 2353 3593 2423 dijudicare
3636 2368 3742 2409 non

2174 2452 2493 2506 possumus;
2526 2448 2579 2494 Cl
2602 2448 2878 2505 οιριιιιιοε,
2905 2456 3039 2511 quos
3079 2450 3260 2498 tenere
3299 2457 3404 2498 non
3436 2457 3740 2513 possumus.

2173 2528 2349 2594 Quare
2389 2528 2537 2584 hoc?
2578 2530 2708 2598 Quia
2751 2531 2984 2587 nondum
3039 2532 3332 2603 perfectio,
3376 2535 3614 2590 nondum
3655 2535 3744 2590 illa

2173 2619 2463 2675 beatitudo.
2512 2621 2686 2689 Quare
2733 2622 2871 2677 hoc?
2910 2624 3043 2690 Quia
3091 2624 3265 2680 adhuc
3300 2640 3461 2693 area,
3508 2626 3745 2682 nondum

2174 2712 2445 2768 horreum.
2474 2712 2623 2767 Tunc
2642 2728 2769 2783 ergo
2791 2714 2936 2784 quid,
2965 2715 3064 2769 nisi
3089 2725 3148 2771 ut
3174 2730 3280 2772 non
3307 2716 3491 2773 timeas
3517 2718 3621 2773 tale
3647 2717 3748 2772 ali-

2174 2805 2300 2877 quid
2328 2804 2600 2860 futurum?
2626 2804 2875 2863 Collauda
2902 2806 3065 2871 enim,
3092 2806 3407 2874 Jerusalem,
3438 2807 3747 2873 Dominum,

2174 2897 2327 2951 lauda
2366 2896 2529 2951 Deum
2570 2905 2742 2963 tuum,
2787 2897 2952 2961 Sion;
2984 2898 3221 2968 quoniam
3256 2898 3568 2967 conﬁnnavit
3593 2907 3749 2954 vectes

2174 2998 2435 3059 portarum
2475 2997 2694 3042 tuarum.
2725 2988 3069 3058 Conﬁrmavit.
3110 2990 3225 3046 Non
3253 2989 3417 3053 dixit,
3448 2992 3745 3062 Apposuit,

2176 3090 2380 3138 tantum
2412 3098 2425 3134 :
2456 3080 2779 3150 Confirmavit
2809 3084 2825 3114 ¹
2855 3092 3009 3137 vectes
3038 3090 3298 3152 portarum
3326 3092 3547 3137 tuarum.
3576 3082 3751 3137 Nemo

2174 3183 2360 3242 exeat,
2402 3190 2558 3231 nemo
2594 3176 2774 3232 intret.
2815 3174 2980 3231 Nemo
3008 3184 3197 3242 exeat,
3224 3174 3549 3246 gaudemus:
3576 3172 3753 3230 Nemo

2176 3267 2355 3331 intret,
2408 3266 2675 3322 timemus.
2714 3265 2826 3322 Nec
2864 3265 2966 3321 hoc
3005 3267 3229 3331 timeas;
3272 3280 3393 3320 cum
3423 3265 3707 3321 intraveris
3734 3307 3751 3332 ,

2175 3355 2383 3412 dicetur
2413 3373 2428 3423 ;
2460 3356 2823 3413 tantummodo
2850 3367 2967 3413 esto
2994 3357 3047 3411 in
3084 3370 3306 3412 numero
3330 3356 3590 3428 virginum
3628 3371 3754 3428 quae

2178 3457 2456 3517 portarunt
2478 3448 2654 3503 oleum
2679 3461 2881 3503 secum.

2251 3538 2589 3609 i0.Virgines
2610 3539 2752 3595 enim
2778 3540 2881 3595 illae
2900 3538 3103 3595 animas
3118 3537 3437 3609 signiﬁcant.
3460 3537 3579 3593 Non
3605 3537 3753 3594 enim

2178 3643 2304 3684 vere
2329 3629 2559 3699 quinque
2594 3638 2773 3697 erant,
2804 3630 2899 3685 sed
2938 3629 2991 3684 in
3020 3630 3249 3700 quinque
3274 3630 3378 3684 illis
3414 3628 3576 3685 millia
3604 3640 3750 3684 sunt.

2178 3717 2239 3773 ln
2274 3734 2495 3775 numero
2524 3719 2613 3774 illo
2650 3720 2892 3790 quinario
2920 3720 3085 3775 millia
3114 3720 3490 3791 intelliguntur,
3524 3734 3628 3774 non
3664 3718 3753 3775 fe-

2178 3808 2440 3864 minarum
2486 3818 2685 3864 tantum
2717 3851 2732 3876 ,
2785 3810 2880 3867 sed
2927 3820 2981 3867 ct
3025 3812 3258 3866 virorum
3302 3829 3314 3864 :
3363 3812 3486 3881 quia
3530 3821 3755 3883 uterque

2179 3914 2337 3955 sexus
2361 3900 2555 3956 dicitur
2578 3900 2793 3967 femina,
2818 3901 2938 3972 quia
2960 3901 3198 3957 Ecclesia
3216 3918 3229 3968 ;
3248 3911 3304 3957 et
3320 3909 3540 3972 uterque
3563 3918 3750 3968 sexus,

2180 3991 2283 4048 hoc
2314 4000 2401 4048 est
2428 3993 2695 4061 Ecclesia,
2737 3992 2929 4048 dicitur
2965 3993 3135 4064 virgo.
3184 3993 3492 4063 Desponsavi
3534 4010 3621 4048 vos
3663 3995 3757 4048 uni

2179 4085 2314 4149 viro,
2348 4084 2587 4153 virginem
2612 4092 2801 4139 castam
2830 4084 3057 4138 exhibere
3081 4084 3278 4139 Christo
3305 4083 3388 4158 (ll
3415 4082 3639 4153 Coram,
3668 4084 3730 4153 2)

2181 4175 2476 4231 Paucorum
2504 4184 2586 4231 est
2610 4175 2885 4245 virginitas
2908 4176 2958 4229 in
2985 4191 3164 4242 carne,
3188 4175 3425 4229 omnium
3452 4174 3611 4231 debet
3635 4188 3756 4231 esse

2180 4268 2235 4323 in
2271 4268 2450 4324 corde.
2470 4268 2753 4338 Virginitas
2803 4268 2998 4333 carnis,
3028 4281 3219 4336 corpus
3268 4267 3558 4332 intactum;
3590 4267 3755 4335 virgi-

2182 4361 2320 4416 nitas
2344 4361 2543 4429 cordis,
2576 4359 2706 4416 lides
2736 4360 3059 4429 incorrupta.
3092 4358 3231 4428 Ergo
3258 4358 3451 4413 dicitur
3475 4358 3624 4429 virgo
3647 4366 3756 4414 tota

2182 4452 2445 4519 Ecclesia,
2468 4460 2522 4506 et
2540 4451 2831 4507 masculino
2850 4464 3044 4521 genere
3064 4449 3356 4520 appellatur
3376 4450 3603 4520 populus
3628 4450 3718 4505 Dei
3738 4467 3752 4503 :

2182 4553 2406 4612 uterque
2432 4556 2589 4597 sexus
2608 4541 2836 4613 populus
2856 4541 2973 4609 Dei,
2991 4549 3044 4597 et
3060 4555 3195 4595 unus
3221 4540 3467 4611 populus,
3492 4550 3547 4597 et
3569 4542 3757 4597 unicus

2184 4635 2435 4705 populus;
2464 4644 2517 4690 et
2542 4649 2645 4689 una
2668 4633 2924 4699 Ecclesia,
2947 4643 3000 4689 et
3019 4635 3172 4688 unica
3201 4633 3447 4690 columba
3476 4650 3491 4687 :
3522 4643 3680 4705 atque
3701 4634 3757 4690 in

2185 4724 2283 4779 hac
2305 4724 2601 4793 virginitate
2629 4724 2795 4779 millia
2819 4732 3143 4779 sanctorum.
3174 4723 3315 4794 Ergo
3340 4724 3579 4795 quinque
3599 4724 3758 4795 virgi-

2186 4830 2280 4869 nes
2309 4828 2496 4869 omnes
2532 4814 2733 4869 animas
2758 4815 3045 4869 intraturas
3074 4813 3125 4867 in
3166 4829 3386 4884 regnum
3418 4814 3512 4869 Dei
3551 4814 3760 4885 signiﬁ-

2188 4912 2347 4970 cant;
2398 4919 2505 4959 non
2547 4905 2664 4960 sine
2711 4918 2871 4960 causa
2919 4904 3161 4974 quinario
3208 4919 3465 4972 numero,
3506 4905 3761 4975 quoniam

2186 4995 2417 5065 quinque
2444 5002 2570 5050 sunt
2595 4996 2831 5065 corporis
2856 5011 3045 5051 sensus
3073 4995 3335 5051 notissimi
3363 4996 3632 5051 omnibus.
3660 4996 3765 5053 Per

2188 5088 2421 5158 quinque
2463 5088 2604 5143 enim
2647 5088 2837 5158 januas
2883 5088 3044 5143 intrat
3084 5087 3285 5158 aliquid
3333 5103 3427 5159 per
3466 5102 3662 5158 corpus
3694 5087 3764 5143 ad

2188 5180 2419 5234 animam
2448 5197 2462 5233 :
2485 5188 2573 5233 aut
2598 5194 2693 5249 per
2715 5181 2898 5234 oculos
2928 5178 3092 5233 intrat
3116 5178 3259 5249 quod
3283 5178 3631 5249 concupiscas
3652 5194 3766 5233 ma-

2189 5269 2241 5325 le
2260 5311 2276 5337 ,
2307 5278 2398 5324 aut
2423 5284 2518 5339 per
2542 5284 2718 5338 aures,
2749 5279 2837 5325 aut
2864 5284 2958 5339 per
2981 5268 3254 5337 olfactum,
3289 5277 3379 5324 aut
3408 5284 3504 5339 per
3526 5278 3761 5339 gustum,

2190 5369 2282 5414 aut
2328 5376 2420 5431 per
2445 5368 2765 5415 contactum.
2796 5356 2897 5416 Per
2930 5359 3030 5415 bas’
3049 5361 3281 5431 quinque
3301 5360 3491 5430 januas
3522 5361 3763 5431 quisquis

2193 5467 2297 5507 non
2327 5452 2597 5506 admiserit
2623 5452 3013 5522 corruptionem
3040 5492 3056 5518 ,
3097 5451 3237 5506 inter
3273 5449 3507 5521 quinque
3530 5451 3763 5521 virgines

2194 5551 2546 5613 computatur.
2578 5542 2943 5598 Admittuntur’
2963 5549 3137 5597 autem
3173 5540 3545 5611 corruptiones
3573 5556 3668 5611 per
3695 5540 3763 5595 il-

2259 5725 2275 5755 ¹
2302 5724 2373 5772 sic
2389 5730 2487 5772 Am.
2502 5732 2561 5785 et
2584 5724 2747 5785 plures
2768 5732 2873 5773 MSS.
2897 5729 2950 5772 At
2970 5730 3095 5785 1.91.:
3115 5721 3329 5785 Nomium
3346 5719 3494 5785 dixit,
3511 5717 3729 5785 apposuit
3748 5726 3768 5766 :

2197 5792 2383 5849 tantum
2396 5780 2704 5849 conﬁrniarit,
2732 5795 2824 5835 etc.
2838 5792 2890 5849 Et
2909 5783 3047 5849 paulo
3071 5791 3179 5845 post
3199 5782 3246 5832 id
3268 5782 3359 5831 εδει
3402 5780 3687 5849 legebatur:
3704 5786 3769 5828 Ne

2198 5848 2284 5926 Itoc
2307 5848 2472 5900 timeas
2482 5844 2602 5898 'cwu
2621 5847 2891 5900 intraveris.
2910 5844 3105 5899 Dicitur
3136 5844 3475 5907 tantummodo,
3500 5849 3617 5903 esto,
3641 5849 3734 5891 etc.
