4038 6500
303 470 435 534 ιςιιὶι

300 591 441 646 licita
480 581 766 643 desideria.
800 579 939 652 Quid
986 588 1163 637 autem
1204 576 1361 635 liceat
1402 587 1455 635 et
1506 593 1612 635 non
1659 576 1817 632 liceat
1853 617 1871 641 ,

300 681 442 754 pleni
467 689 593 735 sunt
618 677 737 733 libri
762 676 1177 747 Scripturarum.
1205 672 1346 743 Ergo
1372 687 1504 743 opus
1533 680 1616 728 est
1642 679 1700 726 ut
1724 671 1797 726 sis
1822 670 1877 725 in

302 777 407 832 illis
452 774 683 845 quinque
724 769 1035 842 virginibus.
1084 766 1201 823 Non
1247 765 1459 822 timebis
1498 763 1639 836 quod
1675 761 1876 817 dictum

302 876 403 935 est,
434 865 602 921 Nemo
630 865 808 919 intret.
840 862 1042 917 Dicitur
1070 860 1211 915 enim
1240 858 1343 914 hoc
1365 900 1381 926 ,
1411 866 1467 913 et
1495 856 1584 912 ﬁet
1612 855 1751 921 hoc;
1784 852 1878 910 sed

304 975 423 1014 cum
462 956 740 1011 intraveris
769 972 782 1009 :
812 967 971 1009 nemo
998 960 1181 1007 contra
1219 959 1268 1005 te
1297 948 1542 1013 claudet;
1586 945 1682 1001 sed
1711 954 1764 1001 to
1792 945 1877 1000 iu-

303 1064 486 1122 gresso
512 1089 527 1116 ,
571 1046 881 1103 claudentur
926 1052 1092 1114 porta:
1134 1041 1460 1106 Jerusalem,
1501 1048 1555 1094 et
1592 1036 1879 1092 firmabun-

305 1152 394 1198 tur
420 1149 602 1197 vectes
631 1148 902 1210 portarum
924 1136 1057 1207 ejus.
1085 1134 1216 1190 Nam
1250 1141 1304 1189 tu
1326 1133 1369 1187 si
1395 1145 1515 1188 esse
1540 1130 1770 1186 volueris
1790 1136 1881 1184 aut

307 1249 412 1289 non
442 1232 591 1302 virgo
619 1229 799 1293 corde,
829 1238 939 1294 aut,
962 1227 1060 1282 etsi
1078 1226 1245 1297 virgo,
1268 1224 1406 1279 inter
1427 1221 1597 1277 fatuas
1614 1220 1876 1291 virgines;

306 1322 436 1378 foris
463 1319 784 1387 remanebis,
816 1326 871 1374 et
892 1317 1083 1372 frustra
1110 1313 1365 1386 pulsabis.

378 1414 467 1468 H.
511 1411 640 1478 Quae
685 1417 808 1465 sunt
853 1407 1007 1463 fatuae
1048 1406 1314 1476 virgines?
1364 1404 1435 1459 Et
1476 1403 1605 1474 ipsae
1651 1401 1882 1473 quinque

306 1513 469 1563 sunt:
502 1518 621 1574 quae
640 1543 656 1571 ,
686 1502 789 1557 nisi
817 1501 1009 1556 animae
1037 1513 1155 1570 qua:
1185 1497 1381 1552 habent
1408 1495 1561 1550 istam
1602 1494 1880 1550 continen-

310 1596 435 1652 tiam
462 1593 640 1650 carnis
660 1631 678 1659 ,
708 1599 768 1647 ut
790 1592 959 1646 vitent
995 1587 1320 1658 corruptelas
1345 1585 1411 1640 ab
1434 1584 1679 1640 omnibus
1711 1581 1882 1638 sensi-

306 1686 407 1743 bus
428 1683 738 1751 venientes,
782 1696 915 1752 quos
957 1694 1145 1736 sensus
1182 1678 1292 1747 jam
1334 1674 1675 1731 enumeravi?
1705 1673 1885 1729 Vitant

305 1776 467 1832 veluti
494 1773 859 1845 corruptiones
882 1769 1156 1826 venientes
1183 1767 1437 1838 undique,
1465 1774 1520 1821 et
1540 1780 1646 1821 non
1673 1765 1725 1820 in
1753 1778 1883 1820 con-

305 1866 526 1924 scientia
569 1871 760 1937 gerunt
799 1864 997 1918 bonum
1026 1875 1179 1917 suum
1207 1873 1386 1915 coram
1427 1856 1594 1912 oculis
1620 1856 1714 1913 Dei
1742 1872 1756 1911 :
1789 1854 1884 1911 sed

304 1959 517 2030 placere
545 1956 669 2012 inde
704 1955 892 2011 volunt
920 1952 1224 2009 hominibus
1244 1992 1259 2019 ,
1290 1958 1345 2007 et
1366 1949 1625 2020 judicium
1651 1963 1883 2019 sequun-

304 2059 392 2106 tur
434 2050 687 2105 alienum.
732 2047 967 2102 Favores
1012 2045 1153 2116 vulgi
1202 2053 1558 2113 aucupantur;
1604 2042 1739 2097 viles
1783 2041 1886 2096 sibi

304 2156 457 2212 sunt,
488 2161 608 2201 cum
638 2142 1023 2215 Spectatoribus
1062 2154 1183 2196 esse
1219 2139 1394 2194 chara:
1418 2138 1634 2202 volunt;
1666 2151 1772 2191 non
1808 2132 1885 2190 eis

303 2239 499 2296 sufﬁcit
523 2236 870 2293 conscientia.
899 2234 1087 2289 Merito
1110 2246 1214 2287 non
1245 2238 1458 2302 portant
1483 2229 1657 2285 oleum
1682 2242 1883 2283 secum.

306 2331 492 2388 Oleum
523 2338 699 2385 autem
730 2336 814 2383 est
858 2327 969 2395 ipsa
1013 2324 1286 2395 gloriatio,
1319 2330 1536 2394 propter
1576 2322 1802 2376 nitorem
1834 2327 1888 2375 et

304 2420 661 2491 splendorem.
707 2417 813 2473 Sed
843 2415 969 2488 quid
996 2415 1123 2470 dicit
1150 2412 1469 2483 Apostolus?
1495 2409 1629 2466 Vide
1657 2410 1887 2480 virgines

304 2511 569 2581 sapientes
599 2515 875 2578 portantes
915 2505 1092 2561 oleum
1120 2517 1298 2558 secum
1323 2519 1337 2556 :
1373 2500 1514 2572 Opus
1541 2508 1708 2554 autem
1742 2514 1889 2553 suum

303 2601 477 2673 probet
496 2600 849 2671 unusquisque,
873 2606 920 2653 et
939 2606 1058 2650 tunc
1077 2595 1132 2649 in
1151 2593 1412 2664 semetipso
1434 2591 1629 2645 habebit
1649 2588 1885 2661 gloriam,

304 2700 350 2747 et
379 2708 480 2746 non
519 2692 575 2746 in
616 2691 774 2745 altero
818 2687 961 2759 (Gal.
990 2703 1062 2754 vt,
1093 2684 1170 2759 4).
1203 2685 1296 2740 Ha:
1325 2692 1448 2740 sunt
1488 2698 1615 2755 ergo
1657 2682 1888 2752 virgines

303 2782 589 2852 sapientes.
616 2780 802 2837 Stulta:
826 2788 1000 2834 autem
1023 2776 1317 2833 accendunt
1337 2773 1551 2845 quidem
1578 2770 1885 2841 lampades;

303 2874 551 2929 videntur
574 2872 786 2943 quidem
814 2871 993 2925 lucere
1028 2884 1188 2939 opera
1219 2882 1401 2923 earum
1428 2883 1442 2919 :
1469 2864 1565 2920 sed
1599 2863 1847 2919 deficient
1866 2900 1884 2929 ,

303 2970 361 3019 et
393 2963 820 3034 exstinguentur;
850 2959 973 3030 quia
1001 2973 1105 3014 non
1131 2957 1199 3013 de
1222 2957 1344 3013 oleo
1376 2954 1629 3010 interiore
1656 2967 1888 3023 pascun-

304 3063 411 3110 tur.
460 3053 529 3108 Et
566 3052 839 3108 dormiunt
878 3065 1065 3105 omnes
1109 3048 1351 3103 tardante
1389 3060 1586 3119 Sponso
1615 3063 1627 3100 :
1658 3044 1779 3116 quia
1822 3058 1887 3100 ex

305 3155 530 3216 utroque
573 3158 769 3216 genere
797 3142 1070 3198 hominum
1100 3140 1503 3196 obdormiscunt
1532 3140 1585 3193 in
1626 3144 1884 3203 mortem;

307 3247 363 3295 et
396 3239 463 3294 de
486 3237 592 3292 illis
628 3235 786 3291 fatuis
805 3274 821 3302 ,
854 3243 907 3289 et
936 3234 1002 3289 de
1026 3232 1111 3288 his
1133 3231 1489 3301 sapientibus,
1518 3227 1763 3284 tardante
1792 3226 1889 3282 ad-

307 3339 474 3386 ventu
503 3329 741 3394 Domini,
784 3328 887 3382 itur
911 3327 963 3381 in
1009 3332 1239 3381 mortem
1281 3323 1437 3377 istam
1478 3318 1809 3390 corporalem
1837 3325 1891 3373 et

312 3422 588 3486 visibilem,
618 3436 774 3491 quam
802 3419 974 3474 somni
998 3417 1118 3473 loco
1146 3416 1449 3485 Scripturas
1477 3426 1677 3483 ponere
1708 3419 1890 3466 uotum

309 3521 393 3569 est
417 3512 662 3567 omnibus
693 3509 1028 3566 Christianis.
1069 3507 1203 3563 Cum
1233 3506 1434 3562 diceret
1470 3504 1537 3559 de
1582 3500 1890 3574 aegrotanti-

308 3605 407 3661 bus
438 3605 754 3675 Apostolus,
787 3602 1067 3673 Pmpterea
1094 3601 1148 3654 in
1187 3598 1354 3663 vobis,
1386 3597 1585 3668 inquit,
1629 3594 1775 3649 multi
1812 3594 1893 3648 in-

310 3696 446 3766 ﬁrmi
473 3704 518 3749 et
542 3695 665 3766 aegri
684 3736 699 3760 ,
727 3703 772 3748 et
798 3692 1053 3746 dormiunt
1081 3690 1377 3760 suﬂicienter
1405 3686 1461 3757 (Ι
1493 3686 1611 3741 Cor.
1641 3702 1690 3739 χι
1711 3725 1727 3751 ,
1761 3684 1850 3752 30)
1876 3702 1889 3739 :

313 3789 623 3853 Dormiunt,
655 3787 854 3855 inquit,
886 3784 1203 3839 moriuntur.
1234 3779 1338 3836 Sed
1379 3793 1502 3833 ecce
1532 3787 1784 3833 venturus
1812 3783 1896 3831 est

313 3895 562 3952 sponsus,
590 3888 643 3935 et
668 3893 856 3933 omnes
881 3884 1120 3946 surgent,
1144 3874 1237 3929 sed
1262 3888 1367 3927 non
1393 3886 1579 3927 omnes
1602 3868 1891 3924 intrabunt.

315 3973 573 4028 Deﬁcient
611 3985 772 4042 opera
805 3969 1087 4024 stultarum
1122 3966 1384 4036 virginum
1406 4004 1420 4028 ,
1451 3976 1557 4017 non
1588 3960 1894 4015 habentium

314 4064 488 4119 oleum
528 4058 896 4124 conscientiae;
946 4071 1052 4111 non
1096 4053 1369 4110 invenient
1411 4066 1440 4105 a
1482 4050 1673 4122 quibus
1716 4055 1898 4103 emant

314 4155 455 4227 quod
492 4154 594 4208 illis
623 4151 865 4207 solebant
889 4148 1119 4204 vendere
1158 4146 1478 4200 adulatores.
1507 4142 1590 4197 Ab
1625 4138 1896 4195 irridenti-

316 4245 414 4300 bus
440 4244 581 4300 enim
608 4242 819 4306 dicitur,
844 4254 949 4295 non
974 4239 1040 4293 ab
1069 4235 1425 4292 invidentibus
1450 4252 1463 4286 :
1495 4231 1574 4286 Ite
1593 4272 1607 4297 ,
1635 4230 1784 4287 emite
1807 4246 1900 4284 vo-

317 4337 410 4391 bis.
442 4335 711 4390 Petierunt
751 4332 893 4386 enim
929 4330 1109 4385 stulta:
1135 4344 1166 4383 a
1191 4324 1546 4395 sapientibus,
1573 4331 1628 4377 et
1651 4321 1901 4375 dixerant

317 4428 395 4484 eis
420 4444 434 4480 :
467 4421 598 4479 Date
617 4424 758 4479 nobis
779 4422 963 4488 oleum,
990 4421 1109 4491 quia
1133 4420 1268 4487 faces
1288 4426 1473 4471 nostra:
1492 4413 1895 4483 exstinguuntur.

318 4518 451 4585 Quid
482 4517 586 4571 illa:
616 4512 922 4584 sapientes?
953 4510 1037 4565 Ne
1063 4513 1191 4581 forte
1216 4524 1317 4562 non
1344 4505 1554 4576 sufficiat
1578 4503 1719 4557 nobis
1747 4509 1793 4555 et
1815 4518 1902 4556 vo-

319 4610 413 4673 bis,
445 4609 510 4662 ite
535 4607 697 4677 potius
726 4605 792 4658 ad
812 4603 1097 4668 uendentes,
1128 4610 1174 4655 et
1217 4599 1364 4655 emite
1391 4596 1546 4651 vobis.
1577 4595 1689 4649 Hoc
1713 4592 1898 4648 admo-

322 4715 451 4753 nere
477 4707 622 4761 erat,
662 4694 796 4762 Quid
827 4693 979 4747 vobis
1004 4690 1164 4745 modo
1192 4697 1415 4759 prosunt
1443 4701 1473 4741 a
1502 4685 1693 4756 quibus
1720 4696 1901 4739 emere

323 4790 505 4844 soletis
532 4783 927 4842 adulationem?
958 4780 1025 4835 Et
1066 4797 1179 4834 cum
1216 4788 1368 4844 eunt,
1402 4776 1608 4846 inquit,
1649 4775 1903 4828 intrarunt

321 4881 426 4935 illa:
446 4922 461 4946 ,
506 4888 552 4933 et
589 4878 817 4931 clausum
843 4882 915 4929 est
944 4874 1127 4927 ostium
1166 4868 1377 4940 (Matth.
1407 4882 1530 4931 xxv,
1562 4863 1736 4935 1-15).
1766 4862 1901 4919 Cum

323 4981 449 5026 eunt
475 4968 659 5034 corde,
688 4982 809 5023 cum
839 4964 963 5020 talia
988 4962 1255 5032 cogitant,
1282 4957 1409 5013 dum
1431 4971 1490 5012 se
1518 4955 1586 5010 ab
1611 4954 1699 5009 illa
1726 4954 1901 5008 inten-

325 5063 467 5117 tione
507 5060 775 5125 alienant,
816 5064 872 5113 et
908 5063 1053 5112 retro
1092 5051 1359 5125 praeterita
1396 5063 1491 5105 sua
1535 5044 1901 5113 recordentur,

327 5166 455 5209 eum
480 5151 629 5223 quasi
674 5149 741 5204 ad
769 5147 1096 5204 vendentes:
1128 5152 1184 5201 ct
1208 5156 1316 5198 non
1341 5138 1619 5195 inveniunt
1659 5144 1786 5191 tunc
1823 5135 1905 5189 fa-

329 5253 517 5301 ventes
536 5284 550 5308 ,
586 5256 692 5296 non
732 5238 1006 5295 inveniunt
1035 5243 1159 5290 tunc
1197 5230 1506 5295 laudantes,
1537 5243 1568 5284 a
1596 5226 1786 5297 quibus
1813 5238 1904 5279 so-

334 5338 513 5393 lebant
537 5332 763 5399 laudari,
786 5340 840 5387 et
853 5329 1001 5401 quasi
1019 5325 1236 5383 excitari
1255 5323 1323 5379 ad
1338 5323 1473 5379 bona
1497 5332 1679 5390 opera,
1698 5331 1803 5371 non
1820 5330 1908 5371 ro-

330 5432 460 5487 bore
476 5430 630 5485 home
648 5423 1007 5489 conscientias,
1026 5420 1117 5477 sed
1138 5413 1680 5483 incitamentolinguze
1696 5409 1904 5464 alienae.

404 5524 493 5581 12.
526 5523 593 5578 Ει
620 5519 749 5576 illud
775 5516 917 5589 quod
945 5514 1149 5570 dictum
1176 5518 1279 5576 est,
1309 5506 1393 5563 Ne
1417 5506 1545 5577 forte
1574 5520 1674 5558 non
1700 5500 1909 5571 sufﬁciat

333 5616 512 5683 nobis,
553 5626 742 5683 magna
767 5605 1193 5665 consideratione
1226 5597 1539 5655 humilitatis
1567 5595 1765 5651 dictum
1806 5598 1907 5646 est.

334 5707 520 5765 Oleum
546 5704 690 5761 enim
717 5700 857 5774 quod
885 5706 1155 5771 gestamus
1182 5694 1236 5749 in
1274 5688 1628 5757 conscientia,
1654 5684 1912 5757 judicium

336 5810 418 5857 est
443 5807 684 5855 nostrum
713 5796 779 5851 de
804 5791 957 5848 nobis
986 5789 1138 5862 ipsis,
1162 5785 1348 5859 quales
1386 5784 1588 5848 simus;
1618 5788 1672 5837 et
1696 5776 1913 5836 difficile

335 5904 419 5953 est
455 5900 515 5949 ut
538 5892 605 5950 de
643 5905 703 5948 se
743 5887 969 5961 quisque
1004 5881 1242 5958 perfecte
1264 5877 1485 5954 judicet.
1524 5875 1741 5934 Fratres
1763 5871 1907 5940 mei,

1325 456 1719 519 ENARRATIO
1755 457 1822 516 IN
1860 456 2180 518 PSALMUM
2215 454 2466 518 CXLVII.

3410 462 3550 537 (92%

1979 579 2363 648 quantumlibet
2404 579 2567 636 homo
2617 578 2889 651 proficiat,
2934 580 3323 654 quantumlibet
3385 596 3446 639 se
3485 582 3553 639 ad

1980 672 2240 727 anteriora
2286 672 2571 739 extendat,
2616 680 2671 729 et
2716 674 2983 744 praeterita
3027 673 3366 730 obliviscatur
3397 672 3554 746 (Plii-

1981 762 2108 833 lipp.
2138 780 2224 832 ιιι,
2264 764 2391 837 l3);
2435 767 2480 820 si
2515 765 2624 835 jam
2668 766 2797 822 dicit
2834 766 2968 835 sibi,
3008 766 3152 822 Bene
3189 775 3271 822 est
3302 783 3316 820 :
3362 780 3556 837 proce-

1980 852 2058 909 dit
2099 857 2273 927 regula
2301 857 2367 913 de
2396 857 2657 914 thesauris
2700 858 2826 925 Dei,
2873 859 3141 915 examinat
3169 859 3236 915 ad
3260 858 3554 930 liquidum';

1981 955 2037 1004 et
2077 949 2193 1019 quis
2238 950 2545 1020 gloriabitur
2588 959 2790 1007 castum
2838 965 2897 1008 se
2941 950 3141 1007 habere
3184 950 3315 1006 cor?
3341 958 3396 1005 et
3438 950 3557 1020 quis

1982 1039 2289 1110 gloriabitur
2330 1042 2582 1097 mundum
2623 1058 2683 1098 se
2726 1057 2845 1098 esse
2888 1058 2919 1098 a
2957 1051 3177 1113 peccato
3222 1040 3420 1114 (Prov.
3449 1056 3555 1102 xx.

1982 1131 2078 1203 9)?
2123 1132 2227 1187 Sed
2269 1135 2392 1203 quid
2436 1135 2565 1190 dixit
2608 1135 2916 1205 Scriptura?
2960 1134 3221 1191 Iudicium
3264 1136 3373 1190 sine
3411 1134 3560 1189 mise-

1982 1225 2202 1280 ricordia
2227 1226 2304 1280 illi
2328 1229 2414 1297 qui
2439 1245 2538 1282 non
2564 1229 2679 1298 fecit
2708 1229 3100 1285 misericordiam
3134 1227 3332 1299 (Jacobi
3350 1243 3408 1294 ιι,
3442 1224 3557 1294 15).

1983 1315 2471 1388 Quantumcumque
2493 1319 2755 1389 proficias,
2780 1319 3017 1391 sperabis
3038 1320 3090 1374 in
3112 1318 3557 1375 misericordiam.

1983 1407 2115 1462 Nam
2157 1409 2202 1463 si
2238 1408 2439 1479 justitia
2468 1410 2583 1465 sine
2629 1411 2992 1467 misericordia
3037 1411 3240 1482 prolata
3279 1410 3471 1476 fuerit,
3503 1409 3559 1464 in

1985 1498 2221 1569 quolibet
2244 1499 2385 1569 quod
2419 1499 2636 1556 damnet
2676 1502 2928 1558 inveniet.
2960 1501 3090 1569 Quae
3127 1515 3225 1556 nos
3253 1500 3560 1556 consolatur

1984 1587 2291 1659 Scriptura?
2329 1589 2458 1658 Quae
2502 1591 2747 1646 hortatur
2785 1591 2851 1647 ad
2897 1592 3317 1648 misericordiam
3360 1590 3563 1647 facien-

1986 1679 2130 1747 dam,
2159 1690 2221 1735 ut
2243 1682 2462 1737 omnino
2485 1682 2885 1738 crebrescamus
2908 1684 2961 1738 in
2989 1683 3258 1754 eroganda
3285 1682 3426 1753 quod
3450 1696 3564 1736 am-

1986 1773 2126 1843 plius
2170 1773 2446 1829 habemus.
2476 1773 2635 1829 Multa
2680 1784 2857 1830 autem
2888 1775 3152 1845 superflua
3194 1774 3485 1841 habemus,
3517 1772 3564 1829 si

1986 1863 2198 1919 nonnisi
2228 1865 2528 1920 necessaria
2572 1874 2849 1922 teneamus
2874 1885 2887 1922 :
2916 1881 3039 1922 nam
3080 1868 3125 1922 si
3154 1868 3330 1922 inania
3359 1880 3566 1938 quaera-

1988 1970 2140 2022 mus,
2188 1955 2319 2009 nihil
2360 1956 2574 2011 sufficit.
2622 1956 2871 2023 Fratres,
2918 1958 3139 2028 quzerite
3182 1956 3326 2029 quod
3370 1955 3604 2012 sufficit.

1988 2046 2136 2116 operi
2168 2046 2291 2112 Dei,
2324 2061 2430 2101 non
2473 2045 2615 2117 quod
2640 2048 2831 2103 sufficit
2862 2048 3135 2117 cupiditati
3161 2056 3371 2103 vestrae.
3401 2044 3566 2117 Cupi-

1989 2136 2126 2191 ditas
2154 2145 2329 2192 vestra
2359 2152 2465 2192 non
2506 2146 2588 2193 est
2611 2152 2744 2208 opus
2773 2138 2888 2193 Dei.
2915 2137 3110 2193 Forma
3137 2146 3311 2192 vestra
3331 2179 3346 2204 ,
3376 2151 3569 2206 corpus

1988 2238 2223 2283 vestrum
2243 2270 2256 2293 ,
2306 2229 2482 2282 anima
2508 2238 2714 2296 vestra,
2747 2228 2849 2284 hoc
2876 2236 3043 2283 totum
3073 2243 3207 2298 opus
3234 2228 3349 2282 Dei.
3379 2228 3569 2293 Quaere

1988 2336 2108 2391 quae
2134 2320 2432 2385 sufﬁciant,
2480 2329 2533 2376 et
2571 2320 2774 2377 videbis
2818 2336 2975 2390 quam
3018 2335 3185 2391 pauca
3227 2321 3352 2376 sint.
3384 2319 3569 2376 Vidua:

1989 2412 2313 2468 suffecerunt
2355 2412 2461 2468 duo
2486 2414 2689 2468 nummi
2715 2412 2781 2468 ad
2809 2412 3103 2468 faciendam
3150 2412 3568 2468 misericordiam

1992 2502 2181 2578 (Marc.
2210 2522 2308 2573 xu,
2345 2506 2457 2575 42),
2485 2506 2808 2561 suffecerunt
2831 2504 2937 2560 duo
2960 2505 3160 2560 nummi
3187 2504 3253 2559 ad
3278 2502 3562 2559 emendum

1990 2613 2215 2668 regnum
2245 2596 2358 2651 Dei.
2390 2595 2469 2650 Ad
2501 2596 2803 2652 vestiendos
2824 2596 2981 2651 toties
3007 2603 3287 2650 venatores
3312 2593 3437 2663 quid
3461 2592 3571 2648 suf-

1992 2687 2103 2743 ﬁcit
2131 2688 2361 2743 editori?
2391 2687 2577 2742 Videte
2603 2688 2724 2758 quia
2752 2703 2858 2742 non
2899 2686 3073 2742 solum
3100 2699 3269 2756 pauca
3305 2691 3429 2739 sunt
3455 2698 3573 2753 qua:

1992 2779 2145 2834 vobis
2188 2778 2479 2843 sufficiant;
2527 2777 2619 2832 sed
2650 2792 2751 2833 nec
2798 2778 2912 2847 ipse
2952 2778 3093 2832 Deus
3141 2775 3308 2831 multa
3349 2789 3378 2829 a
3421 2773 3575 2829 vobis

1991 2871 2203 2942 quaerit.
2232 2871 2423 2937 Qumrc
2463 2879 2717 2941 quantum
2761 2871 2856 2924 tibi
2896 2869 3133 2935 dederit,
3166 2878 3220 2924 et
3254 2885 3317 2924 ex
3350 2882 3415 2923 eo
3449 2866 3574 2921 tollo

1992 2963 2134 3047 quod
2166 2963 2358 3017 sufﬁcit
2387 2982 2400 3018 :
2433 2972 2624 3018 caetera
2654 2978 2773 3032 quae
2802 2962 3066 3033 superflua
3094 2962 3303 3031 jacent,
3352 2961 3575 3015 aliorum

1997 3064 2123 3111 sunt
2152 3056 2473 3112 necessaria.
2521 3055 2799 3125 Superflua
2827 3055 3047 3110 divitum
3068 3095 3083 3121 ,
3126 3053 3427 3110 necessaria
3456 3061 3577 3107 sunt

1993 3162 2309 3217 pauperum.
2354 3146 2461 3202 Res
2498 3148 2688 3203 aliena:
2736 3147 3097 3217 possidentur,
3140 3162 3261 3203 cum
3310 3144 3578 3217 superflua

1994 3239 2354 3309 possidentur.

2070 3330 2156 3384 15.
2186 3329 2408 3385 Faciens
2428 3343 2556 3401 ergo
2585 3329 2889 3399 hujusmodi
2910 3328 3322 3395 misericordias,
3353 3336 3406 3383 et
3434 3327 3580 3384 illam

1995 3421 2260 3493 praecipue
2282 3437 2401 3492 qua:
2430 3422 2596 3491 gratis
2619 3428 2846 3488 constat,
2875 3420 3104 3486 Dimitte,
3134 3420 3261 3473 sicut
3283 3418 3580 3472 dimittimus

2001 3513 2210 3586 (Matth.
2241 3529 2312 3578 v1,
2350 3510 2468 3584 l2);
2501 3528 2604 3583 quo
2631 3512 2841 3569 nonnisi
2867 3511 3182 3567 charitatem
3212 3524 3427 3580 erogas,
3459 3523 3580 3580 qua:

1997 3608 2189 3663 crescit
2217 3622 2335 3662 cum
2380 3620 2569 3676 erogas
2594 3624 2607 3660 :
2636 3605 2836 3661 faciens
2862 3619 2989 3675 ergo
3022 3614 3075 3659 et
3116 3603 3327 3659 fervens
3356 3602 3407 3656 in
3452 3600 3582 3670 ipsis

1997 3699 2151 3754 bonis
2178 3699 2427 3768 operibus
2447 3697 2847 3762 misericordiae,
2875 3712 2993 3767 qua:
3012 3695 3122 3766 jam
3148 3695 3286 3750 bona
3311 3710 3493 3765 opera,
3523 3702 3583 3749 ut

1993 3790 2107 3868 jam.
2133 3789 2385 3855 diximus,
2419 3798 2544 3843 tunc
2570 3802 2675 3842 non
2706 3795 2862 3841 erunt
2893 3785 3189 3841 necessaria
3211 3825 3226 3851 ,
3258 3785 3377 3854 quia
3408 3783 3583 3838 nullus

2000 3880 2102 3935 erit
2129 3881 2293 3933 miser
2322 3879 2374 3933 in
2398 3894 2555 3948 quem
2586 3876 2827 3931 facienda
2854 3876 2923 3929 sit
2952 3874 3312 3930 misericordia
3344 3872 3455 3945 (a);
3484 3888 3582 3927 ex-

2000 3971 2264 4041 spectabis
2294 3985 2515 4025 securus
2550 3968 2804 4038 judicium
2829 4009 2845 4035 ,
2877 3981 2984 4021 non
3014 3975 3117 4020 tam
3149 3979 3369 4020 securus
3406 3962 3472 4018 de
3494 3962 3583 4033 ju-

2000 4064 2142 4118 stitia
2171 4073 2255 4117 tua
2276 4104 2292 4130 ,
2320 4076 2479 4132 quam
2504 4075 2724 4116 securus
2752 4060 2818 4115 de
2841 4056 3202 4114 misericordia
3237 4056 3350 4122 Dei,
3378 4054 3500 4125 quia
3530 4062 3585 4110 et

2000 4164 2057 4211 tu
2088 4155 2507 4211 misericordiam
2538 4152 2866 4224 prterogasti.
2896 4150 3157 4204 Iudicium
3186 4149 3315 4203 enim
3344 4148 3453 4202 sine
3484 4147 3585 4201 mi-

2001 4247 2273 4304 sericordia
2295 4247 2371 4301 illi
2395 4246 2480 4318 qui
2516 4260 2616 4299 non
2641 4244 2757 4315 fecit
2782 4242 3180 4295 misericordiam
3203 4254 3222 4293 :
3246 4236 3586 4309 superexaltat

2004 4352 2190 4408 autem,
2218 4341 2409 4411 inquit,
2430 4337 2772 4393 misericordia
2790 4336 3005 4408 judicio.
3032 4333 3108 4390 Ne
3129 4333 3341 4405 putetis,
3372 4332 3583 4400 fratres,

2003 4434 2125 4505 quia
2154 4442 2278 4488 tunc
2308 4446 2413 4486 non
2442 4439 2523 4486 est
2543 4430 2749 4500 justus,
2780 4427 2993 4499 quando
3035 4426 3201 4482 nostri
3230 4426 3246 4458 ¹
3277 4425 3584 4494 miseretur,

2003 4534 2096 4580 aut
2120 4523 2321 4579 recedit
2346 4538 2375 4577 a
2399 4521 2577 4593 regula
2604 4520 2823 4591 justitim
2849 4535 2978 4574 suae.
3008 4519 3075 4573 Et
3099 4533 3217 4573 cum
3245 4517 3480 4583 damnat,
3500 4515 3590 4585 ju-

2004 4626 2120 4672 stus
2138 4624 2253 4682 est;
2284 4622 2340 4671 et
2364 4629 2485 4670 cum
2514 4612 2815 4677 miseretur,
2841 4611 3012 4681 justus
3032 4618 3131 4665 est.
3157 4607 3290 4677 Quid
3312 4608 3452 4663 cnim
3480 4615 3589 4662 tam

2001 4710 2240 4781 justum,
2292 4723 2450 4780 quam
2498 4705 2722 4762 reddere
2767 4702 3184 4759 misericordiam
3232 4697 3589 4771 praaroganti?

2007 4803 2145 4873 Quid
2172 4815 2279 4858 tam
2320 4801 2556 4871 justum,
2600 4814 2755 4869 quam
2800 4807 2859 4851 ut
2901 4797 2952 4851 in
2998 4810 3099 4865 qua
3141 4807 3389 4849 mensura
3419 4789 3589 4844 mensi

2008 4896 2234 4958 fueritis,
2263 4894 2314 4947 in
2341 4908 2402 4948 ea
2430 4892 2739 4947 remetiatur
2758 4888 2907 4943 vobis
2930 4887 3039 4960 (Id.
3068 4901 3158 4951 vn,
3187 4882 3280 4951 2)?
3310 4883 3385 4936 Da
3413 4879 3590 4951 egenti

2008 4988 2177 5044 fratri.
2206 4985 2306 5042 Cui
2349 4984 2534 5040 fratri?
2559 4983 2793 5039 Christo.
2822 4981 2879 5037 Si
2917 4993 3045 5050 ergo
3072 4977 3193 5048 quia
3222 4974 3398 5041 fratri,
3428 4972 3590 5027 Chri-

2009 5090 2127 5147 sto;
2156 5088 2211 5135 et
2234 5079 2354 5149 quia
2384 5078 2619 5143 Christo,
2650 5078 2782 5144 Deo,
2808 5074 2897 5146 qui
2923 5081 3005 5128 est
3032 5086 3191 5141 super
3213 5068 3389 5124 omnia
3421 5067 3590 5122 bene-

2009 5173 2181 5229 dictus
2211 5171 2263 5226 in
2292 5170 2483 5227 saecula
2511 5169 2686 5239 (Rom.
2724 5182 2776 5221 ιιι
2796 5206 2810 5229 ,
2851 5163 2906 5235 5)
2934 5182 2948 5218 :
2982 5163 3121 5217 Deus
3157 5173 3313 5230 egere
3341 5173 3370 5212 a
3410 5166 3461 5212 te
3493 5170 3589 5211 vo-

2010 5267 2144 5334 luit;
2177 5274 2231 5322 et
2251 5273 2305 5320 tu
2325 5277 2516 5319 manus
2536 5258 2802 5317 retrahis?
2831 5255 2991 5312 Certe
3017 5262 3072 5310 tu
3098 5250 3324 5323 porrigis
3350 5262 3588 5313 manum,

2012 5366 2066 5413 et
2093 5357 2226 5427 petis
2256 5372 2285 5411 a
2316 5356 2462 5410 Deo:
2495 5351 2618 5406 audi
2658 5349 3014 5418 Scripturam,
3056 5343 3178 5399 Non
3206 5343 3270 5396 sit
3295 5356 3476 5395 manus
3507 5347 3594 5392 tua

2014 5458 2241 5521 porrecta
2268 5447 2335 5501 ad
2372 5442 2753 5514 accipiendum,
2781 5449 2830 5495 et
2863 5439 2929 5493 ad
2958 5435 3183 5490 dandum
3208 5432 3418 5487 collecta
3465 5428 3594 5501 (Ec-

2015 5545 2102 5601 cli.
2133 5559 2209 5611 1v,
2241 5541 2353 5612 5(5).
2382 5537 2605 5608 Erogari
2634 5534 2736 5592 sibi
2761 5533 2873 5591 vult
2898 5533 3037 5589 Deus
3056 5545 3121 5586 ex
3145 5527 3236 5585 illo
3259 5522 3402 5598 quod
3426 5521 3594 5580 dedit.

2080 5748 2096 5779 ί
2123 5746 2348 5809 sicjuxta
2369 5738 2625 5792 nonnullos
2645 5738 2811 5803 proba:
2845 5741 2976 5787 nota:
3010 5739 3120 5784 Mss.
3145 5726 3317 5794 [nostri
3336 5737 3431 5778 non
3447 5721 3598 5775 mise-

2016 5809 2329 5934 ηῗὲἓειιρη
2349 5869 2401 5919 in
2420 5866 2540 5919 Psal.
2565 5878 2769 5930 mnu,
2791 5876 2875 5914 nu.
2900 5862 2951 5925 8,
2977 5861 3053 5912 Η.
