4038 6518
492 434 634 499 1923

494 549 635 617 Quid
664 546 805 604 enim
830 546 926 601 das
949 538 1093 615 quod
1124 540 1212 596 ille
1242 553 1347 595 non
1373 537 1554 594 dedit?
1580 536 1707 608 quid
1733 537 1872 593 enim
1901 535 2064 591 habes

496 644 636 715 quod
660 658 763 697 non
784 637 1031 710 accepisti
1063 634 1105 711 (l
1128 634 1243 690 Cor.
1272 649 1349 701 tv,
1379 632 1431 703 7)
1452 633 1474 685 ?
1494 632 1600 685 Aut
1622 645 1764 695 vero,
1793 644 1897 684 non
1922 626 2063 693 dico,

494 737 637 799 Deo,
669 734 761 789 sed
788 732 1006 787 cuilibet
1046 728 1114 784 de
1145 738 1234 783 tuo
1261 726 1354 781 das
1392 724 1624 794 aliquid?
1662 723 1737 777 De
1763 721 1904 775 illius
1931 720 2027 773 das
2047 759 2062 785 ,

494 829 584 900 qui
606 827 760 897 jubet
790 833 846 878 ut
872 824 985 880 des.
1016 822 1346 891 Praerogator
1370 827 1505 883 esto,
1538 830 1641 871 non
1685 815 1915 869 invasor.
1945 812 2068 866 Haec

495 933 622 990 ergo
652 918 871 982 faciens,
903 924 956 971 et
984 916 1026 970 si
1060 915 1197 968 bona
1228 911 1524 966 humilitate
1553 907 1684 963 dicis
1709 907 1777 962 de
1806 906 1896 960 illo
1926 904 2062 969 oleo,

496 1008 580 1063 Ne
620 1012 747 1080 forte
774 1024 873 1061 non
898 1006 1109 1075 sufﬁciat
1148 1004 1322 1068 nobis,
1354 1002 1517 1056 intras
1544 1009 1596 1054 et
1625 998 1903 1054 clauditur.
1932 995 2067 1050 Audi

494 1100 806 1171 Apostolum
829 1098 929 1153 hoc
953 1098 1215 1151 dicentem
1244 1113 1257 1148 :
1287 1093 1419 1146 Mihi
1447 1100 1611 1144 autent
1638 1090 1900 1143 minimum
1927 1095 2071 1141 estut

495 1208 527 1245 a
550 1190 683 1243 vobis
713 1189 962 1259 dijudicer
993 1185 1182 1254 (Ibid.,
1217 1184 1295 1252 5).
1324 1181 1552 1250 Quando
1578 1180 1719 1235 enim
1752 1176 1969 1249 potestis
1991 1175 2070 1231 di-

491 1280 731 1351 judicare
756 1277 1135 1333 conscientiam
1170 1274 1381 1328 meam?
1408 1270 1618 1341 quando
1645 1269 1946 1324 examinare
1968 1280 2071 1336 quo

494 1372 673 1427 animo
701 1369 855 1432 facio,
884 1366 1138 1438 quidquid
1166 1363 1337 1420 facio?
1365 1372 1616 1434 quantum
1646 1367 1865 1429 possunt
1894 1357 2071 1412 homi-

494 1479 594 1521 nes
623 1464 691 1520 de
732 1463 837 1517 alio
862 1460 1138 1532 judicare?
1170 1458 1296 1513 Plus
1340 1460 1497 1509 homo
1526 1454 1705 1523 utique
1731 1451 1846 1521 ipsc
1880 1450 1945 1504 de
1983 1464 2068 1515 se;

495 1554 591 1612 sed
618 1555 757 1609 Deus
784 1553 904 1623 plus
930 1552 996 1606 de
1024 1551 1259 1617 homine,
1292 1561 1449 1618 quam
1476 1545 1635 1600 homo
1663 1544 1728 1597 de
1756 1557 1833 1597 se.
1868 1542 2005 1610 Ergo
2027 1540 2072 1595 si

494 1648 616 1707 talis
644 1647 830 1713 fueris,
865 1644 1122 1708 intrabis;
1152 1644 1202 1697 in
1226 1642 1456 1711 quinque
1481 1638 1582 1692 illis
1611 1636 1900 1706 virginibus
1927 1634 2032 1689 eris
2057 1652 2071 1689 :

492 1748 703 1797 cauerat
732 1739 886 1793 fatuae
914 1736 1279 1793 excludentur.
1309 1732 1437 1786 Nam
1480 1730 1581 1785 hoc
1610 1729 1772 1783 habes
1801 1728 1856 1782 in
1886 1726 2064 1781 Evan-

495 1830 659 1902 gelio,
705 1829 993 1884 Claudetur
1035 1828 1263 1887 ostium,
1308 1832 1361 1878 et
1405 1823 1620 1876 stabunt
1646 1829 1699 1875 et
1740 1820 2072 1886 clamabunt,

494 1923 651 1993 Aperi
680 1923 856 1987 nobis;
886 1931 939 1975 et
982 1935 1084 1974 non
1126 1917 1428 1987 aperietur:
1472 1911 1721 1981 Quoniam
1762 1910 2076 1980 conﬁrmavit

495 2024 653 2071 vectes
674 2024 935 2085 portarum
955 2020 1173 2065 tuarum.
1195 2008 1541 2078 Conﬁrmavit,
1566 2006 1754 2076 inquit,
1779 2013 1935 2059 vectes
1958 2019 2076 2073 por-

497 2116 664 2162 tarum
706 2116 945 2159 tuarum:
974 2116 1160 2158 secura
1191 2110 1306 2167 sta,
1357 2114 1543 2155 secura
1587 2097 1774 2160 lauda,
1814 2096 1930 2151 sine
1972 2094 2075 2149 ﬁne

495 2196 671 2255 lauda.
703 2196 934 2251 Fortiter
961 2195 1155 2249 clausae
1186 2200 1309 2247 sunt
1336 2200 1501 2262 portae
1527 2200 1664 2254 tute;
1693 2204 1795 2243 non
1826 2188 1933 2243 exit
1952 2186 2076 2241 ami-

492 2302 611 2354 cus,
634 2304 740 2343 non
772 2287 933 2343 intrat
961 2284 1206 2341 inimicus
1231 2302 1244 2339 :
1276 2281 1605 2353 Conﬁrmavit
1632 2290 1790 2334 vectes
1815 2287 2076 2350 portarum

490 2387 716 2435 tuarum.

494 2476 500 2483 '
566 2474 655 2528 14.
688 2470 954 2524 Benedixit
982 2470 1114 2536 ﬁlios
1145 2477 1252 2521 tuos
1297 2466 1353 2518 in
1383 2472 1449 2519 te.
1478 2462 1594 2518 Non
1622 2468 1879 2531 vagantur
1912 2458 2073 2526 foris,

481 2544 595 2618 non
624 2554 1065 2625 peregrinantur;
1096 2548 1241 2603 intus
1266 2545 1513 2617 gaudent,
1549 2545 1693 2601 intus
1720 2541 1959 2606 laudant,
1987 2540 2071 2594 in-

484 2653 575 2703 tus
600 2642 985 2699 benedicuntur
1007 2641 1056 2705 1;
1090 2639 1232 2693 intus
1270 2652 1375 2692 non
1419 2638 1756 2707 parturiunt,
1807 2632 1929 2703 quia
1958 2629 2069 2700 jam

488 2735 755 2793 neminem
798 2733 1027 2803 pariunt.
1062 2730 1182 2785 Filii
1228 2736 1384 2795 sunt,
1428 2727 1596 2782 sancti
1642 2732 1765 2781 sunt
1801 2742 1813 2778 :
1848 2723 1933 2778 isti
1979 2721 2070 2776 ﬁlii

487 2828 654 2886 sancti
682 2827 789 2897 jam
835 2824 1110 2879 laudantes
1138 2830 1192 2877 et
1214 2821 1536 2892 gaudentes,
1580 2817 1823 2888 parturiti
1851 2824 1905 2871 et
1934 2814 2069 2885 parti

485 2928 610 2977 sunt
636 2927 804 2972 matre
824 2916 1104 2980 charitate,
1129 2912 1319 2967 inclusi
1343 2920 1467 2966 sunt
1488 2910 1766 2979 colligente
1787 2907 2065 2963 charitate.

486 3009 624 3065 Audi
669 3010 986 3063 charhatem
1039 3004 1417 3075 parturientem
1464 3002 1628 3056 illos:
1675 3014 1775 3070 qua
1820 2998 2069 3069 prmditus

485 3104 681 3160 Paulus
709 3102 977 3172 apostolus
996 3142 1009 3166 ,
1059 3114 1162 3153 non
1192 3096 1361 3153 solum
1394 3103 1703 3166 paternum,
1732 3091 1825 3148 sed
1869 3100 1923 3148 et
1954 3106 2068 3145 ma-

485 3204 696 3252 ternum
728 3209 820 3249 cor
845 3207 1037 3262 gerens
1061 3193 1080 3223 ³
1108 3192 1160 3244 111
1190 3190 1328 3244 ﬁlios
1347 3230 1362 3255 ,
1398 3186 1520 3241 Filii
1549 3187 1673 3250 mei,
1708 3184 1908 3256 inquit,
1944 3200 2069 3255 quos

483 3287 665 3343 iterum
694 3286 920 3356 parturio
950 3283 1088 3355 (Gal.
1136 3298 1207 3347 IV,
1237 3280 1350 3352 19).
1377 3280 1510 3334 Cum
1538 3279 1733 3334 Paulus
1760 3293 1852 3334 eos
1885 3287 2067 3348 partu-

482 3382 674 3447 riebat,
704 3380 936 3434 charitas
965 3375 1324 3447 parturiebat;
1355 3388 1473 3429 cum
1502 3372 1735 3428 charitas
1762 3386 1856 3426 eos
1886 3377 2066 3440 partu-

481 3474 654 3531 ﬂebat
674 3515 688 3540 ,
736 3474 827 3527 Dei
857 3470 1086 3540 Spiritus
1129 3467 1454 3540 parturiebat
1485 3484 1497 3519 :
1529 3465 1758 3519 charitas
1789 3464 1930 3518 enim
1973 3462 2066 3517 Dei

482 3564 670 3621 diﬁ‘usa
696 3575 777 3619 est
804 3565 852 3617 in
894 3562 1142 3617 cordibus
1172 3560 1365 3615 nostris
1392 3574 1487 3628 per
1512 3558 1762 3626 Spiritum
1792 3565 2063 3622 sanctum,

481 3658 571 3729 qui
602 3657 756 3711 datus
784 3666 865 3710 est
911 3655 1061 3709 nobis
1093 3652 1265 3725 (Rom.
1297 3665 1350 3715 v,
1385 3649 1463 3720 6).
1495 3644 1633 3719 Ergo
1676 3649 1889 3718 colligat
1931 3662 2066 3717 quos

483 3749 762 3821 parturivit
787 3756 839 3802 et
870 3747 1091 3817 peperit.
1132 3743 1287 3799 Modo
1307 3742 1415 3812 jam
1440 3744 1583 3796 intus
1604 3741 1698 3795 ﬁlii
1720 3749 1863 3808 sunt,
1892 3740 2066 3795 securi

483 3848 612 3897 sunt
636 3858 649 3894 :
678 3839 925 3893 velarunt
948 3837 1014 3892 de
1043 3836 1167 3890 nido
1193 3833 1420 3899 timoris,
1451 3833 1693 3886 velarunt
1720 3833 1774 3886 in
1804 3832 2063 3899 caelestia,

483 3933 734 3989 Volarunt
764 3934 815 3987 in
847 3940 1043 3986 mterna
1066 3947 1079 3993 ;
1106 3930 1216 3998 jam
1247 3927 1380 3982 nihil
1412 3933 1655 3981 metuunt
1676 3925 1991 3995 temporale.

554 4022 641 4080 15.
674 4022 823 4096 [vers.
857 4021 969 4095 14.]
999 4020 1263 4076 Benedixit
1291 4020 1423 4088 ﬁlios
1454 4027 1561 4071 tuos
1592 4019 1643 4071 in
1675 4028 1737 4071 te.
1768 4018 1935 4085 Quis?
1966 4017 2067 4082 Qui

474 4116 650 4188 posuit
671 4116 794 4185 ﬁnes
820 4124 931 4168 tuos
954 4128 1145 4182 pacem.
1171 4108 1447 4178 Quomodo
1473 4107 1782 4163 cxsultastis
1802 4123 1988 4164 omnes
2011 4107 2065 4161 3'?

484 4203 633 4266 lianc
657 4216 850 4273 amate,
880 4206 1068 4261 fratres
1092 4204 1213 4259 mei.
1238 4203 1459 4258 Multum
1483 4201 1831 4266 delectamur,
1854 4201 2065 4272 quando

483 4302 679 4359 clamat
707 4300 773 4354 de
811 4298 1058 4353 cordibus
1102 4296 1295 4352 vestris
1324 4296 1465 4366 pacis
1508 4295 1742 4350 dilectio.
1788 4294 2065 4363 Quomodo

484 4408 578 4450 vos
599 4390 913 4449 delectavit?
934 4390 1075 4445 Nihil
1099 4390 1358 4455 dixeram,
1385 4389 1513 4445 nihil
1539 4403 1888 4458 exposueram
1909 4405 1922 4454 ;
1953 4404 2067 4444 ver-

484 4502 600 4543 Stlm
634 4482 1005 4553 pronuntiavi,
1042 4490 1095 4536 et
1125 4481 1481 4536 exclamastis.
1511 4480 1646 4547 Quid
1690 4480 1754 4535 de
1780 4479 1930 4535 vobis
1958 4480 2064 4534 cla-

483 4575 688 4631 mavit?
731 4574 957 4627 Dilectio
1006 4574 1169 4643 pacis.
1202 4573 1337 4638 Quid
1377 4572 1582 4628 ostendi
1632 4573 1797 4626 oculis
1837 4573 2065 4626 vestris?

488 4664 640 4721 Unde
671 4663 909 4718 clamatis
930 4703 944 4727 ,
977 4664 1020 4716 si
1062 4678 1166 4717 non
1199 4663 1421 4716 amatis?
1463 4661 1602 4716 unde
1631 4664 1818 4716 amatis
1839 4703 1853 4727 ,
1887 4663 1929 4715 si
1961 4678 2063 4717 non

484 4743 716 4813 videtis?
746 4755 1026 4811 invisibili.
1066 4762 1150 4811 est
1176 4769 1296 4823 pax.
1330 4754 1457 4820 Quis
1485 4762 1565 4807 est
1608 4752 1790 4807 oculus
1819 4768 1924 4822 quo
1954 4754 2063 4807 visa

485 4858 588 4919 est,
613 4859 670 4905 ut
692 4849 991 4904 amaretur?
1012 4848 1193 4918 Neque
1214 4846 1353 4900 enim
1376 4845 1775 4909 acclamaretur,
1800 4847 1899 4900 nisi
1923 4862 2066 4902 ama-

483 4953 651 5002 retur.
690 4942 815 4998 Hrcc
839 4951 959 4995 sunt
991 4938 1289 5010 spectacula
1321 4953 1438 5009 qua:
1465 4937 1678 4992 exhibet
1705 4938 1842 4993 Deus
1888 4955 2063 4993 rerum

485 5035 848 5092 invisibilium.
883 5032 1089 5098 Quanta
1140 5028 1528 5099 pulchritudine
1575 5029 1872 5089 intellectus
1919 5031 2064 5099 pacis

485 5128 647 5185 corda
668 5135 841 5182 vestra
870 5125 1166 5196 percussit?
1194 5122 1326 5189 Quid
1346 5124 1454 5192 jam
1483 5137 1579 5191 ego
1606 5122 1793 5193 loquar
1821 5122 1887 5177 de
1911 5138 2060 5193 pace,

484 5230 573 5277 aut
599 5219 665 5273 de
693 5218 845 5273 laude
872 5217 1055 5287 pacis?
1085 5215 1346 5271 Praevenit
1368 5213 1542 5269 omnia
1570 5215 1729 5267 verba
1753 5230 1867 5268 mea
1892 5222 2066 5268 vester

484 5310 743 5365 aliectus:
778 5323 885 5363 non
914 5307 1108 5377 impleo
1130 5306 1182 5372 ις
1220 5321 1323 5360 11011
1356 5319 1567 5375 possum
1591 5347 1605 5370 ,
1653 5304 1892 5359 inﬁrmus
1923 5321 2062 5360 sum.

487 5403 805 5458 Diﬁ‘eramus
833 5415 1021 5457 omnes
1047 5398 1232 5454 laudes
1256 5398 1401 5467 pacis
1440 5397 1505 5451 ad
1534 5396 1677 5450 illam
1719 5396 1938 5466 patriam
1972 5413 2065 5468 pa-

485 5495 581 5550 cis.
613 5485 690 5549 lbi
714 5504 832 5550 eam
862 5493 1071 5564 plenius
1098 5489 1448 5553 laudabimus,
1486 5489 1571 5543 ubi
1598 5504 1714 5544 eam
1743 5488 1947 5559 plenius
1974 5490 2066 5544 ha-

486 5584 749 5641 bebimus.
782 5582 1084 5639 inchoatam
1122 5582 1174 5635 in
1206 5580 1359 5635 nobis
1396 5579 1438 5633 si
1470 5579 1547 5634 sic
1572 5594 1848 5646 amamus,
1888 5579 2063 5647 perfe-

555 5722 573 5754 ι
603 5720 675 5768 sic
698 5724 795 5767 Am.
822 5726 874 5769 et
895 5725 1000 5768 Mss.
1024 5725 1078 5766 At
1104 5722 1178 5764 Er.
1205 5722 1259 5764 et
1278 5720 1410 5773 hom,
1434 5710 1734 5762 benedicunt.

552 5784 570 5813 ¹
589 5783 664 5834 sic
684 5788 786 5829 Mss.
804 5780 915 5827 add.
929 5792 1064 5831 vero.
1090 5786 1135 5827 et
1158 5782 1425 5825 maternum
1446 5786 1658 5826 amorem
1680 5785 1957 5838 congerens,
1969 5781 2064 5827 etc.

554 5845 572 5875 ε
616 5842 793 5904 Aliquot
817 5848 923 5889 Mss.
949 5843 1191 5904 omittunt,
1214 5850 1391 5904 omnes.

555 5906 575 5937 ⁵
596 5898 741 5965 Lugd.
765 5912 883 5950 \‘cn.
906 5910 957 5951 et
978 5910 1105 5961 I.ov.,
1124 5898 1341 5962 implebo.
1439 5905 1493 5947 tt.

1724 424 1781 480 S.
1812 417 2171 481 AUGUSTINI
2209 419 2510 477 EPISCOPI

2172 542 2310 590 ctam
2337 532 2600 606 quomodo
2625 529 2991 592 laudabimus?
3018 534 3157 593 Ecce
3181 536 3283 593 hoc
3303 536 3448 609 dico,
3474 553 3509 597 0
3528 540 3627 598 ﬁlii
3655 545 3743 601 di-

2168 627 2289 683 lecti
2319 631 2359 696 ί,
2389 644 2422 683 o
2444 630 2535 685 ﬁlii
2562 629 2749 699 regni,
2792 645 2825 685 ο
2848 630 2992 686 cives
3018 630 3316 691 Jerusalem
3337 672 3355 698 ,
3396 636 3646 704 quoniam
3688 639 3743 695 in

2167 721 2457 777 Jerusalem
2490 723 2625 777 visio
2653 724 2797 793 pacis
2840 732 2952 789 est;
2999 733 3057 778 et
3080 738 3271 781 omnes
3307 725 3398 796 qui
3440 739 3624 782 amant
3652 744 3745 799 pa-

2168 828 2319 880 cem,
2348 815 2729 871 benedicuntur
2758 816 2809 869 in
2854 830 2949 882 ea,
2990 826 3042 870 et
3069 815 3169 888 ipsi
3210 815 3408 872 intrant
3430 833 3553 875 cum
3591 821 3746 877 clau-

2172 905 2369 960 duntur
2396 914 2589 975 portae,
2634 916 2689 961 et
2730 905 3007 961 ﬁrmantur
3038 915 3238 962 vectes.
3271 908 3417 965 lianc
3445 925 3604 981 quam
3644 928 3744 968 no-

2171 1005 2422 1059 minatam
2471 1006 2546 1059 sic
2593 1008 2781 1061 amatis
2826 1016 2881 1061 et
2921 1007 3165 1077 diligitis,
3214 1007 3384 1078 ipsam
3424 1007 3744 1076 sectamini,

2172 1096 2338 1165 ipsam
2366 1097 2693 1164 desiderate;
2742 1100 2909 1169 ipsam
2934 1101 2986 1154 in
3016 1100 3197 1168 domo,
3226 1100 3394 1171 ipsam
3422 1104 3474 1156 in
3500 1103 3744 1172 negotio,

2174 1186 2341 1257 ipsam
2380 1188 2433 1242 in
2461 1190 2743 1257 uxoribus,
2787 1191 2954 1259 ipsam
2995 1192 3047 1246 in
3072 1190 3230 1259 ﬁliis,
3260 1192 3427 1262 ipsam
3455 1192 3509 1248 in
3537 1192 3746 1260 servis,

2174 1277 2342 1347 ipsam
2365 1278 2418 1333 in
2445 1282 2651 1345 amicis,
2684 1281 2852 1349 ipsam
2878 1281 2930 1334 in
2957 1281 3182 1337 inimicis
3204 1281 3425 1352 diligite.

2248 1370 2334 1424 16.
2369 1370 2481 1441 Ipsa
2510 1381 2590 1427 est
2627 1387 2729 1441 pax
2759 1388 2914 1442 quam
2944 1389 3049 1427 non
3094 1374 3291 1429 habent
3320 1373 3579 1429 breretici.
3608 1374 3746 1442 Quid

2178 1462 2286 1531 agit
2305 1477 2406 1531 pax
2428 1463 2479 1516 in
2511 1462 2667 1532 hujus
2682 1463 2854 1518 adhuc
2885 1464 3118 1534 regionis
3143 1464 3379 1528 incertis,
3412 1464 3464 1517 in
3492 1465 3593 1518 ista
3620 1480 3746 1534 per-

2176 1555 2507 1625 egrinatione
2547 1556 2882 1611 mortalitatis
2922 1567 3152 1622 nostrai;
3202 1572 3321 1612 cum
3362 1557 3535 1613 adhuc
3592 1572 3746 1612 nemo

2177 1654 2261 1702 est
2295 1648 2445 1701 alteri
2480 1648 2814 1716 conspicuus,
2855 1663 3013 1703 nemo
3050 1647 3194 1704 videt
3217 1663 3311 1702 cor
3335 1648 3595 1703 alterius?
3624 1648 3744 1717 quid

2175 1736 2281 1807 agit
2303 1738 2445 1807 pax?
2468 1738 2541 1793 De
2568 1738 2787 1794 incertis
2813 1754 2917 1793 non
2942 1738 3162 1808 iudicat,
3192 1739 3455 1810 incognita
3486 1753 3593 1793 non
3623 1753 3747 1793 con-

2178 1829 2387 1894 ﬁrmat;
2415 1830 2698 1900 proclivior
2717 1838 2799 1885 est
2822 1831 2887 1884 ad
2912 1831 3044 1885 bene
3065 1830 3389 1885 credendum
3413 1830 3481 1884 de
3508 1829 3745 1894 homine,

2177 1935 2334 1989 quam
2374 1919 2441 1974 ad
2483 1920 2621 1975 male
2660 1920 3058 1989 suspicandum.
3094 1920 3208 1975 Non
3236 1935 3295 1974 se
3339 1919 3564 1973 multum
3605 1918 3747 1973 dolet

2177 2028 2392 2078 errare,
2420 2028 2538 2067 cum
2584 2013 2720 2068 bene
2752 2013 2920 2067 credit
2943 2013 3102 2068 etiam
3145 2012 3212 2066 de
3248 2012 3421 2077 malo;
3450 2011 3749 2081 perniciose

2176 2112 2375 2170 autem,
2405 2118 2522 2157 cum
2554 2103 2691 2158 male
2719 2104 2879 2158 sentit
2907 2102 3043 2158 forte
3069 2102 3135 2157 de
3161 2103 3318 2157 bono.
3347 2101 3539 2157 Nescio
3574 2101 3744 2172 qualis

2178 2198 2283 2253 sit‘
2309 2215 2321 2250 :
2351 2197 2477 2267 quid
2506 2197 2691 2266 perdo,
2723 2197 2765 2252 si
2792 2196 2952 2251 credo
2986 2196 3108 2265 quia
3147 2195 3315 2250 bonus
3340 2195 3458 2250 est?
3486 2194 3541 2249 Si
3573 2195 3749 2248 incer-

2179 2295 2291 2343 tum
2319 2297 2422 2355 est,
2453 2289 2575 2343 licet
2601 2299 2656 2343 ut
2683 2304 2892 2355 caveas,
2924 2302 2991 2342 ne
3024 2286 3162 2341 forte
3196 2301 3377 2341 verum
3405 2286 3502 2351 sit;
3529 2301 3636 2339 non
3670 2294 3746 2337 ta-

2180 2394 2303 2435 men
2347 2379 2588 2443 damues,
2638 2389 2883 2449 tanquam
2924 2393 3105 2433 verum
3156 2378 3245 2432 sit.
3280 2377 3391 2431 Hoc
3438 2391 3535 2445 pax
3578 2375 3745 2445 jubet.

2183 2472 2365 2538 Quaere
2394 2489 2593 2540 pacem,
2625 2473 2726 2529 ait.
2754 2482 2798 2526 et
2819 2488 3020 2541 sequere
3062 2486 3169 2524 eam
3195 2468 3367 2533 (Psal.
3406 2482 3604 2534 xxxm,
3636 2466 3748 2537 15).

2176 2557 2406 2613 Heresis
2445 2559 2573 2627 quid
2623 2557 2837 2612 monet?
2880 2558 3103 2612 Damnat
3152 2557 3483 2629 meognitos,
3539 2557 3754 2611 damnat

2176 2656 2343 2702 totum
2384 2646 2679 2702 mundum:
2726 2647 2890 2702 Periit
2941 2655 3085 2702 totus
3130 2646 3396 2715 mundus,
3443 2646 3625 2702 nullus
3675 2655 3755 2701 est

2171 2740 2539 2809 Christianus,
2570 2740 2747 2796 Africa
2773 2742 3046 2797 remansit.
3080 2740 3223 2796 Bene
3243 2740 3515 2811 indicasti.
3546 2740 3627 2795 De
3650 2754 3754 2811 quo

2174 2834 2422 2889 tribunali
2466 2834 2597 2888 dicis
2624 2843 2678 2889 tu
2712 2833 3028 2889 sententiam
3059 2833 3111 2887 in
3152 2834 3337 2888 orbem
3367 2832 3672 2887 terrarum?
3702 2832 3752 2886 in

2172 2943 2278 2998 quo
2305 2928 2418 2983 foro
2446 2937 2569 2983 ante
2597 2939 2648 2982 te
2677 2927 2907 2982 mundus
2926 2926 3110 2982 stetit?
3136 2925 3272 2980 Nolo
3302 2925 3434 2980 mibi
3464 2925 3747 2989 credatur,

2170 3021 2266 3077 sed
2296 3034 2393 3075 nec
2424 3020 2553 3075 tibi:
2581 3021 2793 3075 Christo
2822 3019 3091 3083 credatur,
3123 3018 3340 3088 Spiritui
3380 3018 3473 3073 Dei
3498 3033 3591 3087 per
3618 3017 3749 3073 Pro-

2170 3112 2359 3184 phetas
2403 3113 2681 3178 credatur,
2734 3112 2858 3182 Legi
2899 3111 3065 3183 Moysi
3107 3111 3375 3167 credatur.
3432 3109 3569 3177 Quid
3621 3110 3752 3165 dixit

2173 3205 2381 3277 Moyses
2409 3205 2476 3260 de
2505 3203 2693 3259 iuturis
2722 3204 2807 3260 his
2834 3204 3197 3273 temporibus?
3228 3203 3307 3258 Ad
3351 3203 3626 3258 Abraham
3674 3201 3752 3257 di-

2169 3308 2314 3354 ctum
2341 3308 2421 3354 est
2454 3318 2465 3352 :
2496 3297 2563 3352 In
2603 3300 2789 3353 semine
2835 3308 2919 3353 tuo
2964 3298 3313 3353 benedicentur
3364 3314 3535 3353 ontnes
3583 3306 3751 3369 gentes

2170 3390 2323 3463 (Gen.
2354 3406 2482 3455 xxu,
2512 3390 2621 3461 18).
2668 3391 2749 3445 An
2772 3390 2982 3445 dubitas
3016 3390 3141 3459 quid
3181 3391 3251 3445 sit
3275 3405 3458 3446 semen
3485 3390 3749 3445 Abrabze?

2170 3484 2306 3539 Puto
2334 3486 2455 3555 quia
2485 3501 2603 3539 cum
2632 3486 2920 3555 Apostolus
2943 3485 3158 3549 dixerit,
3185 3500 3292 3539 non
3321 3484 3591 3539 dubitabis
3616 3502 3630 3539 :
3660 3494 3749 3539 aut

2167 3576 2213 3631 si
2240 3576 2380 3631 etde
2418 3576 2671 3645 Apostolo
2698 3576 2982 3641 dubitabis,
3019 3591 3204 3645 quare,
3230 3576 3363 3643 Pax,
3390 3591 3525 3646 pax;
3562 3586 3617 3631 et
3644 3590 3746 3631 non

2168 3675 2251 3722 est
2273 3684 2373 3738 pax
2396 3666 2607 3737 (Jerem.
2632 3684 2703 3731 vl,
2729 3666 2858 3739 11)?
2877 3666 3011 3734 Quid
3034 3666 3162 3722 dicit
3185 3667 3506 3737 Apostolus?
3529 3668 3749 3723 Abs-alta

2168 3761 2317 3813 dicta:
2330 3768 2444 3813 sunt
2463 3758 2837 3830 promissiones,
2858 3768 2903 3812 et
2919 3759 3097 3813 semini
3116 3759 3243 3828 ejus.
3266 3757 3388 3813 Non
3403 3758 3545 3823 dicit,
3565 3756 3635 3812 Et
3669 3774 3749 3813 se-

2167 3854 2401 3920 minibus,
2416 3862 2653 3924 tanquam
2672 3854 2724 3906 in
2740 3852 2931 3918 multis;
2948 3853 3036 3905 sed
3048 3861 3284 3920 tanquam
3303 3852 3353 3904 in
3365 3849 3559 3917 uno,Et
3573 3852 3749 3905 semitas

2166 3954 2273 4007 tuo,
2304 3945 2436 4013 quod
2454 3954 2525 3999 est
2546 3943 2773 3998 Christus
2792 3941 2988 4013 (Gulat.
3008 3958 3085 4008 tu,
3113 3942 3221 4013 16).
3250 3943 3388 3997 Ecce
3408 3952 3532 3998 ante
3577 3942 3747 3998 millia

2166 4050 2426 4089 annorum
2453 4036 2652 4091 dictum
2693 4044 2775 4090 est
2804 4034 3063 4101 Abralue,
3095 4032 3161 4088 In
3201 4035 3388 4089 semine
3428 4044 3515 4088 tuo
3543 4033 3747 4089 benedi-

2164 4137 2341 4181 centur
2361 4144 2529 4182 omnes
2545 4136 2714 4198 gentes
2736 4143 2753 4180 :
2779 4126 2917 4197 quod
2940 4134 3062 4181 ante
3080 4125 3245 4181 millia
3262 4140 3524 4181 annorum
3551 4125 3747 4181 dictum

2166 4230 2269 4286 est,
2287 4229 2340 4274 et
2358 4220 2424 4273 ab
2450 4234 2553 4273 uno
2575 4220 2857 4285 creditum,
2883 4218 3040 4273 modo
3058 4218 3167 4287 jam
3185 4218 3426 4273 videmus
3448 4218 3742 4286 impletum.

2166 4311 2280 4367 Hac
2316 4313 2573 4382 legimus,
2606 4312 2706 4367 hac
2761 4313 3046 4379 intuemur,
3073 4319 3128 4366 et
3153 4320 3209 4365 tu
3246 4311 3451 4366 resistis
3485 4310 3554 4366 de
3578 4322 3745 4366 trans-

2169 4420 2322 4461 verso
2343 4406 2593 4460 veniens?
2609 4406 2742 4473 Quid
2768 4405 3039 4460 dicturus?
3060 4404 3175 4459 Noli
3199 4404 3440 4459 credere.
3468 4402 3593 4458 Cui?
3626 4404 3746 4473 Spi-

2168 4499 2289 4552 ritui
2326 4499 2455 4551 Dei?
2485 4499 2594 4552 Deo
2638 4498 2869 4566 loquenti
2911 4498 2976 4551 ad
3008 4496 3312 4552 Abraham?
3343 4497 3410 4552 Et
3437 4498 3523 4552 cui
3548 4496 3745 4552 credo?

2170 4588 2328 4643 Tibi?
2378 4588 2490 4643 Non
2543 4589 2642 4643 hoc
2691 4589 2826 4653 dico,
2862 4592 3085 4659 inquies.
3125 4589 3239 4644 Non
3286 4590 3388 4645 hoc
3432 4590 3608 4645 dicis?
3643 4605 3743 4645 non

2165 4680 2336 4735 dicis:
2369 4680 2490 4734 Mihi
2525 4683 2697 4750 potius
2735 4682 2922 4746 crede,
2965 4697 3122 4752 quam
3165 4681 3385 4753 Spiritui
3421 4682 3512 4736 Dei
3555 4690 3610 4737 et
3641 4683 3741 4737 Dec

2166 4774 2400 4843 loquenti
2432 4774 2496 4828 ad
2526 4776 2831 4830 Abraham?
2858 4775 2991 4841 Quid
3016 4790 3143 4845 ergo
3170 4775 3298 4829 mihi
3325 4776 3494 4830 dicis?
3516 4776 3611 4831 Ille
3638 4786 3741 4831 tra-

2168 4866 2318 4931 didit,
2349 4875 2400 4920 et
2429 4867 2516 4921 ille
2549 4868 2781 4921 tradidit.
2817 4868 2889 4923 De
2935 4868 3226 4937 Evangelio
3264 4868 3463 4922 recitas
3506 4867 3627 4934 hoc,
3680 4867 3745 4923 de

2170 4959 2445 5026 Apostolo,
2479 4958 2547 5013 de
2590 4958 2908 5028 Prophetis?
2936 4958 3150 5015 Discute
3177 4974 3364 5015 omnes
3407 4959 3708 5028 Scripturas
3727 4998 3742 5025 ,

2168 5050 2284 5119 lege
2302 5051 2429 5104 mihi
2448 5050 2549 5105 hoc
2565 5068 2625 5105 ex
2645 5053 2723 5107 eis
2740 5052 2933 5122 quibus
2945 5053 3107 5108 credo
3126 5069 3140 5119 ;
3162 5053 3251 5108 tibi
3274 5054 3537 5109 enimnon
3560 5055 3739 5109 credo.

2172 5142 2319 5198 Unde
2365 5144 2596 5199 lecturus
2636 5144 2729 5200 cs?
2779 5145 2889 5200 Hoc
2936 5145 3065 5200 mihi
3109 5153 3260 5217 pater
3300 5160 3470 5213 meus,
3509 5147 3604 5213 ait,
3646 5146 3746 5202 hoc

2169 5235 2297 5290 mihi
2327 5251 2453 5291 avus
2478 5252 2646 5302 meus,
2681 5237 2781 5292 hoc
2812 5238 2938 5291 mihi
2959 5237 3121 5293 frater
3148 5253 3317 5303 meus,
3341 5238 3444 5294 hoc
3470 5238 3600 5293 mihi
3626 5242 3741 5309 epi-

2169 5344 2361 5400 scopus
2390 5346 2560 5386 meus.
2593 5330 2698 5387 Sed
2734 5332 2834 5387 hoc
2860 5331 3088 5387 Abrahae
3132 5332 3313 5387 Deus:
3349 5331 3415 5386 In
3454 5334 3643 5388 semine
3661 5342 3747 5397 tuo

2168 5422 2519 5479 benedicentur
2539 5440 2709 5479 omnes
2728 5434 2915 5496 gentes.
2942 5426 3101 5480 Audit
3121 5440 3257 5480 unus
3278 5425 3438 5480 homo
3481 5435 3536 5480 et
3557 5425 3741 5490 credit,

2169 5528 2223 5575 et
2250 5518 2307 5573 ﬁt
2334 5520 2385 5573 in
2430 5517 2609 5573 multis
2647 5529 2766 5589 post
2797 5520 2960 5573 multa
2990 5528 3253 5589 tempora.
3286 5518 3511 5588 Quando
3548 5518 3745 5574 dictum

2169 5622 2281 5681 est,
2311 5612 2585 5669 creditur:
2618 5612 2828 5683 quando
2856 5614 3129 5684 impletum
3165 5623 3277 5681 est,
3307 5613 3617 5670 dubitatur?
3642 5612 3747 5668 Hoc

2235 5771 2255 5804 ί
2281 5768 2469 5833 Aliquot
2487 5776 2616 5830 Mss,
2634 5769 2916 5821 dilectionis.

2237 5833 2258 5865 1
2283 5840 2345 5865 Im
2371 5832 2591 5865 ultu-imm
2614 5841 2702 5865 nec
2752 5842 2793 5865 ιι
2823 5833 2914 5865 mhi
3003 5832 3181 5865 τωο-ηερί

2282 5832 2593 5906 tta_pl_eriqu_e
2614 5841 2720 5906 μεθ,
2746 5842 2801 5883 At
2823 5833 2955 5906 add,
2996 5832 3265 5906 Perniciosa
3305 5840 3480 5895 autent,
3501 5847 3613 5885 cum
3633 5833 3749 5884 male

2176 5893 2382 5947 senserit
2396 5893 2595 5959 forte'de
2618 5896 2735 5947 bono
2770 5895 2982 5949 nesciens
3002 5893 3157 5954 quatis
3180 5895 3255 5946 sit.
3469 5893 3475 5895 ’
3554 5920 3555 5923 η
