4038 6464
280 432 424 496 ῑ935

250 524 253 525 ν
285 563 414 620 ergo
455 543 590 602 dixit
633 539 874 614 Moyses,
905 530 1085 594 dicant
1123 542 1175 590 et
1209 531 1510 603 Prophetae.
1539 528 1672 583 Vide
1702 540 1868 620 eom-

283 619 544 699 mercium
573 634 856 704 emptionis
888 640 1103 686 nostrte.
1130 628 1370 683 Christus
1399 623 1598 694 pendet
1618 620 1670 675 in
1693 619 1866 690 ligno;

282 731 404 787 vide
435 737 636 799 quanto
664 724 812 786 emit,
843 723 992 778 etsic
1023 719 1227 776 videbis
1255 715 1379 788 quid
1409 715 1552 772 emit.
1586 713 1868 782 Empturus

284 832 366 880 est
406 818 640 891 aliquid;
684 818 852 886 ipsum
882 812 1080 884 aliquid
1120 810 1353 867 nondum
1398 809 1521 864 scis.
1555 805 1706 873 Vide,
1750 802 1867 858 vide

283 916 490 988 quanti,
536 921 590 968 et
616 910 820 966 videbis
869 908 1018 980 quid.
1058 905 1379 978 Sanguinem
1415 901 1569 968 fudit,
1612 899 1868 971 sanguine

283 1025 381 1064 suo
408 1006 559 1072 emit,
594 1004 851 1074 sanguine
880 1001 1016 1072 Agni
1055 996 1379 1056 immaculati
1428 995 1579 1061 emit,
1611 992 1866 1064 sanguine

281 1100 422 1156 unici
452 1077 573 1152 Filii
604 1096 700 1150 Dei
730 1094 877 1151 emit.
906 1093 1045 1161 Quid
1072 1101 1308 1163 emptum
1340 1098 1421 1146 est
1439 1086 1694 1156 sanguine
1724 1083 1866 1140 unici

281 1192 403 1248 Filii
422 1190 542 1247 Dei?
563 1188 749 1245 Adhuc
761 1186 881 1244 vide
901 1186 1102 1257 quanti.
1120 1183 1382 1255 Propheta
1405 1179 1537 1236 dixit
1554 1179 1712 1249 longe
1727 1186 1868 1232 antc-

281 1302 442 1359 quam
475 1285 657 1340 ﬁeret:
684 1280 734 1336 F
736 1282 946 1337 oderunt
973 1280 1151 1334 manus
1189 1294 1325 1332 meas
1354 1284 1398 1330 et
1424 1272 1573 1346 pedes
1603 1288 1756 1337 meos,
1785 1270 1865 1324 di-

282 1385 671 1433 numeraverunt
692 1374 861 1429 omnia
880 1390 995 1428 ossa
1019 1388 1147 1425 mea.
1171 1370 1416 1440 Magnum
1440 1366 1667 1437 pretium
1685 1362 1862 1429 video,

283 1465 498 1525 Christe
525 1469 580 1534 1;
619 1465 826 1521 videam
869 1464 994 1534 quid
1049 1461 1222 1518 emisti
1256 1479 1269 1514 :
1313 1455 1863 1521 Commemorabuntur,

284 1573 331 1618 et
370 1568 719 1616 convertentur
747 1559 815 1612 ad
862 1557 1136 1612 Dominum
1171 1553 1391 1609 universi
1439 1553 1564 1620 lines
1609 1560 1771 1604 terrae.
1805 1547 1862 1602 In

283 1669 394 1710 uno
420 1652 714 1723 eodemque
756 1650 962 1721 psalmo
989 1657 1284 1717 emptorem
1314 1643 1490 1711 video,
1531 1653 1586 1698 et
1616 1640 1864 1712 pretium,

286 1757 344 1806 et
391 1747 808 1817 possessionem.
878 1745 1098 1813 Emptor
1145 1740 1387 1796 Christus
1433 1746 1515 1792 est
1557 1777 1573 1804 ,
1643 1735 1868 1805 pretium

288 1840 523 1909 sanguis,
557 1836 826 1909 possessio
870 1835 1015 1890 orbis
1045 1844 1322 1889 terrarum.
1355 1829 1528 1884 Voces
1562 1827 1706 1897 ipsas
1740 1841 1868 1896 pro-

287 1929 528 2001 pheticas
553 1928 850 1992 audiamus,
872 1924 1299 1981 contradicentes
1318 1919 1671 1990 litigatoribus
1701 1917 1866 1973 hmre-

287 2020 431 2077 ticis.
450 2021 587 2074 Ecce
612 2019 882 2090 possessio
905 2015 1112 2072 Domini
1132 2013 1255 2069 mei.
1275 2011 1368 2068 Ius
1389 2013 1409 2043 ¹
1429 2011 1547 2080 lego
1566 2011 1618 2064 in
1637 2008 1864 2079 psalmo,

288 2110 852 2176 Commemorabuntur,
879 2116 923 2162 et
956 2115 1303 2161 convertentur
1341 2104 1407 2158 ad
1438 2103 1711 2158 Dominum
1750 2102 1869 2155 uni-

285 2203 416 2258 versi
438 2203 564 2271 ﬁnes
583 2210 754 2265 terrae,
774 2209 820 2254 et
841 2198 1122 2253 adorabunt
1144 2199 1194 2251 in
1213 2203 1484 2267 conspectu
1499 2195 1606 2266 ejus
1629 2193 1871 2247 universa:

287 2293 726 2364 patritegentium.
771 2292 836 2347 Et
876 2291 997 2346 vide
1025 2291 1348 2361 jurgantem,
1390 2287 1510 2342 vide
1549 2286 1637 2356 jus
1679 2283 1868 2340 defen-

287 2381 502 2440 dentem
529 2402 541 2438 :
573 2383 824 2450 Quoniam
849 2382 1008 2454 ipsius
1037 2391 1108 2437 est
1142 2396 1372 2452 regnum,
1410 2387 1455 2433 et
1489 2379 1597 2447 ipse
1634 2377 1870 2432 domina-

289 2475 423 2530 bitur
462 2475 681 2545 gentium
717 2473 887 2546 (Psal.
943 2490 1056 2540 xxr,
1094 2474 1178 2538 l7,
1212 2471 1299 2537 18,
1328 2470 1419 2537 28,
1459 2469 1576 2540 29).
1625 2468 1740 2540 Ipse
1780 2469 1870 2539 qui

286 2568 417 2626 emit
455 2565 723 2635 Christus,
767 2581 871 2620 non
901 2565 989 2635 qui
1033 2564 1355 2634 apostatavit
1380 2563 1639 2617 Donatus.
1674 2561 1874 2615 Adora-

286 2660 411 2717 bunt
450 2676 469 2715 :
521 2669 695 2726 recte,
751 2657 1033 2712 adorabunt
1083 2673 1252 2712 omnes
1311 2657 1492 2728 patria:
1546 2656 1770 2728 gentium
1817 2656 1873 2709 in

285 2761 555 2819 conspectu
603 2753 729 2822 ejus.
777 2750 951 2818 Quare
999 2749 1182 2804 recte?
1239 2748 1491 2816 Quoniam
1543 2745 1749 2801 Domini
1801 2755 1872 2802 est

284 2860 518 2916 regnum,
538 2855 584 2899 et
606 2845 713 2914 ipse
733 2843 1074 2897 dominabitur
1095 2843 1341 2912 gentium.
1361 2840 1494 2894 Illud
1516 2839 1745 2910 Moyses,
1774 2841 1872 2895 hoc

289 2936 570 3008 Propheta:
590 2977 604 3000 ,
633 2942 688 2990 et
732 2935 836 2989 alia
863 2933 1029 2988 multa
1056 2933 1242 2987 millia.
1277 2933 1405 2998 Quis
1436 2940 1681 2986 numerat
1725 2930 1875 2984 testi-

287 3030 468 3086 monia
513 3027 583 3082 de
611 3026 850 3083 Ecclesia
897 3033 1010 3080 toto
1050 3034 1309 3080 terrarum
1342 3024 1471 3080 orbe
1497 3023 1726 3078 diffusa?
1756 3023 1873 3092 quis

291 3121 570 3179 numerat?
596 3118 711 3174 Non
759 3128 882 3172 sunt
929 3125 1005 3172 tot
1047 3116 1278 3170 hmrescs
1319 3124 1505 3169 contra
1551 3115 1870 3180 Ecclesiam,

291 3226 419 3287 quot
448 3223 574 3270 sunt
600 3212 899 3269 testimonia
927 3211 1083 3281 Legis
1112 3225 1210 3280 pro
1240 3209 1500 3265 Ecclesia.
1529 3209 1656 3276 Qua:
1685 3209 1872 3278 pagina

290 3324 398 3367 non
425 3307 529 3362 hoc
554 3305 746 3360 sonat?
770 3304 890 3375 quis
914 3317 1100 3358 versus
1127 3317 1232 3356 non
1264 3301 1366 3356 hoc
1395 3300 1662 3370 loquitur?
1684 3299 1874 3378 omnia

291 3401 525 3458 clamant
552 3414 651 3469 pro
666 3398 866 3452 unitate
881 3395 1167 3462 dominica,
1200 3394 1321 3464 quia
1347 3393 1522 3463 posuit
1554 3393 1684 3448 lines
1715 3393 1872 3448 Jeru-

291 3493 457 3549 salem
489 3506 692 3561 pacem.
722 3490 799 3544 Tu
839 3496 1024 3542 contra
1062 3487 1159 3542 ista
1194 3487 1377 3552 latras,
1409 3487 1691 3541 limretice!
1721 3484 1874 3542 Unde

295 3585 486 3641 merito
513 3581 704 3636 dicitur
746 3581 796 3635 in
831 3581 917 3634 illa
946 3580 1188 3645 civitate,
1235 3577 1378 3649 quod
1427 3578 1681 3649 scriptum
1711 3590 1793 3635 est
1821 3580 1874 3634 in

297 3673 633 3744 Apocalypsi,
661 3669 822 3727 Canes
863 3674 1000 3742 foras
1049 3671 1228 3740 (Apoc.
1257 3687 1396 3735 χιιι,
1429 3669 1540 3743 15).
1582 3672 1658 3726 Tu
1688 3680 1874 3727 contra

295 3763 398 3824 ista
428 3766 608 3820 latras.
641 3763 790 3818 Unde
823 3762 1068 3832 judicasti
1099 3761 1165 3816 de
1192 3763 1323 3816 orbe
1369 3771 1632 3817 terrarum
1653 3804 1669 3831 ,
1705 3771 1762 3818 ut
1789 3763 1874 3818 di-

294 3874 421 3918 cere
457 3857 768 3927 cmperam?
795 3871 901 3926 quo
945 3854 1224 3909 tribunali?
1253 3855 1677 3925 Praesumptione
1724 3856 1876 3911 vide-

299 3949 427 4008 licet
452 3948 631 4003 cordis
658 3947 753 4003 tui.
782 3946 958 4000 Altum
985 3946 1237 4011 tribunal,
1268 3947 1358 4001 sed
1390 3947 1685 4002 ruinosum.
1737 3948 1880 4002 Dixit

298 4041 404 4100 hoc
450 4040 694 4113 Moyses,
741 4039 989 4094 dixerunt
1035 4038 1135 4093 hoc
1184 4037 1491 4108 Prophetaz;
1540 4047 1596 4095 et
1643 4039 1878 4095 nondum

297 4134 546 4200 credunt,
573 4132 664 4203 qui
691 4145 750 4186 se
776 4129 1094 4185 christianos
1119 4129 1285 4184 videri
1314 4130 1498 4183 volunt
1518 4129 1572 4184 3!

371 4226 459 4280 17.
493 4223 862 4294 Torquebatur
900 4222 1114 4292 quidam
1141 4221 1291 4276 dives
1315 4221 1454 4291 apud
1479 4221 1700 4290 inferos,
1731 4223 1876 4279 desi-

301 4316 509 4374 deravit
536 4330 686 4385 aquae
707 4314 901 4369 stillam
930 4314 997 4368 de
1013 4314 1177 4384 digito
1205 4315 1492 4384 contempti
1519 4324 1642 4370 ante
1661 4316 1877 4385 januam

300 4425 450 4470 suam
477 4408 744 4480 pauperis,
766 4407 1016 4477 quoniam
1045 4405 1294 4461 urebatur
1320 4405 1372 4460 in
1393 4404 1635 4460 flammis.
1669 4406 1879 4462 Etcum

301 4505 349 4562 ei
384 4518 487 4558 non
532 4503 775 4566 daretur,
821 4502 944 4570 quia
983 4499 1228 4570 iudicium
1269 4501 1377 4554 sine
1415 4502 1757 4555 misericordia
1801 4501 1880 4557 illi

301 4597 386 4667 qui
417 4611 516 4648 non
540 4594 653 4665 fecit
678 4592 1106 4656 misericordiam;
1125 4607 1245 4647 cum
1273 4592 1399 4663 ergo
1425 4594 1474 4648 ei
1503 4610 1607 4648 non
1629 4595 1846 4650 daretur
1864 4640 1877 4664 ,

302 4686 434 4742 dixit
475 4684 542 4739 ad
582 4682 847 4738 Abraham
880 4700 892 4737 :
929 4683 1086 4738 Pater
1121 4685 1398 4750 Abraham,
1437 4687 1576 4740 mitte
1602 4687 1876 4742 Lazarum.

307 4777 481 4833 Habeo
502 4778 570 4832 ibi
595 4778 810 4847 quinque
836 4779 1052 4848 fratres;
1074 4779 1336 4831 annuntiat
1357 4781 1426 4833 eis
1446 4797 1557 4848 qua:
1584 4781 1663 4834 hic
1692 4784 1878 4851 patior,

304 4886 366 4926 ne
390 4880 435 4924 et
464 4870 564 4938 ipsi
591 4869 791 4923 veniant
822 4868 874 4921 in
901 4868 1069 4923 locum
1096 4869 1228 4923 hunc
1257 4878 1634 4925 tormentorum.
1664 4873 1728 4925 Et
1758 4874 1881 4943 quid

304 4963 379 5018 illi
409 4961 718 5018 Abraham?
749 4959 949 5014 Habent
986 4962 1092 5015 illic
1142 4960 1354 5031 Moysen
1395 4971 1442 5016 et
1481 4961 1786 5032 Prop/tetas.
1817 4967 1884 5027 Et

305 5055 394 5111 ΜΘ
424 5074 437 5112 :
470 5054 614 5120 Non,
645 5062 786 5124 pater
826 5053 1118 5119 Abraham;
1156 5053 1244 5107 sed
1269 5055 1313 5108 si
1339 5055 1450 5124 quis
1473 5071 1536 5109 ex
1563 5057 1772 5111 mortuis
1802 5074 1882 5111 re-

305 5147 600 5212 surrexerit,
626 5145 848 5200 credent.
891 5146 956 5200 Et
985 5145 1248 5200 Abraham
1284 5165 1297 5200 :
1329 5145 1388 5201 Si
1415 5145 1648 5218 Moysen,
1679 5150 1880 5220 inquit,

306 5250 354 5296 et
383 5239 668 5311 Prophetas
696 5255 798 5293 non
818 5238 1062 5305 audiunt,
1099 5255 1188 5292 nec
1212 5239 1255 5293 si
1277 5239 1388 5310 quis
1414 5256 1446 5292 a
1475 5240 1685 5296 mortuis
1713 5257 1884 5296 resur-

306 5333 514 5398 reaterit,
559 5332 758 5387 credent
788 5330 936 5402 (Luc.
978 5347 1084 5394 xvr,
1120 5331 1204 5394 19,
1252 5331 1364 5402 51).
1397 5334 1472 5388 De
1496 5335 1688 5404 quibus
1716 5335 1879 5404 dixit,

311 5424 518 5482 Habent
557 5427 626 5480 ibi
652 5426 863 5497 Moysen
901 5436 946 5481 et
994 5425 1319 5496 PrOphetas?
1349 5428 1424 5485 De
1474 5429 1556 5484 his
1587 5430 1766 5500 utique
1795 5429 1884 5500 qui

309 5517 485 5576 adhuc
526 5517 808 5585 vivebant,
853 5519 1044 5590 quibus
1071 5518 1245 5574 adhuc
1288 5529 1499 5590 tempus
1537 5521 1884 5578 correctionis

309 5609 516 5682 largum
535 5619 670 5674 erat,
687 5611 774 5680 qui
793 5611 1025 5666 nondum
1061 5622 1317 5667 venerant
1333 5612 1385 5666 in
1404 5612 1519 5668 loca
1541 5613 1628 5669 illa
1653 5622 1886 5670 tormen-

370 5725 387 5756 ί
423 5722 498 5774 sic
516 5723 711 5787 aliquot
727 5731 832 5773 mss.
849 5722 961 5772 Edd.
976 5734 1112 5783 vero,
1137 5720 1332 5787 Christi.

327 5833 332 5851 _.
368 5789 389 5820 ι
415 5787 488 5837 Sic
534 5784 799 5851 legendum
833 5798 946 5836 cuius
996 5792 1070 5836 Er.
1113 5791 1166 5836 et
1205 5784 1424 5837 melioris
1460 5794 1592 5839 notae
1630 5795 1735 5840 Mss.
1784 5788 1891 5851 [Vis

309 5845 429 5913 lego,
452 5849 572 5912 αα]
589 5845 612 5850 ’

375 5909 397 5945 ³
423 5911 560 5963 corb.
586 5915 668 5961 trs.
687 5945 703 5974 ,
723 5910 902 5961 notion.

1328 407 1722 470 ENARRATIO
1757 403 1825 464 1N
1864 398 2186 465 PSA-LMUM
2221 408 2470 470 CXLVII.

1981 530 2174 581 torum.
2197 525 2396 584 Habent
2412 530 2498 595 ibi,
2522 530 2712 602 inquit,
2729 545 2856 602 quas
2879 530 3113 602 audiant,
3136 532 3415 607 Moysenet
3432 535 3557 594 Pro-

1971 622 2168 691 phetas.
2196 623 2312 679 Non
2349 624 2573 680 credunt
2601 625 2702 692 his,
2731 625 2819 682 sed
2848 626 2892 680 si
2911 628 3022 697 quis
3041 630 3298 684 amortuis
3331 647 3555 687 resurre-

1970 716 2342 782 xerit,credent.
2359 717 2419 773 Si
2441 717 2653 790 Moysen
2669 728 2714 774 et
2732 718 3016 791 Prophetas
3030 737 3134 777 non
3148 722 3381 792 audiunt,
3398 740 3488 780 nee
3507 725 3553 781 si

1971 808 2081 877 quis
2103 825 2132 862 a
2160 810 2367 864 mortuis
2390 813 2739 878 restrinxerit,
2765 814 2988 870 credent.
3015 813 3293 872 Sententia
3320 816 3548 874 Abrahae

1971 907 2072 952 est.
2100 899 2326 956 Abrahae
2356 904 2618 959 sententia
2646 904 2767 972 ubi,
2794 913 2851 961 et
2874 905 3055 962 unde?
3087 907 3164 964 De
3191 907 3420 978 quodam
3449 926 3550 965 cx-

1970 989 2114 1052 celso
2155 992 2294 1058 loco,
2327 1001 2381 1049 et
2419 995 2577 1065 pleno
2607 995 2800 1067 quietis
2822 1006 2875 1053 et
2900 997 3167 1057 felicitatis
3187 1042 3202 1066 ,
3233 1016 3391 1072 quem
3419 1001 3552 1058 vidit

1971 1080 2080 1149 ille,
2114 1084 2200 1153 qui
2245 1087 2580 1144 cruciabatur
2628 1089 2682 1144 in
2716 1088 2928 1146 ﬂamma
2950 1134 2964 1160 ,
2996 1092 3184 1149 levatis
3209 1092 3378 1151 oculis
3405 1095 3548 1160 suis;

1969 1173 2180 1244 quando
2207 1176 2258 1230 in
2288 1177 2403 1246 ejus
2441 1182 2646 1250 gremio
2665 1224 2681 1247 ,
2711 1183 2763 1237 id
2793 1192 2874 1239 est
2917 1185 2970 1239 in
3000 1185 3116 1256 ejus
3161 1196 3392 1255 secreto,
3419 1187 3552 1244 vidit

1971 1279 2257 1334 pauperem
2287 1267 2895 1330 feliciter‘exsultantem
2928 1293 2940 1330 :
2971 1276 3094 1332 inde
3119 1279 3323 1348 prolata
3350 1287 3434 1336 est
3452 1280 3553 1336 ista

1969 1360 2254 1414 sententia.
2300 1361 2434 1417 Vide
2477 1363 2544 1418 de
2585 1383 2690 1435 quo
2733 1369 3004 1426 tribunali.
3047 1371 3124 1426 lbi
3163 1373 3305 1428 enim
3349 1373 3554 1428 habitat

1970 1449 2144 1518 Deus,
2173 1453 2292 1522 quia
2324 1455 2374 1508 iu
2403 1457 2599 1510 sanctis
2626 1457 2828 1515 habitat
2856 1462 3013 1518 Deus.
3040 1463 3190 1519 Unde
3234 1471 3384 1534 optat
3413 1465 3555 1534 Apo-

1971 1541 2141 1598 stolus
2162 1552 2213 1597 et
2230 1543 2374 1609 dicit,
2405 1545 2626 1602 Dissolvi
2641 1559 2687 1603 et
2714 1568 2818 1606 esse
2836 1569 2952 1608 cum
2979 1553 3196 1621 Christo,
3223 1555 3554 1627 multomagis

1971 1634 2214 1703 optimum
2238 1635 2492 1708 (Philipp.
2518 1655 2555 1704 ι,
2587 1640 2678 1710 ‘23)
2706 1659 2718 1694 :
2745 1652 2796 1697 et
2822 1643 3015 1701 latroni
3043 1646 3118 1700 illi
3149 1647 3359 1712 dicitur,
3387 1645 3556 1704 Hodie

1972 1740 2166 1778 mecum
2213 1730 2309 1780 eris
2348 1729 2400 1781 in
2447 1730 2684 1800 paradiso
2724 1731 2875 1805 (Luc.
2918 1751 3072 1802 xxm,
3101 1738 3216 1808 45).
3256 1738 3398 1808 Ergo
3447 1738 3553 1793 Do-

1971 1817 2147 1872 minus
2191 1833 2312 1873 cum
2366 1819 2632 1876 Abraham
2678 1831 2732 1878 et
2780 1827 2832 1879 in
2862 1825 3128 1882 Abraham
3171 1844 3396 1885 manens
3424 1828 3557 1885 dixit

1972 1908 2130 1964 istam
2176 1913 2494 1968 sententiam
2522 1933 2535 1970 :
2565 1914 2766 1973 Habent
2811 1919 2880 1973 ibi
2913 1919 3123 1990 Moysen
3161 1930 3207 1975 et
3235 1921 3554 1994 Prophetas;

1970 2003 2017 2058 si
2043 2004 2162 2058 illos
2187 2021 2287 2058 non
2325 2007 2560 2076 audiunt,
2593 2026 2749 2079 neque
2776 2012 2820 2064 si
2858 2013 3045 2081 aliquis
3067 2030 3100 2067 α
3142 2014 3354 2069 mortuis
3383 2029 3556 2069 resur-

1971 2095 2176 2159 rexerit,
2208 2097 2410 2152 credent
2439 2100 2505 2166 ei.
2539 2099 2583 2154 Ο
2612 2099 2869 2166 haeretici,
2902 2100 3111 2158 habetis
3139 2104 3223 2159 hic
3253 2105 3472 2178 Moysen
3503 2114 3552 2160 e'

1972 2185 2270 2258 Pr0phetas
2289 2207 2299 2242 :
2322 2190 2495 2247 adhuc
2513 2192 2710 2260 vivitis,
2731 2193 2904 2248 adhuc
2919 2197 3140 2264 potestis
3157 2197 3363 2263 audire,
3382 2197 3558 2255 adhuc

1972 2277 2098 2334 licet
2111 2281 2720 2352 corrigi,animositatcm
2737 2286 2964 2352 frenare;
2980 2289 3257 2344 veritatem
3277 2298 3458 2346 tenere
3474 2289 3541 2346 ad

1972 2369 2077 2427 huc
2113 2375 2741 2448 concediturzdisceptate
2759 2380 3029 2436 vobiscum
3051 2392 3226 2436 utrum
3262 2382 3558 2438 audiendus

1972 2467 2266 2540 sitllloyses
2279 2480 2334 2526 et
2347 2472 2645 2542 Prophetcc,
2668 2475 2755 2543 qui
2784 2473 2906 2529 tidei
2919 2491 3028 2530 suae
3056 2476 3356 2530 testimonia
3372 2483 3517 2531 tanta
3539 2477 3557 2508 ¹

1972 2562 2360 2630 exhibuérunt;
2383 2579 2504 2620 cum
2529 2566 2802 2621 videamus
2818 2567 2896 2622 sic
2921 2583 3137 2624 currere
3161 2583 3248 2624 res
3275 2569 3557 2636 humanas,

1974 2663 2034 2710 ut
2059 2655 2127 2710 ab
2152 2656 2279 2724 ipsis
2309 2658 2576 2727 praedicnt:
2619 2668 2762 2714 sunt.
2794 2661 2930 2726 Quid
2957 2661 3210 2716 dubitatis
3235 2661 3408 2718 adhuc
3444 2675 3552 2716 creo

1974 2746 2102 2802 dere
2127 2748 2290 2818 Moysi
2333 2758 2388 2804 et
2414 2751 2736 2820 Prophctis?
2763 2752 2890 2822 quid
2931 2753 3182 2810 dubitatis
3230 2753 3452 2809 audire?
3478 2755 3559 2809 An

1973 2835 2112 2892 forte
2137 2839 2372 2908 quaeritis
2402 2850 2771 2910 resurgentem
2809 2857 2837 2895 a
2878 2843 3128 2911 mortuis,
3163 2853 3339 2900 utrum
3369 2855 3424 2899 et
3447 2845 3562 2915 ipse

1973 2928 2126 2983 vobis
2151 2930 2292 2984 dicat
2312 2931 2378 2986 de
2411 2933 2646 2987 Ecclesia
2676 2935 2811 2988 sua?
2837 2935 3092 3002 Qumsivit
3116 2937 3220 2991 hoc
3249 2937 3398 2992 dives
3422 2935 3560 3006 apud

1974 3017 2196 3084 inferos,
2229 3021 2461 3090 aliquem
2502 3023 2639 3077 mitti
2685 3040 2751 3080 ex
2793 3026 3019 3080 mortuis
3046 3026 3110 3080 ad
3153 3026 3344 3082 fratres
3388 3041 3513 3082 suos
3547 3043 3560 3082 :

1974 3112 2332 3180 reprehensus
2358 3126 2440 3170 est
2479 3119 2600 3187 quia
2628 3119 2728 3173 hoc
2768 3121 3047 3189 quaesivit;
3075 3121 3322 3178 sufficere
3361 3122 3562 3178 debue-

1974 3211 2100 3255 runt
2129 3202 2380 3258 fratribus
2408 3207 2524 3274 ejus
2561 3208 2770 3279 Moyses
2797 3220 2850 3264 et
2877 3210 3180 3280 Prophetas.
3223 3213 3303 3266 Ad
3335 3213 3436 3267 hoc
3473 3214 3563 3270 ille

1974 3289 2173 3348 frustra
2202 3296 2481 3364 quzesivit,
2517 3305 2574 3351 ut
2602 3313 2695 3352 vos
2738 3298 2850 3368 jam
2896 3301 3146 3371 exemplo
3176 3301 3453 3370 admoniti,
3488 3319 3556 3358 ne

1976 3383 2170 3440 frustra
2196 3396 2252 3441 et
2279 3402 2400 3442 sero
2425 3400 2749 3458 quaerentes,
2779 3391 2917 3445 sicut
2939 3392 3028 3446 ille
3053 3394 3426 3463 torqueamini.
3455 3395 3563 3448 Au-

1976 3475 2136 3533 diatis
2170 3478 2388 3551 Moysen
2429 3489 2483 3535 et
2524 3483 2839 3552 Prophetas.
2875 3483 3010 3552 Quid
3049 3484 3183 3540 dixit
3222 3485 3466 3557 Moyses?
3495 3485 3563 3541 In

1975 3569 2164 3622 semine
2202 3578 2286 3624 tuo
2332 3571 2687 3627 benedicentur
2722 3591 2895 3629 omnes
2915 3584 3105 3646 gentes.
3151 3576 3287 3642 Quid
3316 3576 3564 3636 dixerunt

1979 3658 2299 3730 Propheta)?
2328 3664 2892 3730 Commemorabuntur,
2917 3676 2964 3720 et
2986 3677 3335 3722 convertentur
3365 3668 3433 3721 ad
3457 3667 3564 3723 Do-

1976 3753 2168 3806 minum
2195 3755 2411 3809 universi
2440 3756 2566 3823 ﬁnes
2603 3766 2765 3810 terrte.
2801 3757 2989 3810 Adhuc
3032 3758 3159 3810 mihi
3204 3758 3440 3812 dicturus
3470 3773 3563 3814 es:

1979 3842 2169 3914 Surgat
2190 3846 2381 3916 aliquis
2409 3863 2475 3902 ex
2499 3848 2750 3913 mortuis;
2776 3862 2876 3918 ego
2897 3864 3000 3902 nou
3028 3851 3212 3916 credo,
3244 3851 3344 3904 nisi
3374 3851 3564 3920 aliquis

1980 3933 2105 3989 inde
2150 3937 2374 4002 venerit,
2403 3947 2456 3992 et
2499 3937 2733 3993 dixerit?
2773 3937 2816 3993 Ο
2845 3939 3084 4005 Domine,
3116 3939 3316 4010 gratias
3349 3940 3563 3995 miseri-

1979 4028 2178 4084 cordiae
2232 4039 2336 4085 tua:
2380 4031 2639 4087 :voluisti
2703 4031 2870 4097 mori,
2921 4041 2975 4086 ut
3025 4032 3216 4102 aliquis
3267 4032 3334 4086 ab
3383 4031 3565 4088 inferis

1981 4131 2259 4190 surgeret;
2287 4130 2341 4176 et
2361 4122 2475 4190 ipse
2500 4122 2712 4192 aliquis,
2743 4137 2848 4176 non
2870 4123 3209 4193 quicumque,
3238 4123 3330 4178 sed
3363 4123 3566 4178 Veritas

1982 4215 2214 4270 surrexit
2238 4217 2304 4271 ab
2333 4216 2534 4271 inferis.
2564 4215 2661 4284 Qui
2688 4232 2872 4272 verum
2906 4215 2974 4270 de
3003 4215 3188 4271 inferis
3215 4215 3435 4281 diceret,
3467 4217 3567 4271 etsi

1982 4307 2046 4361 ad
2079 4306 2276 4362 inferos
2317 4324 2419 4362 non
2448 4309 2685 4372 veniret;
2718 4317 2892 4362 tamen
2937 4319 3152 4378 propter
3191 4323 3350 4362 voces
3391 4309 3562 4377 impe-

1981 4398 2203 4453 ritorum
2235 4401 2515 4464 malorum,
2543 4416 2667 4455 ecce
2697 4401 2808 4472 ipse
2838 4409 3077 4454 mortuus
3107 4408 3208 4467 est,
3241 4414 3366 4455 ecce
3391 4415 3545 4454 resur

1982 4494 2122 4548 rexit
2137 4494 2204 4547 ab
2225 4491 2430 4547 inferis.
2451 4493 2586 4561 Quid
2603 4493 2756 4559 dicis,
2783 4493 3068 4548 lneretice?
3085 4491 3212 4564 quid
3230 4493 3362 4548 dicis
3377 4491 3570 4548 tModo

1985 4598 2038 4644 te
2069 4587 2300 4654 audiam,
2333 4587 2492 4643 finitae
2519 4597 2643 4643 sunt
2673 4602 2858 4643 omnes
2891 4587 3266 4643 excusationes
3299 4595 3438 4653 ture;
3467 4586 3569 4642 etsi

1984 4681 2146 4734 verba
2192 4681 2439 4736 diceres’
2482 4680 2658 4735 divitis
2686 4678 2824 4750 apud
2874 4678 3073 4734 inferos
3099 4679 3404 4745 constituti,
3448 4693 3568 4732 sur-

1984 4776 2124 4828 rexit
2150 4789 2177 4826 a
2207 4776 2431 4828 mortuis
2459 4773 2698 4829 Christus
2727 4790 2738 4825 :
2772 4772 3006 4843 dignaris
3033 4772 3113 4825 vcl
3145 4772 3317 4841 ipsum
3347 4768 3570 4823 audire?

1985 4866 2123 4920 Ecce
2152 4867 2292 4936 quod
2336 4866 2472 4920 forte
2511 4865 2698 4919 similis
2739 4863 2888 4919 diviti
2931 4871 3138 4918 mortuo
3174 4862 3326 4915 vivus
3355 4859 3568 4915 deside-

1987 4958 2164 5023 rabas,
2194 4957 2427 5012 surrexit
2447 4957 2514 5011 ab
2544 4956 2726 5012 inferis
2749 4956 2770 4987 ³
2796 4974 2808 5010 :
2835 4971 2936 5011 non
2971 4962 3122 5024 pater
3144 4961 3283 5018 tuus,
3309 4967 3414 5008 non
3436 4966 3567 5008 avus

1985 5060 2129 5118 tuus,
2151 5068 2256 5106 non
2289 5051 2364 5105 illi
2386 5051 2830 5120 surrexeruntqui
2851 5049 3030 5104 nescio
3055 5062 3188 5119 quos
3217 5049 3431 5102 nomine
3460 5055 3566 5101 tra-

1987 5145 2205 5201 ditionis
2242 5145 2648 5201 infamavcruut.
2690 5144 2794 5200 Sed
2834 5159 2960 5198 ecce
3007 5157 3112 5196 non
3161 5141 3567 5206 infamaverunt,

1987 5255 2171 5295 verum
2197 5238 2474 5303 dixerunt;
2505 5239 2583 5291 vis
2611 5249 2766 5290 nosse
2813 5249 2969 5303 quam
2997 5232 3123 5286 nihil
3145 5231 3210 5286 ad
3235 5231 3353 5286 me?
3373 5229 3563 5285 Audia-

1988 5349 2107 5389 mus
2133 5335 2291 5389 simul
2327 5332 2452 5403 quid
2480 5327 2675 5386 dixerit
2716 5327 2803 5396 qui
2836 5326 3066 5381 surrexit
3103 5325 3171 5379 ab
3206 5323 3408 5379 inferis.
3435 5320 3568 5389 Quid

1989 5429 2229 5501 pluribus
2254 5425 2542 5483 immorer?
2582 5421 2904 5488 Audiamus,
2947 5419 3055 5490 jam
3087 5417 3354 5489 aperiatur
3396 5415 3568 5469 Evan-

1988 5525 2206 5597 gelium,
2233 5523 2437 5593 legatur
2480 5516 2618 5588 quod
2662 5515 2857 5570 factum
2905 5521 2986 5567 est
3012 5520 3262 5582 tanquam
3314 5510 3401 5563 fiat
3429 5526 3441 5562 :
3474 5522 3569 5580 po-

2053 5663 2070 5693 ί
2097 5667 2169 5708 Sic
2189 5656 2368 5708 aliquot
2387 5661 2493 5704 Mss.
2517 5651 2602 5699 Alii
2627 5661 2746 5700 vero
2768 5659 2878 5696 cum
2901 5645 3033 5705 Edd.,
3059 5648 3260 5694 tantum.

2053 5670 2070 5693 ³
2097 5670 2169 5708 Sic
2189 5670 2250 5708 att
2289 5670 2368 5705 U0l
2387 5670 2493 5704 MSS.
2517 5670 2602 5699 Mll
2627 5670 2746 5700 VCI‘U
2768 5670 2878 5696 cum
2903 5670 3033 5705 mu.,
3059 5670 3260 5694 ιαηυυη-

2053 5726 2073 5756 ²
2096 5721 2189 5770 Edd
2213 5758 2227 5779 ,
2253 5670 2468 5776 ilerides,
2493 5711 2894 5762 dissentientibus
2910 5715 3016 5778 Mss.
3037 5770 3052 5779 μ
3108 5773 3118 5779 _
3210 5765 3221 5776 '
3243 5778 3247 5779 ν
3375 5775 3411 5779 Η
3447 5757 3537 5779 4M.

2055 5786 2076 5819 ³
2097 5761 2585 5832 iti'sis;1'i'iia."et
2611 5781 2703 5825 ΕΜ
2746 5780 2866 5821 εει-ε
2889 5769 3004 5833 quia
3026 5770 3146 5833 forte
3178 5763 3415 5833 similis-es
3439 5761 3570 5833 (lusit!

1988 5824 2349 5905 moram—vivos
2360 5824 2676 5905 desiderabas
2693 5824 2971 5905 surge_re_'ab
2987 5824 3172 5905 inferis.
3197 5831 3269 5878 sic
3292 5828 3438 5878 etiam
3469 5824 3566 5872 cdt-

1991 5895 2214 5962 IioiLovI.
2239 5906 2329 5956 nisi
2353 5901 2482 5962 quod
2515 5900 2637 5964 loco,
2662 5895 2802 5958 vivos,
2828 5895 2995 5956 habet,
3017 5895 3163 5943 ritus.
