4080 6534
464 484 601 545 ιςθτ

472 612 665 659 nantur
688 605 810 655 ante
837 592 1020 652 oculos
1064 597 1275 647 nostros
1300 593 1446 658 gesta
1489 581 1751 656 praeterita
1770 622 1785 647 ,
1813 585 2031 650 propter

470 692 703 750 cavenda
728 690 915 744 futura.
941 686 1077 741 Ecce
1096 682 1339 739 Christus
1365 692 1588 749 surgens
1610 691 1640 731 a
1670 673 1913 739 mortuis,
1947 684 2033 727 os-

473 784 642 841 tendit
665 796 723 837 se
746 778 1015 849 discipulis
1037 776 1166 831 suis.
1186 772 1393 843 Nuptiae
1421 771 1614 841 ipsius;
1647 769 1759 838 ipse
1783 778 2029 835 sponsus,

474 873 709 930 Ecclesia
729 884 940 941 sponsa.
963 867 1100 923 Ecce
1123 879 1348 936 sponsus
1368 862 1457 932 qui
1477 859 1751 916 dicebatur
1770 864 2030 922 mortuus,

473 966 802 1033 absumptus,
834 960 1045 1025 ﬁnitus;
1076 972 1201 1013 ecce
1228 956 1430 1025 integer
1452 953 1759 1017 resurrexit,
1794 965 1918 1006 ecce
1942 963 2033 1004 os-

474 1055 704 1111 tenditur
728 1052 893 1108 oculis
918 1049 1291 1120 discipulorum
1313 1088 1328 1113 ,
1370 1060 1494 1101 ecce
1524 1044 1792 1115 praebetur
1819 1049 2031 1097 contre-

479 1145 745 1203 clantihus
771 1143 1031 1208 manibus,
1057 1155 1181 1196 ecce
1202 1139 1484 1208 tetigerunt
1502 1134 1791 1199 cicatrices,
1811 1147 1928 1201 quae
1945 1130 2039 1185 de-

476 1246 702 1308 sperata:
726 1244 849 1291 sunt
872 1234 1091 1289 vulnera
1115 1233 1154 1285 ι.
1186 1230 1442 1285 Exhibuit
1470 1242 1528 1283 se
1553 1225 1720 1282 oculis
1749 1238 1932 1278 eorum
1960 1221 2039 1276 vi-

477 1330 706 1385 dendum
730 1369 745 1393 ,
772 1326 1017 1382 manibus
1057 1320 1488 1380 contrectandum
1522 1336 1536 1374 :
1586 1326 1770 1387 putant
1798 1314 2038 1384 spiritum

479 1435 630 1485 esse;
663 1419 1075 1488 desperaverunt
1104 1415 1244 1470 enim
1271 1412 1338 1467 de
1373 1410 1541 1465 salute
1568 1422 1684 1462 sua.
1711 1405 2041 1461 Exhortatur

481 1526 594 1579 eos,
622 1510 897 1566 conﬁrmat
922 1508 975 1562 in
1002 1506 1105 1562 ﬁde
1128 1524 1141 1560 :
1172 1505 1405 1575 Palpate,
1432 1510 1478 1556 et
1497 1501 1673 1566 videte,
1694 1498 1810 1570 quia
1837 1497 2042 1567 spiritus

481 1619 680 1657 carnem
707 1611 754 1656 et
780 1618 897 1656 ossa
914 1617 1014 1655 non
1039 1599 1203 1664 habet,
1228 1598 1355 1652 sicut
1369 1612 1446 1650 me
1482 1594 1654 1648 videtis
1680 1592 1877 1646 habere.
1902 1589 2044 1645 Tan-

482 1704 645 1765 gunt,
678 1693 938 1765 gaudent,
985 1691 1263 1761 trepidant.
1302 1689 1367 1743 Et
1393 1704 1503 1741 cum
1543 1686 1709 1739 adhuc
1739 1683 2044 1753 trepidarent

487 1803 591 1856 prw
614 1786 837 1857 gaudio;
864 1786 940 1840 sic
967 1783 1131 1838 habes
1155 1782 1427 1852 scriptum.
1458 1779 1569 1833 Etsi
1590 1787 1733 1833 certa
1760 1783 1902 1843 sunt,
1927 1789 2045 1845 quae

482 1880 705 1933 multum
737 1879 856 1932 laeta
896 1884 1018 1931 sunt
1044 1874 1130 1930 vix
1172 1872 1477 1929 creduntur.
1512 1870 1776 1925 Dubitatio
1804 1867 2044 1939 quedam

480 1971 642 2025 veluti
671 1970 867 2025 tardius
892 1967 1177 2033 credentis,
1200 1966 1377 2021 condit
1403 1964 1725 2018 voluntatem
1755 1961 1981 2017 tenentis
1999 1961 2043 2013 ⁸.

483 2062 709 2117 Necesse
738 2069 821 2115 est
845 2068 902 2115 ut
924 2060 1043 2128 plus
1076 2058 1237 2113 homo
1266 2056 1511 2127 gaudeat,
1535 2070 1654 2110 cum
1683 2054 1883 2107 venerit
1907 2049 2047 2121 quod

486 2152 877 2221 desperaverat.
908 2149 1037 2203 Nam
1083 2148 1148 2202 ad
1198 2149 1365 2216 ipsum
1413 2145 1658 2217 gaudium
1695 2143 2046 2199 condiendum

483 2252 537 2297 et
560 2242 854 2312 augendum
875 2282 889 2307 ,
920 2240 1086 2294 noluit
1112 2254 1171 2294 se
1198 2239 1375 2293 statim
1387 2236 1651 2307 cognosci.
1684 2234 1875 2290 Tenuit
1903 2233 2049 2288 visus

483 2332 859 2401 discipulorum
906 2344 1141 2393 suorum,
1188 2328 1396 2383 illorum
1434 2326 1658 2381 duorum
1686 2339 1824 2395 quos
1848 2322 2051 2377 invenit

487 2423 540 2477 in
568 2423 652 2477 via
677 2422 1039 2492 colloquentes
1060 2420 1168 2489 jam
1200 2420 1252 2473 in
1281 2418 1672 2489 desperatione,
1699 2424 1753 2472 et
1771 2415 2007 2469 dicentes
2034 2430 2048 2468 :

490 2511 602 2567 Nos
650 2520 813 2565 autem
860 2511 1182 2581 sperabamus
1231 2509 1348 2580 quia
1392 2509 1497 2578 ipse
1538 2516 1662 2561 esset
1706 2506 2053 2576 redempturus

488 2605 670 2659 Israel.
703 2605 1019 2659 Putaverant
1061 2602 1194 2665 hoc,
1220 2602 1328 2671 jam
1358 2615 1463 2655 non
1491 2598 1760 2669 putabant.
1791 2598 1904 2653 Jam
1932 2610 2053 2665 spes

490 2710 609 2751 cum
640 2696 717 2751 eis
754 2709 856 2749 non
885 2703 1019 2758 erat,
1051 2701 1106 2748 et
1128 2692 1369 2747 Christus
1408 2705 1526 2745 cum
1555 2691 1632 2745 eis
1662 2698 1775 2745 erat
1801 2706 1814 2742 :
1845 2688 1936 2743 sed
1965 2687 2054 2758 qui

488 2802 549 2843 se
576 2786 827 2852 reddidit,
852 2794 906 2841 et
929 2800 1075 2855 spem
1106 2784 1334 2839 reduxit.
1356 2784 1545 2839 Postea
1575 2797 1703 2852 ergo
1731 2782 1881 2846 dixit,
1904 2788 2053 2850 post-

488 2893 710 2948 eaquam
763 2893 885 2932 eum
933 2877 1008 2932 illi
1039 2877 1089 2931 in
1123 2877 1272 2947 panis
1300 2875 1557 2930 fractione
1581 2882 1961 2944 cognoverunt,
2001 2879 2058 2926 et

490 2970 680 3026 obtulit
701 2984 758 3025 se
786 2969 902 3023 aliis
940 2967 1209 3038 discipulis
1238 2967 1366 3030 suis,
1396 2981 1514 3021 cum
1540 2972 1786 3034 putarent
1810 2963 2055 3033 spiritum

491 3076 630 3128 esse,
662 3060 878 3131 Palpate
898 3070 943 3115 et
965 3060 1139 3125 videte,
1165 3062 1283 3131 quia
1302 3061 1505 3130 spiritus
1526 3076 1723 3112 carnem
1751 3066 1797 3111 et
1818 3073 1930 3111 ossa
1955 3072 2056 3109 non

492 3152 657 3219 habet,
679 3153 804 3206 sicut
820 3169 897 3206 me
920 3151 1095 3206 videtis
1114 3152 1310 3205 habere.
1338 3150 1404 3205 Et
1430 3134 1540 3204 cum
1562 3151 1726 3203 adhuc
1751 3165 1857 3220 pra:
1873 3148 2057 3219 gaudio

490 3243 838 3315 trepidarent:
872 3243 1081 3298 Habetis
1129 3243 1228 3307 hic,
1260 3244 1351 3309 ait,
1382 3243 1515 3312 quod
1553 3242 1917 3295 manducetur?
1950 3242 2057 3296 Ac-

491 3333 653 3403 cepit,
684 3333 975 3400 benedixit,
1003 3332 1353 3396 manducavit,
1388 3340 1441 3385 ct
1478 3331 1624 3386 dedit
1663 3331 1758 3385 eis.
1792 3330 2057 3399 Expressa

493 3432 575 3478 est
604 3423 799 3478 veritas
823 3423 1059 3492 corporis
1078 3464 1095 3490 ,
1124 3423 1295 3477 ablata
1326 3431 1408 3477 est
1449 3422 1621 3475 omnis
1652 3421 1881 3490 suspicio
1911 3421 2057 3475 falsi-

495 3514 634 3570 tatis.
681 3514 816 3581 Quid
842 3514 1070 3569 deindc?
1100 3513 1222 3569 Non
1256 3514 1484 3569 sciebatis
1521 3514 1637 3583 quia
1672 3514 1931 3584 oportebat
1957 3516 2058 3567 im-

493 3606 620 3675 pleri
640 3608 808 3659 omnia
829 3620 939 3675 qua:
958 3606 1054 3658 scri
1059 3612 1144 3673 pta
1169 3612 1283 3658 sunt
1307 3605 1359 3658 in
1382 3603 1516 3674 Lege
1536 3602 1702 3673 Moysi
1723 3612 1769 3657 et
1791 3603 2060 3673 Pr0phetis

494 3704 540 3748 et
566 3694 788 3749 Psalmis
813 3695 875 3749 de
894 3696 1009 3750 me?
1030 3695 1096 3749 Et
1115 3695 1233 3764 quia
1258 3695 1329 3749 illi
1356 3694 1642 3749 credebant
1664 3695 1828 3767 Moysi
1857 3704 1910 3751 et
1931 3695 2061 3750 Pro-

495 3784 710 3853 phctis:
758 3799 940 3840 verum
984 3784 1126 3840 enim
1170 3792 1285 3839 erat
1325 3783 1466 3854 quod
1504 3783 1635 3839 dixit
1678 3784 1964 3849 Abraham,
2000 3785 2062 3840 Si

499 3875 707 3946 Moysen
740 3884 787 3929 et
830 3874 1111 3942 PrOphetas
1154 3892 1253 3927 non
1293 3874 1536 3941 audiunt,
1587 3890 1744 3944 neque
1788 3876 1964 3945 siquis
2002 3892 2062 3931 ca:

498 3968 707 4021 mortuis
743 3967 1086 4035 resurrexerit,
1131 3968 1329 4020 credent
1369 3984 1388 4020 :
1430 3967 1551 4035 quia
1599 3982 1725 4037 ergo
1774 3967 2062 4023 credebant

496 4058 661 4129 Moysi
707 4068 761 4113 et
790 4058 1098 4128 Prophetis,
1130 4065 1186 4113 et
1212 4073 1316 4113 non
1360 4068 1510 4114 erant
1539 4058 1604 4114 de
1634 4059 1759 4128 ipsis
1801 4075 1935 4129 quos
1972 4076 2062 4116 rc-

496 4147 775 4217 prehendit
813 4147 1108 4215 Abraham,
1157 4147 1434 4203 audierunt
1470 4149 1610 4219 quod
1651 4150 1722 4205 ait
1773 4150 2059 4220 Dominus,

498 4237 619 4293 Non
643 4239 868 4294 sciebatis
890 4241 1007 4311 quia
1034 4240 1289 4309 oportebat
1332 4240 1531 4311 impleri
1551 4243 1719 4295 omnia
1741 4260 1852 4313 qua:
1873 4244 2062 4314 scripta

495 4337 613 4381 sunt
651 4328 704 4382 in
730 4327 860 4401 Lege
899 4328 1065 4400 Moysi
1110 4340 1155 4384 et
1185 4329 1453 4399 Pr0phetis
1482 4340 1524 4386 et
1569 4331 1791 4386 Psalmis
1834 4334 1895 4386 de
1935 4350 2011 4387 me
2033 4334 2059 4387 Ρ

500 4416 640 4473 Ecce
688 4419 777 4488 qui
827 4419 1169 4475 crediderunt
1206 4419 1371 4492 Moysi
1415 4430 1467 4475 et
1509 4421 1790 4492 Prophetis
1816 4464 1832 4489 ,
1885 4423 2059 4480 videte

496 4508 938 4578 quemadmodum
962 4525 1024 4565 ex
1057 4510 1289 4581 ipsorum
1319 4513 1618 4568 testimonio
1646 4515 1871 4570 credunt
1899 4516 1946 4570 ei
1973 4515 2060 4584 qui

499 4600 732 4653 surrexit
756 4614 786 4653 a
816 4602 1037 4656 mortuis
1065 4618 1077 4653 :
1113 4600 1251 4655 Tunc
1292 4604 1487 4671 aperuit
1510 4604 1613 4659 illis
1640 4621 1861 4672 sensum,
1893 4615 1949 4659 ut
1982 4607 2065 4660 in-

500 4688 775 4758 telligerent
802 4689 1120 4761 Scripturas;
1145 4701 1189 4746 et
1219 4692 1345 4746 dixit
1374 4694 1473 4760 eis,
1525 4693 1776 4758 Quoniam
1816 4696 1892 4749 sic
1936 4698 2066 4750 scri-

500 4789 643 4849 ptum
668 4788 759 4847 est,
800 4790 847 4835 et
882 4782 953 4835 sic
992 4783 1244 4853 Oportebat
1281 4784 1534 4840 Christum
1566 4786 1691 4855 pati,
1720 4794 1766 4840 et
1803 4804 1834 4841 a
1860 4789 2066 4843 mortuis

501 4886 762 4942 resurgere
784 4874 927 4927 tertia
954 4873 1053 4927 die.

571 4961 659 5017 18.
690 4962 863 5019 Habes
881 4962 990 5033 jam
1020 4978 1271 5035 sponsum
1298 4964 1568 5023 Ecclesiae.
1600 4967 1667 5023 Et
1706 4984 1811 5025 non
1841 4970 1965 5027 hinc
1986 4980 2069 5028 ta-

500 5051 609 5108 cuit
630 5052 860 5125 Moyses,
881 5069 985 5110 non
1012 5054 1135 5111 hinc
1161 5065 1436 5113 tacuerunt
1464 5058 1764 5129 Prophetae,
1790 5061 2063 5118 Christum

501 5152 923 5200 resurrecturum
973 5160 1003 5201 a
1031 5147 1252 5203 mortuis
1298 5149 1451 5204 tertia
1478 5148 1565 5206 die
1591 5167 1605 5216 ;
1633 5166 1913 5222 passurum
1938 5195 1953 5222 ,
1981 5169 2069 5211 re-

503 5244 887 5292 surrecturum.
925 5237 1230 5310 Descriptus
1255 5248 1339 5295 est
1364 5240 1517 5296 nobis
1566 5256 1794 5312 sponsus
1816 5284 1830 5309 ,
1863 5253 1920 5299 ιιι
1960 5261 2067 5301 non

502 5340 763 5383 erremus.
791 5327 897 5384 Sed
927 5329 1105 5385 nescio
1130 5331 1217 5401 qui
1245 5332 1479 5386 existunt
1508 5373 1523 5399 ,
1552 5340 1605 5386 et
1632 5332 1752 5401 quia
1781 5348 1889 5388 non
1915 5349 2068 5390 erra-

502 5432 625 5474 mus
648 5419 702 5475 in
727 5434 923 5492 sponso
950 5462 966 5490 ,
988 5428 1041 5478 ct
1089 5420 1189 5493 ipsi
1217 5422 1464 5478 videntur
1492 5437 1555 5479 ea
1584 5438 1703 5494 quae
1732 5431 1786 5479 et
1817 5439 1917 5480 nos
1945 5439 2065 5482 crc-

508 5510 635 5567 dcre
659 5512 726 5568 de
747 5527 966 5584 sponso,
988 5522 1047 5569 ut
1091 5528 1121 5569 a
1169 5514 1422 5573 membris
1448 5515 1630 5585 sponsi
1660 5530 1758 5571 nos
1797 5524 2067 5587 avocent,

504 5601 688 5658 dicunt
703 5603 855 5659 nobis
884 5623 898 5660 :
925 5603 1043 5674 Ipse
1070 5613 1152 5660 est
1178 5604 1388 5676 quidem
1410 5619 1635 5675 sponsus
1649 5622 1805 5677 quem
1832 5607 2066 5677 creditis,

508 5706 669 5766 quem
701 5704 755 5751 et
780 5711 877 5750 nos
903 5695 1166 5751 credimus
1197 5714 1209 5749 :
1239 5696 1331 5752 sed
1358 5712 1551 5767 sponsa
1579 5700 1682 5752 non
1709 5708 1789 5752 cst
1815 5698 1927 5769 ipsa
1970 5696 2070 5754 Ec-

566 5785 585 5818 ι
605 5785 831 5860 ΑιηἹμιιὶ
845 5786 1086 5860 desperati
1099 5792 1206 5837 stmt
1228 5786 1433 5838 nutriere.
1463 5794 1536 5837 Er.
1562 5795 1615 5839 et
1636 5785 1819 5859 aliquot
1838 5795 1962 5852 Mss,
1988 5788 2072 5852 qui
2110 5852 2137 5860 η

501 5845 744 5909 desperati
756 5845 863 5897 sum
878 5845 1089 5897 vulnera.

508 5968 513 5969 γ
572 5907 605 5947 s‘
620 5907 813 5962 Videtur
837 5909 1118 5975 legendum,
1143 5910 1425 5974 voluptatem
1439 5911 1652 5964 tenentis.

1689 463 1748 522 S.
1787 448 2148 521 AUGUSTINI
2184 446 2481 515 EPISGOPI

3562 454 3710 517 1998

2143 595 2303 651 clesia
2333 609 2489 665 quam
2517 593 2725 649 tenetis.
2752 592 2822 648 Et
2849 605 2967 663 qua:
3008 587 3266 647 illa'csti
3314 589 3445 648 Pars
3489 592 3710 651 Donati.

2136 685 2207 740 Et
2233 685 2335 740 hoc
2359 696 2442 741 est
2467 685 2607 756 quod
2634 694 2689 739 tu
2714 683 2845 740 dicis
2872 701 2885 737 :
2917 683 3019 739 hoc
3046 692 3102 737 tu
3148 682 3307 750 dicis,
3338 697 3404 738 an
3434 698 3663 754 sponsus
3684 683 3713 737 ἲ

2137 774 2219 831 Τιι
2242 774 2393 840 dicis,
2433 791 2501 831 an
2549 776 2689 830 Deus
2736 789 2833 845 per
2869 773 3128 845 Moysen?
3157 771 3298 828 Ecce
3349 788 3445 843 per
3488 773 3712 844 Moysen

2139 866 2432 922 Ecclesiam
2456 876 2611 921 teneo
2643 882 2656 919 :
2686 864 2885 920 dictum
2912 872 2995 921 est
3032 879 3062 918 a
3082 864 3285 936 Moyse,
3318 863 3384 918 In
3411 866 3599 919 semine
3623 874 3713 919 tuo

2140 958 2491 1013 benedicentur
2517 974 2687 1012 omnes
2713 967 2900 1028 gentes.
2940 956 3019 1011 Tu
3048 955 3202 1021 dicis,
3231 971 3299 1010 an
3343 955 3569 1026 Spiritus
3618 957 3715 1010 Dei

2141 1066 2237 1122 per
2258 1051 2587 1121 Prophetas?
2612 1050 2748 1105 Ecce
2776 1065 2871 1119 per
2896 1048 3189 1117 Prophetas
3204 1046 3493 1102 Ecclesiam
3516 1056 3672 1101 teneo
3697 1064 3714 1100 :

2142 1141 2338 1196 dictum
2371 1149 2453 1196 est
2491 1156 2587 1211 per
2640 1140 2960 1210 Prophetam
2985 1180 3000 1206 ,
3048 1137 3614 1205 Commemorabuntur,
3669 1148 3720 1191 et

2151 1241 2496 1286 convertentur
2531 1231 2598 1284 ad
2641 1230 2914 1286 Dominum
2950 1230 3174 1285 universi
3226 1231 3353 1300 ﬁnes
3383 1241 3546 1286 terrae.
3576 1230 3721 1285 Ecce

2140 1323 2248 1395 jam
2274 1333 2427 1379 teneo
2452 1324 2812 1379 testimonium
2842 1322 2999 1392 Legis
3016 1330 3071 1377 et
3090 1321 3448 1377 testimonium
3473 1320 3719 1389 Prophe-

2144 1428 2351 1485 tarum;
2383 1418 2659 1473 audiamus
2703 1426 2758 1471 et
2793 1431 2913 1470 eum
2964 1415 3053 1486 qui
3103 1414 3337 1470 surrexit
3386 1428 3415 1467 a
3466 1414 3719 1467 mortuis.

2145 1507 2388 1564 Ostendit
2413 1522 2473 1563 se
2508 1521 2787 1577 sponsum,
2811 1515 3054 1561 tenemus
3079 1520 3222 1560 eum.
3253 1504 3598 1560 Conﬁrmavit
3625 1501 3724 1557 de-

2146 1599 2515 1665 monstrando,
2564 1597 2872 1654 exhibendo
2900 1599 3225 1653 testimonia.
3252 1596 3366 1654 Hoc
3394 1596 3541 1652 enim
3570 1596 3722 1668 Moy-

2149 1706 2256 1760 ses,
2289 1691 2391 1745 hoc
2417 1690 2698 1761 Propheta:
2719 1731 2734 1756 ,
2763 1689 2882 1759 quia
2928 1687 3186 1756 oportebdt
3216 1690 3321 1760 pati
3366 1688 3639 1752 Christum,
3676 1696 3726 1741 et

2149 1799 2410 1853 resurgere
2438 1782 2587 1836 tertia
2633 1781 2733 1835 die.
2780 1780 2897 1835 Jam
2948 1795 3076 1850 ergo
3126 1780 3247 1850 quia
3294 1788 3539 1835 tenemus
3564 1778 3725 1833 ambo

2149 1891 2403 1947 sponsum
2434 1890 2499 1929 ex
2543 1874 2673 1945 ipsis
2697 1873 2907 1939 verbis,
2947 1882 3003 1929 et
3052 1881 3178 1943 puto
3224 1873 3346 1943 quia
3390 1873 3499 1941 jam
3534 1872 3726 1940 incipis

2153 1983 2360 2025 mecum
2390 1966 2610 2023 credere
2654 1974 2708 2023 et
2748 1965 2834 2020 his
2864 1965 3039 2019 verbis
3070 1965 3259 2035 Moysi,
3293 1974 3346 2018 et
3400 1963 3722 2034 Prophetis;

2151 2059 2433 2115 credamus
2456 2066 2511 2113 et
2538 2056 2588 2114 ei
2615 2057 2705 2127 qui
2744 2056 3039 2111 resurrexit
3080 2070 3110 2109 a
3165 2055 3410 2109 mortuis.
3439 2054 3725 2124 Sequatur,

2152 2160 2208 2206 et
2234 2150 2396 2205 dicat.
2427 2149 2470 2204 Ο
2500 2148 2744 2213 Domine,
2776 2147 2931 2201 video
2970 2147 3078 2215 jam
3111 2160 3365 2215 sponsum
3398 2144 3673 2199 Christum
3709 2160 3725 2209 ;

2153 2242 2350 2297 factum
2404 2250 2524 2296 est:
2556 2255 2623 2294 ne
2654 2239 2771 2308 quis
2816 2253 2900 2293 me
2929 2247 3115 2292 avocet
3147 2253 3177 2291 a
3230 2237 3484 2292 membris
3509 2249 3725 2305 sponsa:

2154 2341 2257 2389 tute
2281 2376 2295 2399 ,
2328 2342 2382 2389 et
2412 2348 2516 2387 non
2549 2332 2622 2387 sis
2660 2332 2790 2385 mihi
2817 2340 2974 2400 caput
2994 2371 3008 2395 ,
3039 2331 3082 2384 si
3116 2344 3215 2399 ego
3241 2329 3291 2383 in
3320 2329 3574 2383 membris
3599 2328 3720 2397 ejus

2154 2441 2261 2480 non
2288 2424 2468 2487 fuero;
2511 2422 2594 2476 dic
2620 2420 2745 2475 mihi
2775 2430 2828 2475 et
2855 2420 2923 2475 de
2949 2419 3183 2475 Ecclesia
3207 2418 3401 2488 aliquid
3424 2434 3438 2481 ;
3472 2420 3595 2488 quia
3617 2418 3726 2487 jam

2155 2514 2223 2569 de
2251 2528 2448 2583 sponso
2483 2513 2597 2581 ejus
2626 2526 2731 2564 non
2760 2510 2961 2564 dubito.
2997 2510 3134 2564 Audi
3162 2518 3220 2563 ct
3250 2508 3316 2563 de
3344 2508 3602 2563 Ecclesia.
3634 2508 3732 2563 Se-

2157 2605 2342 2675 quitur
2366 2612 2420 2659 et
2461 2602 2588 2657 dicit
2615 2620 2628 2655 :
2651 2600 2928 2656 Prwdicari
2959 2601 3011 2653 in
3036 2600 3236 2653 nomine
3256 2600 3364 2669 ejus
3393 2600 3732 2670 pmnitenliam

2160 2707 2208 2752 et
2231 2695 2570 2750 remissionem
2610 2703 2946 2763 peccatorum.
2978 2692 3117 2747 Nihil
3161 2694 3359 2758 verius,
3394 2692 3661 2761 prttdicari
3682 2692 3733 2744 in

2158 2787 2356 2841 nomine
2382 2788 2488 2857 ejus
2536 2785 2876 2856 paenitentiam
2915 2793 2963 2837 et
3013 2783 3352 2836 remissionem
3393 2789 3729 2851 peccatorum.

2158 2876 2263 2933 Sed
2295 2876 2396 2931 hoc
2422 2875 2511 2930 ubi
2534 2876 2558 2929 ‘l
2585 2876 2687 2929 Alii
2718 2873 2860 2929 enim
2888 2874 3104 2940 dicunt,
3129 2871 3261 2926 Ecce
3290 2873 3409 2936 hic;
3438 2872 3553 2937 alii,
3602 2871 3737 2926 Ecce

2160 2969 2287 3022 illic.
2328 2969 2395 3022 Et
2423 2967 2545 3038 quid
2574 2967 2725 3037 ipse?
2754 2966 2930 3020 Nolite
2967 2966 3164 3019 credere
3185 2981 3203 3020 :
3223 2974 3489 3036 exsurgent
3519 2964 3734 3034 pseudo-

2160 3058 2336 3112 christi
2357 3067 2402 3112 et
2431 3058 2915 3128 pseudOprophetw,
2963 3066 3009 3110 et
3036 3057 3222 3121 dicent,
3255 3054 3387 3110 Ecce
3414 3056 3515 3120 hic,
3547 3066 3593 3109 et
3626 3069 3737 3112 ecce

2159 3148 2266 3204 illic
2294 3148 2503 3223 (Matth.
2525 3165 2669 3216 xxrv,
2698 3148 2789 3216 2'5,
2823 3149 2938 3219 24).
2984 3148 3099 3203 Νοιι
3126 3149 3269 3203 enim
3309 3148 3377 3203 de
3422 3148 3536 3217 ipso
3564 3148 3738 3217 capite

2161 3240 2364 3306 dicunt,
2393 3240 2526 3295 Ecce
2549 3242 2649 3307 hic,
2679 3250 2724 3295 et
2751 3258 2862 3296 ecce
2902 3240 3049 3306 illic;
3080 3251 3262 3295 notum
3291 3250 3374 3295 est
3418 3243 3560 3295 cnim
3590 3240 3734 3309 quod

2162 3331 2407 3389 Christus
2457 3333 2509 3389 in
2559 3333 2712 3388 caelis
2742 3342 2857 3388 est:
2887 3332 2980 3387 sed
3019 3332 3086 3386 de
3113 3332 3350 3387 Ecclesia
3379 3331 3467 3385 ubi
3496 3330 3739 3385 Christus

2162 3431 2266 3491 cst,
2293 3423 2383 3493 qui
2408 3424 2499 3489 ait,
2533 3421 2665 3476 Ecce
2692 3440 2782 3492 ego
2803 3423 3053 3476 vobiscum
3092 3438 3203 3476 sum
3228 3438 3384 3492 usque
3406 3420 3474 3475 ad
3495 3437 3732 3475 consum-

2162 3516 2433 3568 mationem
2458 3515 2630 3569 steculi
2660 3514 2769 3587 (Id.
2801 3530 2963 3569 xxvut
2989 3554 3003 3579 ,
3030 3514 3146 3585 20).
3178 3514 3282 3569 Sed
3330 3514 3404 3568 ait
3436 3514 3690 3568 Dominus
3719 3530 3735 3571 :

2166 3604 2340 3659 Nolite
2360 3606 2561 3659 credere
2583 3621 2602 3659 :
2622 3606 2712 3675 qui
2734 3604 2881 3673 dicit,
2906 3605 3037 3659 Ecce
3074 3606 3177 3673 hic,
3204 3614 3250 3659 et
3271 3620 3381 3659 ecce
3408 3604 3531 3669 illic,
3561 3613 3738 3674 partes

2164 3696 2434 3764 ostendit;
2494 3712 2592 3767 ego
2630 3706 2798 3752 totum
2849 3699 2977 3753 emi.
3012 3699 3164 3753 Dicat
3192 3697 3321 3752 mihi
3352 3696 3453 3752 hoc
3500 3697 3738 3767 Evange-

2166 3787 2294 3844 lium
2321 3807 2335 3844 :
2362 3788 2447 3844 die
2478 3788 2577 3844 hoc
2602 3789 2715 3859 ipse
2740 3804 2803 3843 ex
2833 3788 3141 3859 Evangelio,
3167 3789 3288 3859 quia
3311 3790 3419 3856 jam
3446 3787 3740 3843 resurrexi-

2165 3878 2233 3933 sti
2260 3893 2291 3933 a
2335 3879 2559 3933 mortuis
2581 3921 2596 3946 ,
2629 3888 2690 3934 ut
2715 3878 2937 3935 credant
2972 3879 3064 3933 tibi
3108 3878 3197 3949 qui
3235 3878 3457 3933 credunt
3483 3877 3647 3948 Moysi
3685 3883 3741 3933 et

2166 3969 2446 4041 Prophetis
2471 3988 2485 4036 ;
2516 3971 2603 4025 dic
2628 3971 2758 4025 mihi
2784 3970 2887 4025 hoc
2925 3979 3001 4024 tu.
3033 3970 3204 4025 Audio
3245 3988 3258 4024 :
3288 3969 3561 4040 Oportebat
3589 3970 3741 4025 Chri-

2165 4070 2300 4115 stum
2321 4062 2427 4131 pati
2458 4070 2503 4114 et
2524 4076 2782 4130 resurgere
2807 4061 2952 4113 tertia
2972 4060 3072 4125 die,
3105 4069 3150 4114 et
3172 4061 3439 4130 praedicari
3465 4061 3517 4113 in
3542 4060 3742 4113 nomine

2166 4152 2278 4222 ejus
2294 4151 2637 4221 pcenitentium
2662 4160 2707 4204 et
2740 4151 3080 4205 remissionem
3106 4160 3421 4221 peccatorum
3451 4166 3538 4220 per
3560 4164 3740 4204 omnes

2167 4252 2335 4314 gentes
2357 4284 2373 4310 ,
2403 4243 2754 4312 incipientibus
2775 4243 2836 4295 ab
2858 4241 3145 4297 Jerusalem
3167 4242 3314 4314 (Luc.
3346 4258 3490 4306 xxrv,
3531 4240 3736 4311 13-47).

2169 4335 2305 4405 Quid
2332 4346 2433 4401 est,
2468 4336 2759 4392 hmretice?
2799 4333 2958 4390 Certe
3007 4350 3127 4390 cum
3169 4337 3450 4391 recitarem
3483 4335 3697 4406 Moysen
3720 4374 3737 4401 ,

2170 4439 2294 4481 cum
2324 4426 2603 4481 recitarem
2634 4424 2927 4495 Prophetas
2956 4465 2970 4490 ,
3000 4424 3247 4480 distulisti
3297 4425 3362 4478 ad
3390 4439 3513 4479 eum
3539 4423 3629 4494 qui
3656 4437 3742 4479 re-

2170 4526 2507 4573 surrecturus
2550 4525 2665 4571 crat
2707 4532 2736 4570 a
2789 4516 3012 4571 mortuis
3037 4533 3050 4569 :
3075 4531 3198 4572 ecce
3256 4517 3587 4581 resurrexit,
3617 4529 3743 4571 ecce

2172 4606 2337 4672 dixit;
2368 4617 2472 4661 tam
2502 4606 2700 4660 nullam
2728 4606 2889 4661 habet
2917 4606 3301 4662 dubitationem
3328 4605 3565 4662 Ecclesia
3591 4605 3745 4661 Chri-

2171 4697 2239 4752 8ti
2268 4706 2322 4752 et
2341 4711 2478 4752 uxor
2506 4695 2725 4764 Christi,
2753 4713 2910 4767 quam
2941 4698 3138 4752 nullam
3162 4698 3323 4754 habet
3360 4698 3743 4754 dubitationem

2173 4804 2366 4860 corpus
2388 4789 2587 4845 Christi
2612 4833 2627 4855 ,
2683 4789 3106 4846 demonstratum
3133 4791 3324 4858 oculis,
3353 4799 3743 4847 contrectatam

2177 4881 2425 4937 manibus
2452 4880 2853 4952 discipulorum.
2886 4883 3024 4939 Ecce
3065 4885 3158 4954 qui
3203 4884 3498 4939 resurrexit
3528 4897 3557 4937 a
3601 4897 3746 4938 mor-

2176 4974 2279 5030 tuis
2329 4983 2615 5045 utrumque
2659 4974 2893 5031 ostendit
2944 4975 3223 5031 :OSIendit
3267 4984 3429 5047 caput
3458 5016 3473 5043 ,
3510 4973 3745 5031 ostendit

2144 5064 2705 5140 .membra;ostendit
2750 5081 3026 5136 sponsum,
3058 5066 3291 5122 ostendit
3316 5081 3590 5137 sponsam.
3637 5067 3746 5122 Aut

2175 5170 2459 5229 utrumque
2501 5173 2707 5214 mecum
2763 5158 2941 5226 crede,
2969 5167 3061 5215 aut
3111 5159 3236 5214 illud
3265 5159 3316 5213 in
3338 5150 3767 5214 damnationem'

2175 5260 2319 5307 tuam
2343 5251 2540 5306 credis.
2571 5250 2709 5318 Quid
2739 5250 2880 5306 enim
2919 5252 3041 5321 quia
3073 5250 3371 5307 resurrexit
3416 5265 3447 5304 a
3474 5250 3696 5306 mortuis
3721 5289 3745 5320 ,

2175 5342 2297 5413 quia
2329 5343 2380 5397 in
2429 5340 2616 5397 eodem
2645 5354 2871 5411 corpore
2896 5340 3230 5396 resurrexit?
3255 5341 3423 5407 Bene,
3452 5341 3574 5411 quia
3599 5340 3743 5396 cica-

2176 5434 2340 5490 trices
2367 5431 2635 5498 ostendit;
2667 5432 2789 5502 quia
2815 5439 2873 5486 ut
2901 5431 3190 5487 cruciﬁxus
3217 5440 3301 5487 est
3327 5474 3343 5499 ,
3373 5442 3435 5487 ut
3456 5432 3696 5502 sepultus
3726 5471 3744 5499 ,

2178 5526 2252 5583 ita
2284 5524 2544 5591 redditus,
2574 5524 2647 5579 ita
2698 5523 3093 5580 demonstratae
3127 5544 3141 5580 :
3169 5523 3370 5595 optime
3393 5525 3598 5592 credis;
3626 5524 3749 5580 audi

2179 5617 2326 5673 illum
2348 5615 2656 5684 loquentem
2682 5614 2735 5669 in
2761 5630 2919 5685 quem
2944 5615 3139 5671 credis.
3174 5615 3455 5671 Prwdicari
3476 5616 3528 5669 in
3549 5615 3752 5670 nomine

2178 5707 2287 5779 ejus
2315 5705 2651 5775 paenitentiam
2676 5714 2723 5759 et
2746 5706 3086 5761 remissionem
3110 5716 3450 5777 peccatorum.
3474 5705 3616 5763 Ubi?
3644 5704 3749 5761 Per

2180 5797 2316 5852 latas
2355 5804 2547 5850 terras.
2593 5796 2649 5851 Si
2675 5796 2866 5853 vellem
2897 5796 3027 5852 illud
3051 5811 3152 5868 ego
3175 5797 3378 5864 dicere,
3405 5797 3516 5867 jam
3542 5796 3749 5852 luctans

2193 5886 2447 5948 adversus
2471 5885 2749 5944 haereticos
2768 5928 2785 5958 ,
2810 5886 3201 5963 iampugnans,
3228 5886 3341 5961 jam
3382 5887 3586 5950 habens
3623 5899 3747 5970 cunt
