4080 6518
353 389 491 448 Ιθὲἓ)

344 524 456 580 illis
494 521 798 579 conﬂictum
830 530 990 578 tantm
1034 522 1382 594 qumstionis;
1414 541 1516 579 non
1549 525 1673 581 illud
1697 525 1931 582 dicerem

342 619 427 674 sic
448 629 634 674 contra
667 629 961 689 praesentes
1001 621 1280 676 hmreticos
1301 662 1317 689 ,
1348 623 1618 692 quomodo
1643 623 1773 678 illud
1802 624 1936 680 dixit

343 713 439 770 ille
464 721 650 768 contra
685 713 910 768 futuros.
941 713 1081 782 Quid
1120 715 1200 769 vis
1223 715 1489 785 amplius?
1515 715 1781 771 Rcmissio
1811 732 1935 787 pec-

343 813 589 858 catorum
638 804 691 858 in
747 802 944 859 Christi
998 804 1214 861 nomine
1261 806 1599 876 prtedicatur.
1658 807 1800 863 Ubi?
1831 807 1934 862 Per

344 909 522 950 autne:
547 903 734 965 gentes.
767 893 956 951 Unde?
978 895 1241 967 Incipiens
1266 897 1328 952 ab
1351 896 1656 953 Jerusalem.
1678 898 1931 954 Commu-

343 984 467 1040 nica
501 985 622 1040 huic
645 985 916 1041 Ecclesite.
935 985 1112 1054 Quare
1139 986 1442 1057 litigamus?
1460 987 1634 1059 C(epit
1651 991 1793 1045 enim
1819 989 1933 1048 ha'c

350 1075 594 1132 Ecclesia
620 1077 689 1131 ab
711 1077 1009 1134 Jerusalem
1054 1079 1153 1133 ista
1183 1089 1415 1146 terrena,
1448 1091 1503 1134 ut
1527 1082 1758 1154 gaudeat
1806 1083 1933 1139 inde

340 1168 458 1225 Deo
480 1170 533 1224 in
575 1171 666 1225 illa
691 1171 989 1228 Jerusalem
1017 1171 1244 1228 caelesti.
1269 1173 1352 1226 Ab
1383 1173 1482 1229 bac
1509 1175 1652 1229 enim
1696 1175 1887 1245 incipit
1911 1203 1928 1242 ,-

341 1259 415 1314 ad
447 1260 591 1315 illam
622 1261 895 1316 terminat.
926 1261 982 1317 In
1024 1262 1113 1318 illa
1144 1271 1252 1318 tota
1281 1262 1523 1319 Ecclesia
1549 1265 1653 1320 erit
1683 1306 1698 1331 ,
1732 1265 1802 1320 ab
1831 1266 1930 1321 ista

338 1350 624 1407 exordium
649 1352 769 1407 fidei
799 1353 1045 1424 sumpsit.

415 1442 506 1500 19.
539 1444 684 1516 Lege
735 1447 903 1501 Actus
945 1446 1323 1516 Apostolorum
1353 1489 1367 1512 ,
1412 1447 1458 1503 si
1485 1446 1623 1504 forte
1655 1448 1887 1504 mentior
1910 1491 1925 1515 ,

335 1537 614 1607 quomodo
640 1537 713 1592 ibi
753 1546 910 1594 erant
935 1541 1243 1610 congregati
1283 1539 1552 1611 discipuli,
1585 1555 1706 1596 cum
1728 1541 1932 1598 veniret

335 1627 572 1699 Spiritus
613 1640 859 1695 sanctus;
910 1640 968 1685 ut
1005 1631 1326 1687 ostendatur
1361 1632 1453 1687 tibi
1484 1632 1626 1702 quod
1661 1633 1794 1688 dixit
1831 1633 1931 1686 Do-

335 1721 540 1789 minus,
570 1719 940 1790 Incipientibus
967 1723 1028 1778 ab
1065 1721 1392 1788 Jerusalem;
1430 1723 1700 1792 quomodo
1739 1725 1930 1795 linguis

335 1813 579 1869 omnium
607 1814 772 1869 locuti
803 1823 927 1869 sunt
958 1815 1011 1868 in
1056 1830 1194 1884 quos
1240 1817 1384 1871 venit
1431 1814 1662 1886 Spiritus
1704 1827 1926 1874 sanctus

335 1906 477 1971 (Act.
497 1921 536 1970 ι,
554 1907 716 1972 4ο14;
745 1916 791 1961 et
816 1923 872 1970 ιι,
897 1906 1069 1976 1-12).
1094 1907 1271 1976 Quare
1291 1923 1397 1962 non
1416 1909 1498 1962 vis
1520 1909 1660 1979 loqui
1682 1909 1923 1964 omnium

337 1999 576 2070 linguis?
618 1999 760 2055 Ecce
805 1999 878 2054 ibi
922 2013 1112 2052 omnes
1155 2000 1350 2070 lingua:
1398 1998 1713 2055 senuerunt.
1754 2000 1928 2068 Quare

336 2092 502 2147 modo
550 2093 636 2148 eui
705 2092 866 2148 datur
916 2091 1146 2162 Spiritus
1209 2101 1428 2148 sanctus
1459 2135 1474 2157 ,
1531 2111 1637 2148 non
1695 2093 1930 2164 loquitur

334 2183 577 2238 omnium
618 2173 846 2256 linguis?
891 2183 1005 2239 Hoc
1034 2184 1177 2239 enim
1229 2193 1353 2239 tunc
1403 2193 1520 2239 erat
1549 2184 1800 2240 indicium
1839 2201 1929 2240 ve-

337 2276 541 2332 nientis
555 2276 608 2332 in
636 2277 886 2332 homines
907 2276 1138 2347 Spiritus
1162 2277 1356 2344 sancti,
1384 2287 1442 2331 ut
1468 2277 1662 2348 linguis
1687 2277 1925 2332 omnimn

335 2365 702 2437 loquerentur.
737 2367 895 2422 Modo
925 2367 1050 2438 quid
1080 2369 1320 2422 dicturus
1349 2383 1408 2423 es
1432 2407 1448 2433 ,
1483 2367 1776 2422 Inerctice?
1803 2371 1924 2439 quia

336 2473 444 2512 non
471 2457 628 2512 datur
656 2458 888 2529 Spiritus
906 2459 1158 2514 sanctus?
1185 2457 1300 2514 Non
1323 2458 1466 2525 dico,
1505 2458 1605 2515 Ubi
1643 2459 1660 2492 ³
1686 2459 1709 2514 ?
1741 2460 1923 2526 Datur,

341 2564 412 2603 an
442 2565 548 2604 non
573 2550 772 2605 datur?
808 2550 865 2606 Si
906 2566 1009 2605 non
1059 2551 1251 2616 datur;
1293 2550 1418 2620 quid
1451 2550 1701 2621 estquod
1727 2551 1884 2622 agitis
1907 2593 1922 2618 ,

335 2639 626 2710 loquendo,
655 2640 996 2711 baptizando,
1030 2640 1434 2696 benedicendo?
1459 2640 1598 2709 Quid
1638 2651 1722 2696 est
1772 2642 1914 2712 quod

332 2733 536 2803 agitis?
575 2733 754 2788 lnania
785 2733 1090 2790 celebratis.
1117 2734 1260 2804 Ergo
1280 2734 1454 2789 datur.
1483 2734 1537 2788 Si
1575 2735 1763 2798 datur;
1795 2751 1925 2804 qna-

331 2839 398 2881 re
423 2825 617 2895 linguis
642 2827 883 2881 omnium
917 2842 1022 2880 non
1037 2826 1531 2897 loquuntnrquibus
1547 2827 1750 2881 datur?
1769 2826 1925 2881 Num-

328 2914 460 2984 quid
489 2915 683 2970 defeeit
709 2916 906 2970 donum
939 2917 1027 2970 Dei
1049 2957 1066 2978 .
1105 2924 1196 2970 aut
1235 2917 1408 2972 mittor
1429 2926 1509 2972 est
1536 2917 1776 2970 fluetus?
1795 2915 1924 2971 Cre-

329 3016 524 3062 verunt
547 3007 744 3062 zizania
767 3050 781 3072 ,
809 3007 902 3062 sed
947 3018 999 3063 et
1038 3009 1270 3064 triticum
1305 3027 1319 3062 :
1353 3009 1518 3065 Sinite
1567 3021 1779 3080 utraque
1815 3026 1923 3065 cre-

325 3107 468 3154 scere
495 3115 651 3169 usque
697 3100 764 3152 ad
802 3116 1012 3154 messem
1050 3098 1266 3172 (Matth.
1299 3118 1412 3164 xui,
1445 3101 1559 3169 50).
1593 3101 1709 3155 Non
1751 3101 1917 3168 dixit,

323 3189 589 3247 Crescunt
637 3191 874 3258 zizania,
925 3191 1200 3246 decrescat
1255 3193 1920 3261 frumentum;utrumque

323 3281 518 3337 crevit.
551 3281 726 3349 Quare
756 3297 861 3334 non
886 3291 1108 3350 apparet
1133 3280 1292 3335 modo
1319 3280 1550 3350 Spiritus
1597 3291 1814 3334 sanctus
1860 3281 1914 3336 in

323 3371 523 3440 linguis
552 3371 838 3426 omnibus?
870 3371 980 3425 Imo
1006 3385 1134 3425 vero
1154 3381 1375 3440 apparet
1402 3371 1453 3424 in
1497 3370 1688 3439 linguis
1726 3371 1900 3424 omni-

325 3462 432 3518 bus
463 3481 476 3517 :
509 3472 636 3516 tunc
675 3463 818 3517 enim
849 3462 1084 3516 nondum
1107 3471 1226 3517 erat
1255 3462 1490 3517 Ecclesia
1521 3477 1620 3532 per
1649 3470 1912 3518 terrarmn

327 3555 520 3610 orbem
547 3554 768 3619 diffusa,
803 3562 862 3608 ut
903 3555 1146 3608 membra
1187 3551 1384 3608 Christi
1413 3555 1464 3608 in
1497 3554 1750 3608 omnibus
1777 3570 1912 3624 gen-

325 3646 472 3700 tibus
513 3645 876 3715 loquerentur.
931 3644 1082 3698 Tunc
1149 3643 1470 3714 implebatnr
1497 3644 1547 3698 in
1578 3661 1724 3710 ιιιιο,
1773 3645 1914 3712 quod

324 3737 790 3814 prtenunt'iahalur
819 3738 870 3791 in
894 3736 1167 3791 omnibus.
1200 3736 1317 3791 Jam
1341 3743 1510 3790 totum
1533 3751 1730 3806 corpus
1755 3735 1912 3792 Chri-

324 3831 396 3884 sti
425 3828 657 3899 loquitur
692 3829 933 3882 omnium
976 3828 1205 3898 linguis:
1241 3835 1298 3882 et
1324 3827 1518 3897 quibus
1561 3828 1801 3882 nondum
1828 3829 1912 3884 lo-

323 3921 528 3991 quitur,
559 3921 821 3991 loquetur.
863 3920 1084 3974 Crescct
1127 3920 1270 3973 enim
1319 3918 1580 3984 Ecclesia,
1613 3918 1786 3974 donec
1822 3935 1913 3976 oc-

320 4023 483 4084 cupet
505 4027 692 4068 omnes
721 4013 949 4081 linguas.
973 4010 1126 4079 Quod
1157 4025 1254 4066 vos
1280 4010 1615 4075 deseruistis,
1635 4026 1912 4081 quousque

323 4105 533 4158 erevit!
567 4103 770 4157 'l‘enete
809 4101 1085 4156 nobiscum
1117 4115 1394 4171 quousque
1434 4102 1680 4167 accessit,
1723 4113 1780 4154 ut
1810 4117 1908 4155 no-

321 4199 530 4252 biscum
553 4195 875 4266 perveniatis
895 4193 958 4247 ad
983 4209 1101 4264 qua!
1129 4193 1364 4247 nondum
1404 4192 1652 4248 accessit.
1697 4192 1911 4262 Loquor

320 4289 564 4344 omnium
592 4285 810 4357 linguis,
847 4285 1022 4339 audeo
1045 4283 1351 4338 tibidicerc.
1386 4282 1440 4336 In
1459 4298 1684 4353 corpore
1712 4282 1906 4338 Christi

319 4396 469 4441 smn,
506 4378 558 4433 in
587 4378 828 4433 Ecclesia
856 4374 1051 4432 Christi
1078 4390 1194 4431 sum
1228 4393 1241 4430 :
1269 4376 1314 4430 si
1355 4390 1549 4445 corpus
1571 4374 1773 4430 Christi
1795 4376 1905 4446 jam

292 4473 560 4526 nuntium
590 4471 784 4541 linguis
810 4470 1064 4538 loquitur,
1099 4477 1152 4523 et
1178 4482 1278 4538 ego
1311 4468 1363 4522 in
1413 4467 1664 4523 omnibus
1707 4468 1905 4539 linguis

319 4579 438 4617 sum
463 4579 478 4628 ;
511 4577 626 4618 mea
660 4571 744 4616 est
770 4577 964 4632 graeca,
987 4575 1104 4614 mea
1130 4568 1214 4615 est
1246 4575 1388 4631 syra,
1414 4575 1532 4614 mea
1557 4569 1642 4616 est
1664 4561 1903 4630 hebraza,

318 4668 437 4707 mea
469 4661 551 4706 est
577 4653 818 4706 omnium
856 4651 1116 4723 gentium,
1149 4651 1272 4722 quia
1302 4652 1354 4705 in
1384 4653 1588 4707 unitate
1633 4667 1751 4708 sum
1780 4668 1902 4709 om-

320 4746 467 4798 nium
498 4745 755 4813 gentimn.

386 4833 476 4890 20.
507 4835 665 4904 Ergo,
703 4833 916 4897 fratres,
959 4833 1124 4903 carpit
1155 4833 1396 4888 Ecclesia
1447 4827 1514 4888 ab
1559 4834 1851 4892 Jerusalem
1883 4855 1897 4902 ;

315 4925 376 4977 iit
401 4914 494 4994 per
523 4939 708 4978 omnes
733 4932 919 4994 gentes
943 4940 956 4976 :
976 4923 1102 4994 quid
1125 4923 1431 4979 evidentius
1458 4923 1559 4977 hoc
1592 4925 1900 4980 testimonio

314 5015 493 5086 Legis,
528 5016 914 5086 Prophetarum
942 5057 957 5082 ,
1019 5015 1187 5086 ipsius
1222 5015 1468 5069 Domini?
1521 5017 1896 5085 Apostolorum

311 5108 510 5178 ubique
539 5116 827 5176 personant
855 5121 1034 5172 voces,
1071 5106 1356 5162 reddentes
1386 5106 1751 5162 testimonium
1777 5111 1890 5178 spei

311 5207 510 5252 nostra:
538 5198 592 5252 in
637 5198 839 5252 unitate
871 5198 1118 5267 corporis
1145 5197 1365 5252 Christi.
1415 5195 1654 5253 Gaudete
1693 5199 1755 5254 in
1786 5199 1898 5254 fru-

309 5288 526 5352 mentis,
551 5288 772 5342 tolerate
799 5289 1001 5342 zizania
1026 5329 1040 5352 ,
1066 5289 1262 5358 gentile
1290 5288 1342 5342 in
1385 5289 1595 5353 tritura,
1631 5289 1894 5359 suspirate

311 5382 365 5435 in
403 5381 675 5435 horreum.
711 5379 902 5435 Veniet
945 5379 1075 5435 illud
1109 5390 1325 5451 tempus
1359 5395 1466 5452 quo
1501 5379 1850 5451 gaudebimus
1875 5425 1890 5448 ,

311 5470 638 5526 confirmatis
676 5470 919 5526 vectibus
949 5480 1226 5541 portarum
1258 5471 1577 5526 Jerusalem.
1608 5471 1775 5528 Intret
1800 5475 1890 5543 qui

310 5570 606 5618 Intraturus
629 5572 730 5618 est.
746 5562 844 5631 Qui
865 5565 987 5619 illuc
1007 5561 1321 5618 manifestus
1345 5563 1583 5628 intrabit,
1613 5563 1716 5618 huc
1738 5563 1892 5619 fictus

311 5671 416 5710 non
459 5655 639 5710 intrat.
689 5654 791 5721 Qui
833 5663 1013 5710 autent
1063 5654 1169 5708 huc
1208 5655 1361 5708 fictus
1407 5655 1588 5720 intrat,
1631 5654 1758 5709 foris
1784 5664 1887 5711 est.

311 5745 464 5800 Foris
483 5754 566 5800 est
589 5787 604 5808 ,
632 5755 688 5800 et
736 5745 905 5801 nescit
937 5763 950 5800 :
984 5744 1336 5799 ventilahrum
1387 5745 1634 5815 probabit
1661 5787 1676 5816 ,
1708 5755 1889 5803 vectes

372 5858 387 5888 ι
413 5862 485 5904 Er.
513 5858 660 5918 Lugd.
696 5864 814 5906 Ven.
840 5863 967 5905 Lov.:
996 5863 1095 5904 Non
1119 5853 1227 5905 dico
1251 5853 1334 5904 tibi
1357 5852 1452 5904 ubi.
1549 5862 1606 5903 ﬂ.

509 5939 733 5999 Sancr.
774 5944 1052 6000 Accusr.
1090 5937 1196 5999 IV.

1454 390 1847 448 ΕΝΑΙὶΙὶΑΤΙΟ
1887 392 1951 448 IN
1992 394 2303 456 PSALMU.“
2345 401 2592 460 CXLVII.

3487 419 3626 476 1930

2047 511 2364 578 probabunt.
2411 517 2512 586 Qui
2549 519 2709 574 modo
2741 537 2865 580 vere
2897 525 3036 579 intus
3073 535 3128 581 et
3158 530 3416 584 veraciter
3446 531 3582 588 intus
3605 577 3618 596 ,

2039 598 2112 655 ibi
2137 601 2360 660 firmiter
2375 606 2554 664 intus:
2583 611 2671 680 qui
2696 621 2874 668 autem
2908 615 2994 672 hic
3021 617 3297 676 tolerando
3343 621 3517 689 intus,
3549 625 3619 681 ιιι

2037 691 2321 784 gaudendo
2361 696 2524 754 intus.
2551 699 2711 758 Fines
2760 705 2902 759 enim
2949 706 3247 766 Jerusalem
3303 728 3438 782 pax;
3471 715 3617 784 quia.

2041 781 2243 858 Posuit,
2266 787 2456 860 inquit,
2509 793 2635 861 ﬁnes
2667 807 2778 850 tuos
2806 816 3002 868 pacem.
3043 801 3202 858 Modo
3249 781 3621 863 desideramus

2037 889 2246 944 pacem,
2275 896 2434 949 quam
2462 884 2548 939 hic
2577 885 2838 944 habemus
2872 891 2926 946 in
2965 907 3080 963 spe.
3130 895 3318 953 Adhuc
3371 900 3514 954 enim
3565 902 3617 957 in

2037 965 2192 1066 nobis
2221 968 2349 1040 ipsis
2394 975 2566 1043 qualis
2613 979 2752 1048 pax?
2805 981 2941 1037 Caro
2989 987 3319 1057 concupiscit
3363 990 3622 1046 adversus

2037 1056 2304 1154 spiritum,
2327 1072 2381 1116 et
2403 1065 2623 1134 spiritus
2650 1069 2915 1126 adversus
2942 1056 3383 1150 carnethulat.
3411 1098 3464 1148 v,
3487 1084 3547 1138 17
3575 1086 3616 1154 ).

2039 1144 2139 1202 Ubi
2169 1150 2325 1242 plena
2353 1171 2452 1224 pax
2485 1158 2537 1212 in
2561 1175 2665 1215 uno
2697 1161 2957 1219 homine?
2989 1144 3211 1234 Quando
3237 1170 3341 1225 erit
3378 1144 3531 1242 plena
3566 1144 3618 1231 in

2037 1252 2145 1294 uno
2177 1240 2412 1312 homine,
2460 1256 2588 1305 tunc
2617 1252 2718 1306 erit
2749 1255 2904 1324 plena
2936 1256 2986 1310 in
3023 1259 3270 1314 onmibus
3303 1240 3508 1318 civibus
3528 1264 3618 1320 Je-

2034 1333 2287 1428 rusalem.
2317 1338 2541 1405 Quando
2561 1345 2659 1399 erit
2689 1347 2838 1416 plena
2865 1351 3003 1420 pax?
3028 1351 3252 1421 Quando
3275 1359 3619 1428 corruptibilo

2037 1422 2138 1479 boc
2174 1425 2406 1486 induerit
2443 1432 2944 1510 incorruptionem,
2999 1453 3052 1499 ct
3101 1449 3328 1505 mortale
3376 1422 3479 1508 hoc
3524 1454 3610 1509 in-

2034 1512 2216 1572 duerit
2259 1519 2712 1614 inunortalitatem
2744 1529 2787 1601 (l
2819 1530 2935 1586 Cor.
2992 1551 3079 1602 xv,
3119 1537 3249 1610 55):
3285 1549 3410 1597 tunc
3452 1544 3610 1614 plena

2037 1617 2171 1695 pax,
2210 1615 2334 1664 tunc
2365 1613 2514 1669 firma
2562 1631 2659 1686 pax
2694 1637 2708 1682 ;
2741 1619 2868 1676 nihil
2897 1623 3066 1695 litigat
3097 1628 3351 1687 adversus
3380 1613 3612 1693 animam

2034 1693 2089 1749 in
2120 1696 2357 1766 homine,
2389 1718 2496 1759 non
2541 1705 2651 1776 ipsa
2691 1693 3082 1780 advel-sumse,
3109 1734 3175 1772 es
3203 1722 3431 1790 quadam
3464 1715 3616 1795 parte

2032 1790 2212 1889 saucia
2232 1807 2250 1856 ;-
2298 1810 2402 1848 non
2433 1797 2610 1853 carnis
2634 1798 2910 1871 fragilitas,
2967 1821 3071 1860 non
3105 1810 3391 1881 indigentia
3422 1790 3615 1888 corpo-

2034 1885 2130 1946 ris,
2168 1897 2271 1938 non
2317 1885 2483 1942 fames
2507 1928 2523 1953 ,
2555 1904 2660 1945 non
2693 1893 2830 1961 sitis,
2884 1911 2988 1951 non
3038 1897 3224 1970 frigus,
3264 1918 3369 1959 non
3425 1885 3610 1975 aestus,

2033 1986 2140 2026 non
2166 1972 2442 2042 lassitudo,
2467 1995 2571 2035 non
2603 1982 2706 2036 ulla
2734 1983 2911 2056 inopia
2930 2028 2946 2051 ,
2999 2005 3102 2044 non
3125 1995 3432 2061 provocatio
3461 1972 3612 2060 rixaz,

2033 2077 2140 2118 non
2173 2074 2321 2122 certe
2369 2068 2482 2137 ipsa
2513 2071 2741 2127 sollicita
2769 2077 2977 2132 cautela
3006 2088 3060 2134 et
3087 2075 3282 2137 vitandi
3333 2077 3615 2144 inimiciet

2031 2151 2304 2225 diligendi.
2337 2158 2462 2214 llaec
2485 2163 2684 2225 ()tllllla.
2719 2163 2911 2222 fratres
2939 2171 3066 2236 mei,
3096 2171 3303 2244 litigant
3323 2176 3608 2234 adversum

2032 2259 2166 2311 nos;
2199 2249 2437 2304 nondum
2462 2261 2544 2308 est
2568 2253 2728 2324 plena
2744 2266 2798 2312 et
2827 2259 3207 2334 perfectapax.
3231 2267 3384 2335 Quod
3414 2269 3616 2326 clama-

2029 2337 2125 2392 stis
2147 2338 2458 2409 jamdudum
2489 2347 2757 2402 nominata
2811 2365 2959 2419 pace,
3007 2369 3070 2409 ex
3123 2355 3389 2414 desiderio
3414 2359 3616 2418 clama-

2027 2431 2162 2498 stis;
2189 2433 2391 2490 clamor
2413 2448 2589 2494 vester
2632 2439 2700 2496 de
2747 2443 2835 2498 siti
2876 2444 2992 2512 fuit,
3034 2464 3140 2504 non
3195 2449 3262 2506 de
3288 2455 3614 2513 saturitate:

2028 2525 2151 2618 quia
2207 2526 2280 2582 ibi
2334 2530 2437 2585 erit
2491 2531 2722 2602 perfecta
2755 2535 2960 2605 jttstitia
2996 2579 3012 2606 ,
3060 2541 3147 2595 ubi
3198 2544 3429 2612 perfecta
3480 2563 3602 2618 pax.

2026 2615 2186 2673 Modo
2250 2623 2517 2680 esurinms
2573 2637 2628 2681 et
2697 2630 2909 2685 sitimus
2967 2633 3247 2702 justitiam.
3310 2615 3612 2714 Beati'qui

2027 2711 2274 2767 esuriunt
2295 2725 2351 2769 et
2374 2716 2562 2772 sitiunt
2575 2717 2860 2790 justitiam,
2885 2726 3137 2793 quoniam
3162 2729 3262 2799 ipsi
3289 2711 3612 2801 satur-abun-

2029 2811 2116 2857 tnr
2144 2803 2356 2866 (Matth.
2381 2823 2430 2874 v,
2459 2809 2536 2878 6).
2565 2809 2844 2877 Quomodo
2867 2815 2964 2884 ipsi
3011 2820 3434 2880 saturabuntur?
3474 2825 3610 2884 Cum

2025 2891 2094 2948 ad
2125 2909 2309 2964 pacem
2361 2900 2684 2954 venerimus.
2721 2901 2846 2957 Ideo
2872 2921 2992 2960 cum
3025 2891 3269 2979 dixisset,
3302 2913 3402 2980 Qui
3433 2923 3600 2985 posuit

2025 2985 2285 3054 ﬁnestuos
2313 3006 2530 3058 pacem;
2572 2995 2694 3062 quia
2719 2993 2791 3048 ibi
2813 2999 3069 3052 saturitas
3111 3012 3164 3056 et
3194 3003 3336 3057 nulla
3360 3005 3610 3078 indigen-

2027 3076 2118 3143 tia,
2146 3077 2382 3134 subdidit
2406 3081 2607 3147 statitn,
2640 3083 2708 3136 Et
2736 3085 2888 3155 adipe
2912 3091 3156 3157 frumenti
3177 3093 3370 3148 satiaris
3399 3105 3447 3150 te

2092 3165 2182 3222 21.
2212 3169 2460 3236 Fratres,
2487 3174 2738 3241 quoniam
2771 3191 2876 3246 pax
2926 3179 3038 3248 ipsa
3081 3181 3150 3237 de
3187 3199 3288 3252 qua
3321 3186 3605 3259 loquimur.

2022 3259 2256 3314 nondum
2281 3270 2363 3316 cst
2383 3263 2436 3316 in
2469 3265 2593 3320 lctis
2625 3267 2777 3322 nobis
2806 3309 2822 3330 ,
2851 3269 2902 3322 id
2935 3280 3018 3324 est
3045 3273 3099 3326 in
3140 3289 3458 3348 unoquoque
3503 3298 3604 3344 no-

2018 3361 2187 3404 etrum
2217 3359 2346 3416 tota,
2372 3353 2548 3410 adhuc
2578 3356 2711 3411 forte
2727 3359 2971 3426 spiritum
2995 3372 3228 3418 vestrum
3257 3367 3482 3424 delectat
3507 3387 3602 3428 an-

2016 3441 2293 3499 direzsed
2337 3445 2383 3500 si
2435 3446 2567 3502 nihil
2613 3449 2811 3504 resistit
2852 3458 2907 3505 ct.
2960 3453 3181 3510 rebellat
3221 3472 3288 3512 ex
3336 3475 3601 3532 corpore,

2019 3535 2264 3592 liniemus
2293 3537 2582 3593 Psalmum.
2616 3539 2885 3612 Fatigatos
2932 3560 3026 3600 vos
3064 3563 3336 3618 nunquam
3386 3533 3601 3622 sentio;

2019 3633 2196 3683 tamen
2220 3644 2426 3695 vereor,
2461 3632 2612 3686 novit
2665 3634 2839 3699 Deus,
2890 3652 2958 3691 ne
3001 3641 3150 3693 oneri
3191 3643 3292 3696 sim
3335 3647 3484 3702 vobis
3513 3661 3605 3708 aut

2015 3718 2330 3786 quibusdam
2357 3719 2610 3776 fratribus
2644 3741 2657 3776 :
2689 3734 2744 3779 et
2770 3726 2923 3780 video
2949 3728 3121 3782 studia
3153 3733 3438 3790 multorum
3481 3741 3600 3796 cxi—

2013 3810 2248 3878 gentium
2274 3812 2342 3866 de
2367 3829 2454 3867 me
2480 3815 2621 3870 hunc
2647 3815 2880 3872 laborem
2907 3829 2961 3873 et
2988 3820 3127 3874 hunc
3147 3823 3416 3894 sudorem,
3442 3847 3600 3899 quem

2013 3903 2176 3956 ert-do
2204 3905 2258 3958 in
2291 3905 2513 3962 Domino
2541 3924 2646 3963 non
2675 3908 2905 3964 futurum
2936 3911 3342 3972 infructuosum.
3379 3901 3600 3978 Gaudeo

2016 4003 2214 4049 tantam
2239 4012 2359 4052 esse
2387 3999 2712 4069 voluptatem
2745 4001 3047 4060 in.vcritate
3070 4008 3214 4061 verbi
3247 4009 3337 4065 Dei
3359 4053 3372 4075 ,
3403 4025 3457 4067 ut
3487 4027 3598 4070 stn~

2013 4085 2158 4140 dium
2187 4097 2419 4142 vestrum
2447 4089 2644 4146 bonum
2669 4091 2726 4146 in
2753 4091 2895 4148 bono
2915 4104 2969 4149 et
2996 4095 3062 4150 de
3084 4097 3254 4164 bono,
3285 4101 3458 4157 vincat
3487 4115 3598 4170 stu-

2011 4176 2159 4231 dium
2192 4177 2500 4233 insanorum
2522 4181 2610 4250 qui
2636 4191 2761 4236 sunt
2789 4183 2842 4237 in
2870 4185 3280 4254 amphitheatro.
3328 4189 3594 4263 Numquid

2013 4267 2084 4321 ilii
2116 4269 2159 4321 si
2189 4278 2292 4322 tam
2323 4269 2413 4324 diu
2445 4280 2647 4328 starent
2673 4315 2690 4340 ,
2716 4273 2891 4329 adhuc
2920 4286 3222 4344 spectarent
3245 4280 3267 4332 ἱ)
3294 4280 3453 4352 Ergo,
3491 4286 3596 4340 ira-

2014 4358 2161 4424 tres,
2215 4362 2496 4419 audiainus
2540 4377 2769 4432 ca-tera,
2816 4367 2940 4437 quia
2965 4367 3067 4424 hoc
3095 4372 3270 4428 vultis.
3305 4375 3459 4431 Adsit
3484 4379 3594 4432 Du-

2011 4453 2230 4522 minus,
2262 4456 2400 4512 adsit
2453 4467 2507 4513 et
2551 4458 2751 4514 viribus
2801 4469 2855 4514 et
2908 4462 3174 4518 mentibus
3227 4470 3442 4524 nostris.
3496 4471 3596 4536 Qui

2011 4548 2178 4616 posuit
2208 4549 2332 4615 lines
2362 4558 2476 4602 tuos
2495 4565 2670 4617 pacem
2692 4587 2706 4613 ,
2754 4550 2819 4608 ad
2849 4551 2989 4607 illam
3019 4551 3314 4612 Jerusalem
3342 4557 3472 4614 dicit
3503 4575 3516 4619 :
3549 4575 3594 4618 ιι

2003 4639 2158 4707 adipe
2184 4639 2424 4708 frumenti
2461 4641 2651 4694 satiatis
2697 4651 2765 4695 te.
2805 4641 3020 4697 Transit
3060 4642 3232 4701 fames
3276 4657 3327 4703 et
3379 4651 3594 4720 sitisjn-

2005 4731 2186 4795 Stitite,
2212 4732 2450 4786 succedit
2473 4734 2744 4788 saturitas.
2776 4733 2876 4800 Qui
2903 4734 2972 4789 ibi
2999 4735 3102 4790 erit
3128 4737 3293 4808 adeps
3315 4740 3587 4804 frumenti.

2005 4824 2108 4878 nisi
2139 4825 2288 4894 panis
2316 4825 2404 4880 ille
2433 4826 2521 4895 qui
2553 4826 2828 4881 descendit
2873 4827 2939 4883 de
2986 4829 3124 4884 cmlo
3165 4831 3230 4883 ad
3271 4847 3368 4887 nos
3390 4833 3586 4904 (Joau.

2004 4933 2075 4981 vt,
2105 4917 2166 4972 51
2206 4915 2266 4985 )?
2298 4917 2353 4973 In
2403 4918 2572 4987 patria
2616 4918 2726 4987 ipsa
2755 4919 3024 4988 quomodo
3066 4921 3355 4989 saturabit,
3395 4926 3484 4995 qui
3537 4927 3588 4994 in

2003 5008 2422 5077 peregrinatione
2441 5009 2519 5063 sic
2543 5008 2734 5078 pavit?
3545 5081 3550 5090 ε

2072 5098 2160 5150 9.9..
2191 5096 2341 5169 [rem
2378 5096 2492 5171 15.]
2520 5099 2636 5154 Jam
2700 5101 2858 5155 modo
2894 5100 2962 5156 de
3007 5103 3115 5172 ipsa
3154 5105 3582 5176 peregrinatione

2003 5199 2185 5244 nOstra
2214 5191 2485 5247 locuturus
2513 5202 2628 5259 est,
2655 5210 2758 5263 qua
2785 5194 2994 5248 venitur
3020 5194 3085 5250 ad
3117 5195 3258 5250 illam
3283 5196 3582 5258 Jerusalem

1999 5285 2089 5337 ubi
2117 5283 2536 5340 collaudabimus
2567 5285 2847 5339 Dominum
2874 5325 2890 5351 ,
2940 5285 3273 5342 laudabimus
3301 5288 3582 5348 Dominum

2003 5375 2167 5428 Deum
2199 5386 2442 5430 nostrum
2465 5417 2478 5437 ,
2514 5391 2611 5428 nos
2637 5373 2938 5431 Jerusalem
2962 5418 2977 5443 ,
3031 5392 3131 5432 nos
3179 5365 3304 5432 Sion
3325 5419 3341 5444 ,
3372 5363 3587 5449 quando

1997 5467 2452 5522 confirmabuntur
2474 5474 2652 5520 vectes
2675 5475 2946 5534 portarum
2993 5477 3316 5524 nostrarum.
3368 5470 3580 5532 Etenim

1999 5560 2088 5615 ille
2115 5560 2204 5630 qui
2237 5568 2362 5613 tunc
2391 5557 2604 5612 satiabit
2626 5556 2785 5628 adipe
2809 5556 3084 5626 frumenti,
3108 5561 3234 5630 quid
3260 5561 3386 5621 facit
3406 5563 3460 5623 in
3482 5566 3582 5624 ista

1997 5653 2426 5724 peregrinatione
2446 5653 2471 5705 ?
2498 5651 2610 5707 Hoc
2635 5651 2778 5722 quod
2807 5655 3047 5724 sequitur
3075 5671 3089 5708 :
3127 5653 3224 5720 Qui
3249 5657 3430 5716 emittit
3471 5675 3583 5716 rer-

1999 5748 2112 5801 bmn
2139 5763 2285 5799 suum
2319 5758 2483 5800 teme.
2517 5744 2655 5800 Ecce
2685 5744 2736 5798 in
2768 5752 2903 5798 terra
2932 5745 3235 5802 laboramus
3256 5747 3382 5804 fessi
3406 5789 3420 5813 .
3464 5749 3582 5807 lauv

1997 5839 2136 5910 guidi
2161 5881 2174 5905 ,
2228 5838 2393 5909 pigri,
2421 5836 2635 5908 frigidi:
2669 5835 2883 5907 quando
2925 5835 3225 5894 levarentur
3262 5839 3327 5892 ad
3372 5839 3580 5913 adipem

2742 5923 3296 6007 (Soixnntc-unt’.)
