4080 6464
522 397 649 456 ιθδι

501 511 765 571 .frumenti
792 519 846 565 et
873 506 1169 563 satietatem
1199 501 1240 566 ⁸,
1266 497 1365 554 nisi
1395 496 1631 552 mitteret
1680 490 1899 544 verbum
1940 498 2095 540 suum

523 617 710 665 teme,
736 616 837 671 qua
868 596 1253 667 gravabarnur;
1290 599 1478 650 terra}.
1527 598 1630 655 qna
1679 578 2099 650 impediehamur

521 714 550 751 a
586 666 793 748 reditur?
824 666 967 744 Misit
996 684 1213 740 verbum
1241 696 1425 743 suum,
1458 691 1561 731 non
1592 671 1826 728 deseruit
1854 668 2012 723 etiam
2044 666 2097 719 in

517 801 699 844 eremo
719 825 734 848 ,
761 781 897 853 pluit
922 792 1115 834 manna
1136 774 1203 830 de
1222 773 1378 829 caalo.
1404 770 1504 837 Qui
1525 766 1703 823 emittit
1727 762 1928 817 verbum
1952 774 2097 814 suum

518 888 704 940 terris;
733 851 787 930 et
809 872 953 927 venit
981 869 1047 924 ad
1077 876 1249 922 terras
1270 864 1490 919 verbum
1508 858 1641 928 ejus.
1661 851 1983 924 Quomodo?
2008 857 2099 903 aut

517 970 659 1042 quod
690 976 773 1024 est
817 966 1036 1021 verbum
1082 960 1240 1032 ejus?
1287 956 1456 1027 Usque
1497 955 1551 1007 in
1594 950 1903 1005 velocitatem
1942 943 2099 998 currit

512 1033 716 1117 uerbum
742 1061 872 1131 ejus.
897 1056 1012 1112 Non
1035 1053 1197 1117 dixit,
1223 1050 1390 1105 Velox
1411 1055 1493 1101 est
1516 1042 1735 1096 verbum
1762 1037 1876 1108 ejus
1900 1053 1913 1085 τ
1940 1033 2099 1088 currit

512 1154 717 1209 verbum
737 1127 847 1223 ejus
861 1148 1023 1219 usque
1040 1147 1091 1200 in
1112 1143 1435 1199 velocitatem.
1480 1134 1856 1203 lntelligamus,
1882 1127 2097 1192 fratres;

517 1262 621 1300 non
648 1220 823 1314 potuit
845 1240 1041 1310 eligere
1066 1234 1255 1290 melius
1283 1229 1523 1285 verbum.
1552 1222 1768 1281 Calidus
1792 1220 1970 1274 calore
2010 1230 2099 1270 ea-

516 1306 693 1399 Iescit,
714 1306 942 1402 frigidus
959 1328 1152 1399 frigore
1177 1320 1443 1393 frigescit,
1466 1316 1619 1373 velox
1641 1312 1922 1368 velocitate
1943 1306 2095 1361 velox

518 1427 594 1482 tu.
613 1396 751 1493 Quid
768 1396 989 1478 calidius
1010 1396 1125 1489 ipso
1153 1415 1361 1477 calore,
1388 1424 1494 1481 quo
1518 1406 1735 1462 calescit
1758 1396 2011 1473 quidquid
2039 1398 2100 1452 tit

508 1489 781 1577 calidum?
799 1512 936 1583 Quid
954 1510 1196 1582 frigidius
1213 1509 1327 1577 ipso
1340 1503 1555 1573 frigore,
1574 1513 1681 1570 quo
1702 1493 1932 1565 frigescit
1946 1489 2097 1562 quid-

511 1609 641 1681 quid
655 1607 899 1679 frigidum
916 1604 997 1658 fit?
1011 1599 1146 1670 Quid
1158 1612 1285 1667 ergo
1298 1594 1532 1650 velocius
1554 1591 1665 1659 ipsa
1678 1586 1977 1647 velocitate,
1996 1596 2101 1653 qua

520 1674 677 1755 velox
706 1674 763 1752 lit
782 1693 1035 1767 quidquid
1066 1689 1319 1745 velociter
1339 1682 1536 1741 currit?
1561 1681 1795 1736 Possunt
1812 1675 1914 1731 dici
1938 1674 2101 1729 multa

518 1790 742 1857 velocia,
761 1798 816 1843 et
829 1786 930 1840 alia
948 1782 1114 1852 magis
1130 1789 1186 1835 et
1199 1779 1300 1833 alia
1318 1775 1520 1837 minus;
1542 1779 1597 1827 et
1614 1778 1759 1825 tanto
1773 1780 1996 1837 qumque
2014 1775 2103 1818 res

523 1882 675 1937 velox
697 1888 800 1945 est,
823 1884 1025 1949 quanto
1040 1881 1122 1928 est
1144 1870 1408 1942 particeps
1436 1862 1752 1921 velocitatis.
1774 1859 1864 1913 llla
1886 1872 1971 1912 res
1989 1871 2102 1910 ma-

521 1975 603 2045 gis
622 1980 706 2029 est
728 1946 993 2042 particeps
1009 1961 1336 2025 velocitatis;
1358 1972 1485 2027 ergo
1503 1954 1667 2025 magis
1687 1951 1840 2007 velox
1861 1966 1875 2004 :
1899 1956 1991 2003 aut
2005 1946 2105 2001 mi-

524 2083 626 2123 uus
670 2064 933 2137 particeps
978 2054 1313 2119 velocitatis;
1362 2064 1490 2119 ergo
1539 2047 1716 2101 minus
1770 2042 1947 2098 velox.
1986 2038 2104 2109 Ipsa

524 2130 701 2231 itaque
725 2130 1003 2212 velocitate
1023 2149 1147 2221 quid
1170 2143 1426 2202 velocius?
1445 2141 1584 2210 Ergo
1603 2152 1709 2209 quo
1730 2148 1895 2204 usque
1914 2130 2105 2188 currit?

528 2222 697 2320 Usque
721 2249 774 2303 in
798 2245 1130 2301 velocitatem.
1176 2238 1442 2306 Quantum
1485 2232 1567 2286 vis
1594 2242 1729 2299 auge
1772 2223 1913 2295 quod
1940 2222 2098 2277 velox

523 2310 854 2399 est'verbum
877 2377 892 2402 ,
922 2344 977 2390 et
996 2333 1080 2387 dic
1105 2350 1119 2386 :
1140 2327 1387 2384 Velocius
1408 2334 1490 2379 est
1508 2336 1666 2392 quam
1692 2315 1818 2372 illud
1843 2322 1932 2368 aut
1951 2310 2103 2376 illud,

524 2447 684 2504 quam
738 2400 902 2491 aves,
955 2438 1111 2495 quam
1158 2417 1339 2483 venti,
1385 2427 1543 2485 quam
1598 2408 1810 2479 Angeli.
1838 2400 2105 2473 Numquid

523 2499 722 2595 aliquid
753 2521 941 2575 horum
970 2522 1172 2571 tantum
1196 2553 1210 2578 ,
1241 2516 1437 2580 quanta
1465 2506 1576 2576 ipsa
1604 2499 1856 2556 velocitas
1875 2537 1889 2559 ,
1938 2507 2106 2563 usque

524 2618 578 2671 in
608 2586 776 2686 ipsam
802 2604 1181 2665 velocitatem?
1207 2598 1475 2656 Velocitas
1504 2596 1614 2663 ipsa
1646 2589 1769 2661 quid
1822 2597 1902 2642 est
1924 2628 1939 2651 ,
1996 2586 2107 2639 fra-

524 2674 671 2761 tres'?
704 2702 908 2771 Ubique
932 2706 1046 2760 est,
1080 2710 1184 2749 non
1210 2699 1293 2747 est
1322 2690 1373 2743 in
1421 2695 1588 2757 parte.
1622 2682 1735 2737 lloc
1777 2677 2011 2749 pertinet
2038 2674 2105 2729 ad

524 2796 756 2852 Verbum
790 2792 923 2857 Dei,
952 2803 1057 2844 non
1101 2800 1222 2841 esse
1274 2783 1326 2836 in
1374 2788 1561 2850 parte,
1608 2774 1805 2843 ubique
1845 2785 1967 2825 esse
2012 2784 2107 2839 per

520 2890 755 2960 seipsum
784 2884 1020 2941 Verbum
1043 2924 1056 2945 ,
1086 2895 1150 2934 ex
1176 2893 1282 2947 quo
1314 2874 1404 2929 Dei
1439 2872 1617 2925 Virtus
1645 2875 1699 2923 et
1726 2866 1815 2920 Dei
1836 2862 2105 2933 Sapientia

520 2952 651 3050 δι’(
680 2978 697 3032 l
724 2976 842 3033 Cor.
875 2991 913 3040 ι,
943 2972 1012 3028 ﬁt
1035 2971 1074 3041 ),
1103 2968 1337 3025 nondum
1365 2969 1635 3029 assumpta
1662 2972 1843 3011 carne.
1868 2954 1925 3009 Si
1951 2952 2102 3021 cogi-

521 3043 697 3128 temus
724 3068 886 3122 Deum
920 3065 971 3117 iu
1007 3062 1176 3116 forma
1222 3056 1349 3120 Dei,
1397 3052 1625 3107 Verbum
1672 3045 1875 3116 aequale
1918 3043 2102 3106 Patri;

526 3164 639 3232 ipsa
670 3154 1048 3227 est'S:Ipierrtia
1078 3151 1168 3205 Dei
1194 3191 1209 3215 ,
1256 3148 1325 3203 de
1364 3161 1466 3216 qua
1510 3142 1707 3197 dictum
1739 3148 1820 3194 est
1852 3153 1866 3191 :
1896 3135 2105 3205 Attiugit

520 3228 682 3323 aliae
708 3264 868 3321 usque
893 3246 961 3300 ad
987 3245 1138 3315 ﬁnem
1190 3240 1389 3312 fortiter
1438 3235 1592 3307 (Sap.
1622 3248 1731 3297 vut,
1778 3228 1851 3301 1).
1896 3228 2103 3296 Quanta

520 3314 808 3405 velocitas!
840 3334 1054 3407 Attingit
1084 3349 1116 3386 a
1145 3332 1247 3401 [ine
1286 3343 1442 3398 usque
1466 3324 1533 3377 ad
1570 3324 1722 3393 ﬁnem
1752 3319 1967 3388 fortiter.
1997 3314 2103 3371 Sed

520 3440 659 3495 forte
680 3430 1048 3490 immobilitatc
1076 3423 1306 3495 attingit.
1336 3421 1393 3476 Si
1431 3414 1821 3479 immobilitatc,
1854 3422 2102 3481 tauquam

519 3528 691 3584 moles
714 3524 889 3594 aliqua
937 3534 1095 3575 saxea
1125 3515 1345 3585 impleat
1383 3512 1557 3566 locum
1585 3506 1857 3576 aliquem;
1911 3502 2105 3557 dicitur

519 3618 661 3691 qtrod
688 3614 900 3684 attingit
928 3609 1168 3682 ejusdem
1200 3605 1301 3660 loci
1326 3618 1355 3656 a
1384 3602 1488 3656 line
1509 3612 1674 3668 usque
1694 3595 1758 3650 ad
1779 3594 1937 3648 linem
1955 3630 1971 3657 ,
1996 3606 2103 3645 non

519 3686 699 3768 tamen
738 3716 905 3764 motu.
950 3702 1086 3772 Quid
1110 3714 1238 3770 ergo
1261 3694 1525 3753 dicimus?
1553 3706 1658 3746 non
1708 3686 1870 3743 habet
1901 3692 2104 3739 motum

518 3803 753 3871 Venarum
781 3797 949 3864 illud,
982 3806 1035 3849 et
1059 3790 1331 3861 Sapientia
1360 3786 1447 3842 illa
1499 3781 1692 3839 stolida
1740 3779 1861 3835 est?
1906 3778 1974 3832 Et
2011 3775 2103 3830 ubi

518 3866 770 3965 estquod
796 3891 989 3946 dicitur
1016 3885 1083 3941 de
1110 3880 1393 3952 Sapientia:
1420 3874 1654 3947 Spiritu?
1680 3871 1813 3927 Cum
1840 3868 2002 3924 multa
2024 3866 2101 3921 di-

520 3959 773 4042 uerentur
803 3998 817 4035 :
850 3980 1041 4033 Acutus
1067 4017 1081 4039 ,
1139 3970 1344 4042 inqui,
1374 3966 1572 4021 mobilis
1593 4006 1608 4029 ,
1650 3970 1813 4016 certus
1836 3999 1853 4025 ,
1905 3959 2103 4011 incoin-

522 4076 757 4148 quinatus
785 4069 915 4144 (Id.
947 4084 1040 4131 vu,
1071 4065 1141 4120 22
1170 4064 1210 4135 ).
1241 4062 1331 4116 Sic
1360 4059 1541 4129 utique
1568 4053 1825 4125 sapientia
1854 4049 1946 4106 Dei
1991 4062 2106 4103 rno—

522 4140 663 4226 bilis.
692 4166 747 4221 Si
779 4140 906 4233 ergo
934 4157 1182 4220 mobilis;
1214 4153 1426 4224 quando
1469 4150 1570 4202 hoc
1600 4144 1793 4215 tangit,
1826 4140 1953 4195 illud
1998 4153 2103 4193 non

523 4256 731 4329 tangit?
761 4231 858 4309 aut
882 4252 983 4307 hoc
1009 4248 1206 4318 tangit,
1240 4242 1369 4299 illud
1393 4238 1625 4296 deserit?
1657 4238 1723 4292 Et
1751 4234 1839 4289 ubi
1861 4243 1943 4288 est
1963 4231 2107 4285 velo-

526 4323 698 4407 citas?
720 4346 833 4402 lloc
855 4344 978 4398 facit
998 4340 1251 4395 velocitas
1272 4376 1285 4399 ,
1318 4342 1447 4388 utet
1475 4331 1667 4400 ubique
1687 4340 1900 4394 seraper
1924 4323 2023 4387 sit,
2052 4330 2107 4375 et

524 4452 783 4509 nusquam
815 4434 1013 4490 inclusa
1039 4439 1301 4485 teneatur.
1331 4423 1435 4480 Sed
1473 4420 1704 4490 cogitare
1729 4417 1828 4472 ista
1849 4429 1955 4469 non
1984 4426 2108 4482 pos-

527 4507 748 4593 sum-us;
777 4525 907 4596 pigri
948 4536 1150 4577 sumus.
1179 4518 1309 4585 Quis
1352 4515 1451 4569 ista
1496 4510 1731 4581 cogitet?
1784 4507 1849 4561 Et
1874 4517 2056 4560 revera
2087 4543 2103 4570 ,

523 4626 719 4678 fratres
742 4661 757 4686 ,
778 4618 1029 4690 quoniam
1059 4612 1166 4667 dixi
1190 4606 1458 4680 quomodo
1486 4603 1630 4674 potui
1660 4600 1743 4669 (si
1788 4609 1963 4653 tamen
2008 4612 2105 4666 po-

525 4714 638 4781 tui,
666 4713 710 4767 si
742 4688 974 4766 intellexi
1004 4710 1041 4776 ),
1071 4714 1125 4759 et
1149 4698 1418 4772 quomodo
1459 4694 1705 4767 potuistis
1744 4688 2104 4745 intellexistis.

524 4807 631 4863 Sed
655 4803 779 4876 quid
808 4801 936 4858 dicit
964 4794 1287 4869 Apostolus?
1308 4789 1375 4845 Ei
1401 4799 1567 4843 autem
1591 4786 1673 4853 qui
1704 4793 1879 4855 potens
1922 4790 1995 4835 est
2024 4783 2107 4851 [a-

524 4917 639 4957 cere
673 4872 840 4969 supra
886 4910 1036 4965 quam
1088 4889 1303 4961 petimus
1327 4926 1343 4949 ,
1374 4894 1462 4936 aut
1504 4878 1829 4950 intelligimus
1872 4872 2109 4948 (Ephes.

528 5009 607 5056 ιιι,
633 4990 707 5048 20
730 4964 772 5060 )..
803 4964 939 5055 Quid
972 4984 1056 5037 hic
1100 4973 1515 5043 ostendit?Quia
1541 4970 1977 5042 quotiescumque
2028 4964 2109 5018 iu-

528 5082 893 5141 tellexerimus
916 5119 932 5144 ,
965 5090 1069 5130 non
1097 5069 1456 5128 intelleximus
1483 5062 1638 5118 sicuti
1660 5067 1760 5115 est.
1786 5058 1962 5125 Quare
1983 5054 2109 5109 hoc?

528 5180 724 5249 Corpus
744 5175 877 5231 enim
900 5170 1035 5242 quod
1063 5163 1402 5232 corrumpitur
1429 5165 1669 5228 aggravat
1697 5152 1919 5206 aniruam
1948 5146 2110 5219 (Sap.

529 5286 604 5333 rx,
632 5237 766 5339 ἦε).
802 5237 939 5333 Ergo
961 5261 1014 5314 in
1045 5269 1184 5313 terra
1209 5250 1382 5323 frigidi
1422 5258 1625 5303 sumus.
1671 5239 1939 5296 Velocitas
1965 5237 2107 5291 enirn

534 5330 746 5418 fervens
773 5330 899 5423 est;
924 5362 977 5410 et
1000 5352 1177 5407 omnia
1207 5341 1463 5401 ferventia
1493 5336 1756 5394 velociora
1775 5375 1790 5399 ,
1823 5331 2001 5388 omnia
2020 5330 2110 5384 fri-

530 5454 653 5525 gida
680 5420 932 5507 tardiora.
958 5444 1068 5501 Nos
1088 5438 1256 5503 tardi,
1285 5449 1413 5504 ergo
1438 5429 1631 5500 frigidi.
1662 5425 1757 5481 Illa
1798 5432 1977 5478 autem
2015 5420 2113 5475 Sa-

533 5514 730 5621 pientia
776 5541 945 5597 currit
991 5548 1159 5606 usque
1211 5530 1263 5584 in
1317 5524 1674 5581 velocitatem.
1730 5518 1869 5587 Ergo
1899 5514 2111 5570 ferven-

535 5603 740 5695 iissirna
787 5640 907 5694 est;
956 5641 1055 5683 nec
1076 5603 1161 5681 est
1187 5619 1279 5693 qui
1304 5631 1365 5673 se
1390 5609 1682 5671 abscondat
1725 5623 1756 5662 a
1785 5606 1961 5663 calore
1997 5603 2113 5673 ejus

534 5732 553 5800 (
583 5725 725 5781 l'sal.
755 5737 899 5787 xvrtt,
928 5720 959 5772 ’7
987 5719 1027 5788 ).

599 5843 618 5873 ι
643 5849 741 5890 λιιι.
770 5843 821 5887 et
841 5842 966 5894 5153.,
994 5830 1058 5880 ad
1082 5827 1271 5890 adipem
1298 5816 1518 5874 frumenti
1543 5815 1805 5868 sationem.

1713 376 1771 433 8.
1814 376 1851 428 Δ
1861 366 2174 428 ιόυδτιΝι
2218 367 2516 425 EPISCOPI

3649 370 3787 427 £933

2274 486 2364 540 95.
2407 485 2559 558 [vers.
2591 485 2706 559 16.]
2736 487 2844 543 Nos
2865 502 2995 558 ergo
3018 528 3034 554 ,
3056 488 3146 560 qui
3174 487 3349 559 frigidi
3390 488 3631 558 corporis
3675 499 3785 544 tar-

2200 577 2364 634 ditate
2387 620 2403 644 ,
2441 579 2657 632 vinculo
2684 589 2909 635 terrente
2937 580 3059 635 vita:
3088 578 3246 649 hujus
3265 580 3627 650 corruptibilis
3647 596 3785 635 one-

2201 670 2323 738 rati,
2348 669 2619 725 nullamne
2639 685 2787 740 spem
2815 670 3074 725 habemus
3093 671 3159 725 ad
3180 670 3502 740 capiendum
3526 671 3784 736 Verbum,

2198 760 2340 829 quod
2366 776 2530 831 usque
2554 760 2606 815 in
2639 761 2969 816 velocitatent
2987 762 3178 817 currit?
3193 764 3273 816 An
3292 778 3419 817 vero
3438 762 3524 817 ille
3542 763 3787 832 quamvis

2199 869 2263 909 ex
2294 870 2519 923 corpore
2546 855 2597 909 in
2620 855 2797 909 inlirna
2832 855 3118 925 depressos
3145 850 3417 911 deseruit?
3444 855 3631 912 Nonne
3672 858 3785 926 ipse

2201 949 2596 1017 praedestinavit
2625 964 2722 1003 nos
2744 989 2759 1013 ,
2791 957 3079 1018 antequam
3102 949 3153 1002 in
3182 949 3284 1003 isto
3315 950 3523 1004 mortali
3548 960 3602 1004 et
3631 950 3786 1020 pigro

2198 1055 2425 1126 corpore
2466 1042 2845 1125 nasceremur?
2883 1040 2983 1109 Qui
3028 1056 3155 1111 ergo
3210 1041 3605 1111 prtedastinavit
3646 1058 3781 1107 nas,

2199 1133 2347 1190 dedit
2379 1143 2534 1189 terra:
2574 1134 2747 1189 nivem
2773 1175 2787 1199 ,
2845 1134 2989 1205 ipsos
3018 1149 3136 1190 nos.
3162 1134 3278 1189 lam
3319 1135 3462 1190 enim
3509 1135 3787 1191 veniamus

2200 1228 2268 1283 ad
2291 1228 2411 1283 illos
2435 1227 2629 1283 Psalmi
2659 1241 2845 1282 versus
2874 1227 3270 1290 subobscuros;
3306 1227 3559 1297 incipiant
3590 1228 3675 1281 illa
3701 1228 3787 1281 in-

2200 1320 2421 1374 volucra
2467 1318 2639 1374 evolvi
2672 1336 2684 1371 :
2714 1319 2965 1388 quoniam
3014 1333 3109 1373 vos
3158 1318 3378 1373 verbnru
3428 1318 3552 1381 Dei,
3583 1330 3787 1387 quanto

2202 1410 2370 1481 magis
2395 1425 2491 1481 per
2513 1425 2611 1465 nos
2639 1409 2854 1473 dicitur,
2894 1418 3042 1464 tanto
3085 1408 3352 1464 avidiores
3378 1409 3598 1464 invenit.
3649 1410 3789 1465 Ecce

2202 1518 2301 1557 nos
2348 1503 2483 1572 pigri
2532 1502 2584 1557 in
2617 1502 2717 1557 hac
2757 1511 2895 1557 terra
2934 1501 3088 1572 quasi
3131 1502 3527 1572 congelavimus
3571 1503 3676 1557 hic.
3723 1504 3790 1559 Et

2201 1592 2473 1664 quomodo
2502 1593 2761 1673 contingit
2790 1594 3036 1657 nivibus;
3065 1608 3277 1648 sursum
3317 1595 3458 1648 enim
3486 1594 3667 1664 gelant
3694 1638 3708 1658 ,
3736 1606 3790 1651 et

2203 1689 2255 1743 in
2280 1687 2383 1743 ima
2413 1687 2705 1743 decidunt:
2733 1688 2811 1743 sic
2833 1686 3150 1759 frigescente
3178 1687 3436 1743 eharitate
3464 1687 3663 1743 decidit
3690 1688 3790 1742 Iru-

2204 1794 2358 1833 mana
2386 1786 2570 1834 natura
2602 1779 2656 1833 in
2686 1779 2781 1833 bas
2812 1788 3014 1844 terras,
3039 1787 3094 1834 et
3123 1779 3272 1848 pigro
3296 1793 3521 1849 corpore
3549 1779 3788 1834 involuta

2204 1873 2349 1928 velut
2379 1873 2467 1927 nix
2500 1872 2634 1927 facta
2663 1882 2765 1927 est.
2794 1873 2899 1929 Sed
2930 1873 2984 1927 in
3015 1873 3112 1927 ista
3137 1872 3257 1927 nive
3274 1883 3397 1926 sunt
3426 1872 3792 1942 pratdestinati

2207 1966 2299 2020 lilii
2334 1966 2447 2021 Dei.
2479 1966 2579 2020 Dat
2599 1966 2742 2021 enim
2771 1966 2858 2021 ille
2886 1966 3051 2021 niuem
3091 1967 3224 2021 velut
3253 1966 3445 2020 lanam.
3483 1965 3620 2033 Quid
3667 1976 3747 2020 est
3774 2007 3791 2031 ,

2204 2057 2335 2111 velut
2359 2056 2578 2111 lanam?
2610 2056 2664 2111 ld
2691 2065 2807 2124 est,
2839 2056 2907 2112 de
2951 2055 3071 2111 nive
3111 2072 3271 2127 quam
3318 2056 3467 2112 dedit
3490 2098 3505 2121 ,
3554 2056 3624 2111 de
3679 2057 3795 2110 istis

2207 2148 2371 2217 pigris
2394 2146 2570 2202 adlmc
2592 2147 2779 2217 spiritu
2823 2157 2877 2203 et
2919 2147 3124 2219 frigidis
3168 2163 3305 2218 quos
3354 2148 3794 2218 prindestinavit,

2207 2239 2441 2296 facturus
2466 2251 2547 2295 est
2584 2239 2801 2311 aliquid.
2835 2240 2978 2295 Lana
3009 2240 3151 2295 enim
3176 2241 3428 2295 materies
3456 2241 3619 2294 vestis
3663 2248 3749 2295 est
3780 2257 3794 2291 :

2208 2333 2326 2387 lana
2381 2348 2502 2388 cum
2532 2331 2764 2396 videtur,
2797 2331 2961 2387 veluti
3012 2331 3329 2401 praeparatio
3369 2342 3451 2385 est
3500 2331 3676 2400 aliqua
3726 2332 3795 2384 ad

2206 2436 2435 2479 vestem.
2461 2424 2599 2495 Ergo
2619 2424 2737 2493 quia
2764 2422 3163 2494 praedestinavit
3194 2423 3293 2478 hos
3336 2424 3425 2492 qui
3468 2422 3534 2476 ad
3581 2432 3793 2491 tempus

2208 2515 2380 2585 frigidi
2410 2525 2602 2586 repunt
2635 2515 2687 2569 iu
2718 2524 2856 2569 terra
2881 2556 2895 2579 ,
2955 2524 3010 2569 et
3067 2513 3301 2569 nondum
3356 2513 3564 2569 fervent
3609 2513 3797 2582 spiritu

2206 2608 2482 2662 charitatis
2508 2607 2525 2678 (
2549 2607 2617 2661 de
2647 2605 3117 2675 praedestinationc
3142 2605 3284 2659 enim
3312 2604 3485 2658 adhuc
3512 2605 3797 2674 loquitur),

2207 2698 2371 2753 veluti
2398 2698 2571 2752 lanam
2602 2697 2747 2752 dedit
2775 2697 2871 2751 hos
2910 2697 3078 2760 Deus;
3120 2696 3356 2751 facturus
3399 2704 3482 2750 est
3529 2697 3652 2751 inde
3699 2712 3790 2750 ve-

2208 2802 2368 2845 stem.
2400 2790 2586 2844 Meritn
2615 2789 2668 2843 in
2694 2798 2875 2843 monte
2906 2788 3067 2842 vestis
3096 2786 3292 2843 Christi
3327 2785 3500 2848 fulsit,
3544 2787 3681 2841 sicut
3707 2788 3797 2839 nix

2211 2883 2230 2953 (
2261 2882 2447 2936 Matth.
2477 2897 2605 2945 xvn,
2632 2880 2667 2933 2
2694 2879 2733 2951 ).
2770 2878 3024 2949 Fulgebat
3054 2880 3215 2934 vestis
3235 2878 3473 2943 Christi,
3505 2879 3638 2932 sicut
3664 2878 3751 2931 trix
3777 2917 3795 2942 ,

2209 2983 2456 3043 tanquam
2486 2971 2551 3026 de
2583 2971 2671 3025 illa
2703 2971 2819 3025 lana
2843 2971 2953 3039 jam
2982 2969 3118 3024 facta
3167 2979 3282 3024 erat
3334 2969 3543 3033 tunica;
3581 2968 3648 3022 de
3693 2983 3798 3036 qua

2208 3065 2359 3128 lana,
2389 3064 2439 3119 id
2470 3072 2551 3119 est
2572 3062 2639 3118 de
2670 3063 2789 3118 nive
2817 3077 2977 3132 quam
3005 3060 3150 3117 dedit
3179 3061 3311 3115 sicut
3360 3060 3534 3113 lanam
3558 3101 3571 3120 ,
3622 3058 3799 3111 adhuc

2208 3154 2569 3227 prmdcstinati
2595 3197 2609 3217 .
2641 3155 2774 3225 pigri
2800 3164 2953 3209 erant
2986 3170 2999 3206 :
3032 3151 3126 3206 sed
3172 3160 3454 3220 exspecta,
3502 3149 3622 3203 vide
3672 3149 3798 3219 quid

2205 3256 2492 3317 sequatur;
2519 3246 2639 3315 quia
2664 3245 2800 3299 sicut
2827 3244 2999 3297 lanam
3029 3243 3177 3297 dedit
3201 3256 3326 3305 eos,
3361 3243 3417 3294 lit
3445 3240 3567 3295 inde
3592 3242 3795 3294 tunica.

2207 3339 2486 3410 Quomodo
2501 3339 2641 3394 enim
2670 3338 2864 3392 dicitur
2883 3336 3117 3391 Ecclesia
3141 3351 3334 3403 corpus
3358 3334 3579 3399 Christi,
3605 3334 3800 3387 dicitur

2206 3447 2259 3492 et
2286 3435 2661 3491 vestimentum
2687 3428 2883 3485 Christi
2913 3430 3023 3499 ipsa
3056 3428 3291 3482 Ecclesia
3319 3444 3331 3480 :
3365 3426 3487 3480 inde
3540 3437 3621 3480 est
3670 3424 3797 3478 illud

2206 3527 2349 3599 quod
2400 3526 2475 3581 ait
2501 3523 2823 3594 Apostolus,
2857 3520 2925 3576 Ut
2972 3518 3223 3574 exhiberet
3252 3517 3346 3571 sibi
3391 3516 3664 3588 gloriosam
3694 3514 3798 3568 Ec-

2207 3618 2410 3675 clesium
2434 3659 2450 3684 ,
2496 3632 2597 3670 non
2647 3615 2909 3668 habentem
2956 3609 3209 3664 maculam
3243 3618 3329 3662 aut
3350 3624 3529 3677 rugam
3554 3610 3571 3675 (
3601 3604 3793 3674 Ephcs.

2208 3729 2261 3777 v,
2287 3713 2358 3768 27
2384 3713 2423 3781 ).
2452 3711 2592 3781 Ergo
2616 3707 2866 3764 exhibeat
2894 3704 2996 3759 sibi
3034 3703 3319 3772 gloriosam
3349 3700 3659 3763 Ecclesium,
3689 3713 3795 3751 non

2209 3806 2493 3861 habentem
2524 3798 2783 3855 maculam
2812 3806 2903 3852 aut
2927 3810 3150 3865 rugam;
3182 3792 3335 3847 faciat
3366 3788 3467 3844 sibi
3499 3799 3699 3843 vestem
3726 3787 3798 3842 de

2208 3896 2295 3951 illa
2322 3895 2437 3948 lana
2469 3906 2627 3961 quant
2660 3884 3055 3959 prcedestiuavit
3080 3882 3132 3935 iu
3155 3879 3295 3935 nive.
3328 3877 3515 3931 Adhuc
3542 3876 3594 3929 in
3621 3874 3795 3929 homi-

2209 3986 2365 4041 nibus
2396 3980 2719 4043 incredulis,
2750 3984 2804 4031 et
2832 3972 3037 4044 frigidis
3060 4012 3077 4037 ,
3109 3982 3163 4026 et
3187 3969 3351 4040 pigris
3372 4010 3387 4032 ,
3416 3967 3574 4021 faciat
3595 3974 3794 4017 vestem

2208 4075 2275 4130 de
2300 4074 2401 4129 hac
2425 4073 2565 4127 lana.
2595 4068 2665 4125 Ut
2689 4067 2935 4121 abluatur
2960 4079 2990 4118 a
3018 4061 3240 4116 maculis
3264 4101 3279 4124 .
3314 4058 3600 4113 mundetnr
3644 4055 3749 4109 lide
3778 4070 3794 4115 ;

2209 4177 2268 4222 ut
2314 4178 2497 4233 rugam
2541 4176 2649 4216 non
2689 4156 2910 4220 habeat,
2967 4152 3214 4209 tendatur
3244 4150 3296 4204 in
3325 4164 3501 4204 cruce.
3567 4146 3667 4213 Qui
3709 4146 3797 4197 dat

2209 4259 2371 4312 tricem
2390 4256 2517 4309 sicut
2540 4254 2731 4306 lanam.

2279 4349 2369 4404 24.
2398 4345 2515 4401 Jarn
2538 4343 2582 4398 si
2610 4336 2971 4412 prmdcstinati
2997 4343 3122 4391 sunt
3144 4373 3159 4399 ,
3206 4329 3431 4387 vocandi
3466 4337 3611 4384 sunt.
3659 4328 3799 4394 Quos

2208 4440 2351 4495 enim
2381 4432 2754 4509 pra'destiuavit
2774 4472 2789 4497 ,
2814 4430 2929 4483 illos
2956 4435 3002 4482 et
3034 4425 3223 4479 vocavit
3265 4423 3283 4492 (
3310 4420 3462 4475 Rom.
3511 4436 3627 4485 VIII,
3660 4418 3727 4472 50
3752 4416 3797 4487 j.

2209 4530 2327 4586 Jam
2356 4522 2623 4597 quomodo
2649 4524 2910 4575 vocantur
2949 4533 3012 4572 cx
3056 4516 3310 4587 languore
3335 4510 3581 4581 corporis
3612 4509 3751 4563 illius
3779 4550 3796 4573 ,

2212 4631 2269 4675 ut
2295 4618 2410 4673 sani
2438 4614 2607 4670 liant?
2633 4608 2903 4683 quomodo
2929 4604 3209 4661 vocantur?
3240 4602 3377 4657 Audi
3410 4599 3752 4669 Evangeliuru
3783 4615 3796 4649 :

2215 4706 2335 4768 Non
2362 4709 2471 4763 veui
2496 4721 2672 4761 vocare
2709 4704 2899 4773 justus,
2937 4700 3024 4753 sed
3053 4705 3336 4767 peccatores
3376 4693 3427 4747 in
3458 4692 3801 4762 potnitentiam

2217 4804 2235 4875 (
2263 4803 2449 4857 Matth.
2479 4816 2552 4864 tx,
2587 4798 2655 4852 l5
2680 4794 2723 4862 ).
2775 4791 2961 4861 Incipit
3010 4804 3137 4859 ergo
3171 4786 3283 4857 jam
3331 4782 3803 4855 prtedestinatione

2213 4896 2349 4952 nivis
2398 4892 2580 4948 illius‘
2629 4899 2951 4957 cognoscere
3002 4893 3269 4953 torporem
3320 4892 3513 4937 suum,
3543 4889 3804 4929 accusare

2214 4995 2489 5058 peccatum
2518 4997 2694 5044 suum;
2720 4976 2904 5047 incipit
2928 4974 3204 5028 vocatione
3229 4969 3411 5024 venire
3436 4965 3502 5021 ad
3529 4965 3804 5036 penniten-

2216 5082 2365 5136 tiam.
2392 5076 2581 5132 Merito
2606 5087 2734 5142 ergo
2759 5070 2844 5140 qui
2865 5068 2952 5121 dat
2978 5067 3142 5119 uicem
3180 5063 3310 5117 velut
3336 5062 3508 5115 lanam
3533 5100 3548 5122 .
3582 5068 3807 5129 propter

2214 5170 2514 5228 conlectum
2543 5167 2735 5221 tunica:
2760 5163 2981 5225 futura};
3015 5157 3175 5214 etiam
3219 5162 3439 5223 propter
3464 5152 3802 5204 vocationem

2216 5266 2269 5320 in
2297 5259 2663 5334 tmnitcutiam
2685 5296 2701 5323 ,
2728 5254 2961 5309 nebulam
2984 5251 3114 5305 velut
3141 5249 3355 5302 cinerem
3383 5244 3614 5315 spargit.
3632 5240 3806 5294 Nebu-

2217 5361 2319 5414 lam
2341 5400 2354 5422 ,
2379 5357 2569 5426 inquit,
2597 5353 2730 5408 velut
2758 5350 2972 5403 cinerem
2998 5345 3189 5416 spargit
3213 5359 3231 5397 :
3262 5338 3418 5412 quis?
3458 5338 3561 5409 Qui
3610 5336 3697 5388 rlat
3725 5333 3808 5386 ui-

2217 5468 2325 5506 vcm
2350 5450 2479 5504 sicut
2502 5448 2692 5501 lanam.
2722 5442 2866 5510 Quos
2892 5440 3034 5493 enim
3086 5432 3486 5507 pra'destinavit
3505 5472 3518 5491 ,
3548 5437 3701 5481 vorat
3751 5427 3807 5478 iu

2220 5540 2623 5615 paenitentiam;
2651 5534 2773 5605 quia
2801 5547 2927 5602 quos
2957 5525 3329 5600 prtedestinavit
3351 5564 3368 5591 ,
3412 5522 3528 5577 illos
3566 5530 3611 5574 ct
3660 5535 3811 5573 vecta-

2288 5678 2303 5708 ¹
2333 5675 2562 5738 Plerique
2588 5662 3148 5738 Mss.,_pra:dcstittatione
3168 5654 3637 5738 ris_iUitrs..Konnqlli
3658 5666 3812 5704 vero:

2222 5719 2645 5850 Ἧίιιᾶὲὲξίτῗὲιίοηιι
2684 5719 2856 5793 aliquis
2894 5736 3195 5790 cognoscere.
3234 5730 3373 5777 Forte
3403 5719 3697 5782 legendum,
3722 5728 3812 5764 ms

2223 5816 2240 5851 ι
2277 5814 2323 5849 a.
