4038 6458
240 414 266 471 1
277 416 383 476 933

237 536 328 589 νει.
359 534 504 590 Ciuis
533 542 711 589 autem
760 531 825 589 ad
874 530 1235 603 pteuitentiam
1281 528 1531 599 pertinet.
1562 524 1695 581 Audi
1721 537 1821 576 vo-

237 635 448 681 cantem
475 624 541 678 ad
571 624 965 695 pmnitentiam,
994 638 1114 677 cum
1143 620 1481 689 exprobravit
1507 615 1821 688 quihusdam

237 718 541 774 civitatibus
565 758 580 781 .
608 718 792 772 dicens
821 735 836 771 :
877 715 967 771 Vw
993 715 1082 769 tibi
1123 715 1388 769 Corozaim
1412 752 1426 776 ,
1449 726 1522 765 va:
1551 709 1638 763 tibi
1664 707 1821 762 Beth-

238 810 425 872 saida;
455 808 575 880 quia
598 809 645 863 si
666 810 718 862 in
747 809 880 878 Tyro
923 818 971 862 et
998 806 1191 862 Sidone
1229 808 1377 877 [actm
1406 811 1568 857 essent
1620 803 1824 854 virtutes

236 918 350 971 qua:
370 905 520 972 facta:
539 912 654 955 sunt
679 901 729 954 in
756 900 890 953 vobis
907 939 921 964 ,
950 899 1092 964 olim,
1118 899 1305 968 inquit,
1334 902 1385 950 in
1409 896 1573 950 cilicio
1599 902 1644 947 et
1662 893 1825 946 cinere

239 994 580 1062 pamitmtiam
600 993 812 1063 egissent
830 988 1038 1063 (Matth.
1060 1006 1131 1056 at,
1152 990 1215 1044 ει
1228 995 1266 1060 ).
1290 987 1430 1057 Ergo
1446 984 1678 1041 nebulam
1694 985 1824 1036 velut

239 1086 457 1139 cinerem
508 1085 718 1156 spargit.
783 1083 917 1152 Quid
966 1094 1087 1149 est,
1138 1081 1391 1137 Nebulam
1436 1079 1569 1134 velut
1608 1079 1825 1131 cinerem

236 1178 467 1248 spargit?
485 1178 617 1231 Cum
642 1185 859 1231 vocatur
873 1175 1098 1246 quisque
1118 1174 1184 1228 ad
1208 1170 1611 1242 intelligendum
1631 1170 1821 1232 Deum,

238 1277 293 1322 et
321 1269 514 1323 dicitur
544 1268 653 1329 illi.
704 1267 845 1337 Cape
896 1268 1171 1321 veritatem
1192 1307 1208 1331 ,
1237 1264 1422 1334 incipit
1466 1262 1604 1319 velle
1629 1276 1823 1330 capere

239 1360 515 1414 veritatem
542 1400 558 1424 ,
589 1374 692 1413 non
715 1358 910 1414 sufﬁcit
928 1400 943 1422 ,
970 1358 1110 1413 videt
1142 1373 1201 1413 se
1227 1355 1510 1426 quamdam
1537 1353 1819 1444 caliginem

242 1452 346 1521 pati
374 1493 388 1515 ,
414 1467 569 1521 quam
598 1459 750 1505 antea
783 1467 887 1507 non
918 1450 1154 1505 videbat.
1183 1450 1263 1504 Ad
1296 1448 1397 1503 hoc
1420 1456 1504 1515 est
1529 1447 1546 1478 ί
1574 1460 1704 1515 ergo
1734 1444 1823 1499 illa

240 1543 430 1597 nebula
450 1581 464 1608 ,
495 1552 551 1597 ut
577 1544 787 1597 noveris
818 1543 1024 1598 nescire
1055 1551 1140 1606 te,
1172 1551 1228 1597 et
1270 1540 1482 1595 noveris
1525 1539 1649 1609 quid
1687 1538 1825 1593 scire

239 1644 516 1704 oporteat,
550 1645 604 1689 et
632 1635 813 1689 videas
842 1646 895 1689 te
921 1634 1212 1689 invalidum
1264 1633 1330 1688 ad
1372 1631 1501 1687 illud
1546 1631 1821 1686 sciendum

239 1727 380 1794 quod
411 1736 621 1797 Oportet
653 1727 798 1782 sciri.
822 1726 954 1782 Nam
981 1727 1024 1781 si
1069 1728 1120 1782 in
1175 1727 1273 1781 ista
1321 1724 1510 1781 nebula
1548 1724 1656 1795 jam
1701 1733 1825 1778 ante

242 1818 646 1887 praesumpseris
676 1819 813 1873 scire
834 1860 849 1883 ,
878 1816 1063 1873 audies
1083 1818 1150 1872 ab
1174 1816 1431 1885 Apostolo
1450 1832 1464 1870 :
1485 1816 1586 1883 Qui
1601 1831 1654 1870 se
1681 1822 1827 1885 putat

239 1908 435 1971 aliquid
457 1910 587 1962 scire
607 1949 622 1975 ,
652 1911 877 1963 nondum
899 1910 989 1963 scit
1011 1908 1434 1981 quemadmodum
1460 1917 1689 1977 aporteat
1710 1922 1825 1961 eum

239 1999 369 2052 scire
394 2003 411 2068 (
438 1999 452 2052 Ι
483 1998 601 2055 Cor.
638 2016 748 2065 \‘llt,
776 2000 814 2055 2
838 2002 876 2070 ).
907 2002 1047 2070 Ergo
1073 2000 1305 2055 nondum
1336 1999 1822 2068 comprehendisti,

239 2089 414 2144 adhuc
442 2090 688 2144 nelmlam
721 2091 937 2159 pateris.
967 2090 1075 2146 Sed
1098 2105 1201 2145 non
1237 2100 1290 2146 te
1330 2090 1567 2147 deseruit
1604 2090 1691 2159 qui
1736 2104 1825 2145 ac-

238 2179 419 2233 cendit
463 2181 555 2234 tibi
608 2180 881 2237 lucernam
919 2184 1095 2237 carnis
1120 2197 1251 2238 suae.
1287 2182 1403 2238 Non
1430 2198 1577 2239 erras
1597 2184 1617 2214 ¹
1641 2182 1694 2237 in
1724 2197 1823 2238 uc-

241 2270 396 2336 bula;
446 2272 549 2325 lide
578 2287 820 2342 sequere.
852 2274 962 2330 Sed
995 2274 1115 2345 quia
1140 2275 1351 2331 conaris
1390 2276 1577 2332 videre
1601 2317 1615 2342 ,
1645 2284 1699 2332 et
1719 2292 1825 2331 non

242 2374 429 2434 potes,
461 2366 712 2433 pmnileat
753 2376 802 2422 lc
846 2378 1226 2438 peccatorum;
1275 2369 1396 2439 quia
1444 2370 1635 2424 nebula
1684 2370 1830 2425 velut

238 2455 375 2510 cinis
419 2473 602 2526 sparsa
648 2467 749 2513 est.
792 2459 909 2514 Jam
953 2469 1003 2514 te
1055 2462 1311 2531 pmnileat
1351 2470 1720 2515 contumacem
1774 2469 1825 2517 te

237 2546 405 2604 fuisse
430 2531 682 2606 adversus
720 2552 915 2618 Deum;
941 2553 1049 2622 jam
1092 2563 1145 2608 te
1180 2555 1435 2623 paeniteat
1486 2561 1827 2608 sccutumte

238 2642 401 2696 fuisse
423 2643 535 2697 vias
569 2655 684 2697 tuas
716 2644 905 2699 malas.
936 2646 1227 2701 Perveniin
1272 2646 1325 2699 in
1354 2646 1506 2701 istam
1534 2644 1825 2699 difﬁculta-

239 2740 349 2786 tem
394 2731 533 2786 illius
560 2734 725 2789 beata:
754 2735 972 2789 visionis
998 2754 1011 2799 ;
1038 2746 1091 2791 et
1127 2736 1227 2790 erit
1255 2736 1348 2790 tibi
1370 2732 1598 2791 salubris
1630 2736 1821 2790 nebula

232 2838 394 2892 quam
422 2824 556 2877 sicut
584 2826 820 2880 cinerem
848 2828 1045 2897 Spargit
1084 2826 1243 2882 Deus.
1275 2825 1354 2882 Tu
1398 2826 1514 2897 ipse
1563 2841 1623 2881 es
1651 2826 1829 2882 adhuc

235 2911 427 2966 nebula
447 2954 463 2978 ,
494 2914 587 2967 sed
618 2915 928 2971 velutcinis.
959 2916 1146 2973 Adhuc
1172 2919 1311 2973 enim
1333 2918 1655 2989 ptenitentes
1676 2919 1829 2973 volu-

237 2997 424 3057 lantur
484 3003 536 3057 in
586 3005 765 3059 cinere
790 3047 805 3070 ,
853 3006 1045 3062 fratres
1078 3008 1221 3073 mei,
1250 3016 1500 3079 tanquam
1528 3009 1729 3064 similes
1769 3025 1829 3066 se

246 3102 642 3161 contestantes,
702 3094 940 3151 dicentes
996 3098 1107 3152 Deo
1153 3113 1252 3153 suo
1302 3117 1315 3153 :
1364 3100 1500 3155 (Sinis
1529 3116 1657 3154 sum.
1690 3102 1829 3156 Dixit

234 3184 377 3236 cnim
409 3185 649 3253 qua-dam
677 3185 949 3255 Scriptura
982 3204 996 3241 :
1031 3187 1248 3256 Despexi
1297 3189 1538 3258 meipsum
1582 3199 1627 3243 et
1657 3191 1818 3243 dista-

233 3274 320 3328 bui
335 3316 348 3337 ,
377 3286 422 3329 et
455 3278 697 3331 testimoni
725 3295 802 3333 me
830 3288 1011 3332 terram
1038 3289 1086 3333 et
1114 3280 1325 3334 cinerem
1355 3280 1374 3350 (
1399 3280 1499 3335 Job
1525 3298 1649 3348 xxx,
1689 3283 1752 3338 l9
1778 3282 1817 3352 ).

236 3363 361 3419 lkec
390 3376 473 3420 est
499 3366 766 3422 humilitas
791 3369 1117 3437 pmuitentis.
1147 3370 1372 3439 Quando
1420 3371 1691 3426 Abraham
1736 3372 1817 3427 lo-

236 3454 415 3524 quitur
440 3456 504 3508 ad
538 3459 699 3512 Deum
730 3474 882 3514 suum
903 3502 918 3527 ,
947 3470 1000 3515 et
1024 3460 1237 3531 quando
1258 3462 1370 3515 vult
1399 3461 1500 3517 sibi
1526 3464 1717 3532 aperiri
1747 3464 1822 3519 in-

236 3545 485 3600 cendium
509 3546 898 3605 Sodomorum:
930 3549 1066 3623 Ego,
1088 3552 1256 3623 inquit
1278 3594 1292 3619 ,
1321 3563 1454 3607 terra
1479 3564 1526 3609 et
1562 3556 1688 3610 cinis
1712 3573 1826 3611 sum

238 3650 257 3706 (
297 3636 426 3691 Gen.
453 3655 577 3693 xvnt
604 3682 619 3707 ,
645 3640 713 3694 27
741 3641 781 3713 ).
813 3642 1091 3709 Quomodo
1121 3642 1218 3699 fuit
1265 3644 1363 3699 ista
1394 3661 1608 3717 semper
1645 3647 1824 3703 horni-

237 3726 360 3781 titas
390 3729 441 3782 in
469 3732 673 3800 magnis
695 3743 749 3785 et
796 3733 997 3788 sanctis
1024 3733 1193 3788 viris?
1242 3734 1494 3790 Nebulam
1536 3752 1663 3807 ergo
1692 3742 1822 3795 velut

233 3821 450 3874 cinerem
477 3825 670 3894 spargit
697 3840 715 3878 :
740 3825 947 3895 quare?
984 3825 1115 3893 Quia
1142 3842 1267 3894 quos
1287 3828 1685 3898 prwdcstinavit,
1708 3833 1824 3888 illos

234 3925 284 3965 et
310 3914 536 3981 vocavit,
569 3916 657 3985 qui
686 3933 789 3970 nou
815 3917 960 3972 venit
985 3919 1343 3989 vocarejustos
1366 3960 1381 3987 ,
1412 3922 1501 3976 sed
1540 3934 1825 3992 peccatores

236 4003 290 4056 in
321 4005 684 4074 ptenitentiam.

308 4094 380 4148 25
427 4092 575 4168 [rem
609 4098 692 4161 l7,
731 4098 839 4172 18.]
874 4099 972 4166 Qui
1000 4101 1150 4155 mittit
1179 4103 1479 4173 crystallum
1517 4121 1664 4159 suum
1692 4106 1823 4161 velut

237 4186 401 4255 frusta
431 4186 595 4251 panis.
638 4186 750 4241 Non
777 4189 954 4245 denuo
979 4191 1323 4247 laborandum
1354 4203 1437 4250 cst
1478 4194 1657 4252 dicere
1698 4198 1822 4268 quid

235 4272 305 4326 sit
330 4275 659 4345 crystallum.
686 4277 964 4334 Prmlocuti
992 4270 1131 4336 enim
1160 4297 1343 4337 smnus
1363 4329 1378 4353 ,
1419 4295 1473 4341 et
1508 4287 1672 4341 credo
1716 4305 1821 4344 non

236 4366 497 4421 excidisse
526 4367 779 4425 Charilati
806 4381 1017 4426 vestrm.
1041 4373 1176 4441 Quid
1206 4384 1288 4430 est
1330 4391 1487 4447 ergo,
1515 4376 1673 4433 Mittit
1702 4397 1820 4451 cry-

234 4456 441 4511 stallum
485 4475 631 4512 suum
668 4462 798 4515 velut
842 4467 1006 4534 frusta
1046 4465 1538 4536 panis?Quomudo
1584 4469 1673 4524 nix
1728 4471 1817 4525 illa

245 4548 567 4620 ipsius,quia
592 4554 1085 4622 prmdesliuatorum
1108 4568 1207 4622 est;
1225 4561 1492 4629 quomodo
1513 4558 1702 4619 nebula
1732 4564 1820 4621 illa

236 4639 437 4709 ipsius,
469 4646 591 4714 quia
621 4646 716 4714 ξι)δί
749 4657 1006 4703 vocantur
1029 4649 1093 4704 ad
1134 4654 1531 4722 [militentialm
1560 4656 1647 4725 qui
1679 4672 1816 4726 pra:-

236 4728 484 4787 dcstinati
508 4744 631 4789 sum
653 4735 718 4790 ad
750 4737 979 4793 salutem
1011 4757 1025 4795 :
1058 4740 1133 4795 sic
1162 4752 1243 4795 est
1277 4744 1672 4813 quodammodo
1695 4763 1818 4819 cry-

236 4821 448 4876 stallum
473 4823 657 4894 ipsius.
675 4826 813 4895 Quid
838 4838 918 4884 est
944 4831 1291 4902 crystallum?
1308 4833 1523 4889 Multum
1545 4836 1816 4905 obduruit,

237 4913 464 4967 multum
488 4918 785 4986 congelavit
810 4935 823 4984 ;
854 4935 959 4974 non
978 4920 1085 4990 jam
1108 4922 1245 4977 sicut
1271 4923 1358 4978 nix
1388 4922 1542 4980 facile
1562 4928 1693 4983 solvi
1726 4944 1820 4999 po-

238 5013 361 5060 test.
394 5006 490 5062 Nix
521 5010 805 5066 multorum
833 5030 1092 5069 annorum
1122 5024 1362 5086 tempore
1386 5017 1569 5072 durata
1599 5028 1653 5074 ct
1680 5021 1819 5077 serie

234 5099 555 5156 smculorum
577 5142 592 5167 ,
617 5104 924 5174 cryslallutn
952 5105 1148 5161 dicitur
1181 5123 1194 5159 :
1227 5113 1281 5162 et
1327 5107 1428 5163 hoc
1475 5109 1635 5164 mittit
1675 5112 1821 5167 velut

236 5189 400 5245 frusta
434 5193 604 5262 panis.
633 5196 767 5261 Quid
798 5196 897 5252 hoc
922 5198 1023 5254 sibi
1054 5198 1202 5254 vult?
1232 5199 1469 5255 Fuerunt
1496 5202 1652 5258 nimis
1674 5202 1814 5271 duri,

229 5292 339 5335 non
367 5281 473 5351 jam
502 5284 627 5348 nivi,
656 5285 748 5340 sed
776 5289 1027 5359 crystallo
1053 5291 1392 5359 comparandi
1424 5309 1438 5346 :
1471 5302 1525 5348 et
1553 5293 1650 5363 ipsi
1679 5309 1816 5364 prm-

232 5371 481 5427 destioati
506 5386 663 5437 sunt,
691 5386 745 5432 ct
766 5380 969 5444 vocati;
996 5389 1050 5434 et
1077 5381 1293 5451 quidam
1322 5400 1508 5439 eorum
1544 5385 1613 5439 ita
1642 5396 1697 5441 ut
1723 5402 1817 5457 pa-

231 5473 447 5519 sccrcnt
471 5466 638 5529 alios,
664 5477 718 5523 et
755 5480 935 5524 essent
978 5470 1133 5526 utiles
1160 5484 1215 5527 et
1257 5473 1398 5528 aliis.
1433 5474 1501 5529 Et
1528 5476 1652 5546 quid
1683 5491 1818 5548 Opus

232 5563 313 5607 est
344 5564 398 5608 ut
444 5572 783 5612 numeremus
812 5561 1006 5614 multos
1039 5561 1173 5616 forte
1200 5579 1334 5633 quos
1361 5566 1604 5619 novimus
1624 5608 1639 5632 ,
1670 5568 1814 5625 illum

231 5655 322 5699 aut
362 5646 548 5699 ilhun?
577 5648 817 5703 Occurrit
844 5651 1126 5722 unicuique
1154 5654 1403 5725 cogitanti
1429 5696 1444 5722 ,
1486 5671 1550 5711 ex
1596 5658 1658 5712 iis
1684 5674 1817 5729 quos

297 5800 314 5870 ξ
341 5799 413 5870 sic
433 5806 505 5870 lir.
534 5808 585 5850 ρι
610 5801 777 5870 plures
799 5809 904 5852 uss.
935 5812 985 5853 At
1009 5812 1108 5855 Am.
1131 5812 1183 5856 et
1208 5812 1337 5870 l.ov.,
1357 5806 1517 5860 adhuc
1538 5816 1626 5861 est.

293 5860 314 5891 ⁸
337 5861 408 5909 sic
433 5869 535 5912 Mss.
564 5860 672 5913 ldd.
704 5878 838 5926 vero,
862 5879 1013 5916 erres.

1335 406 1727 467 ENARRATIO
1764 405 1828 462 ΙΝ
1868 404 2190 462 PSALMUM
2226 404 2474 462 CLXVII.

3377 408 3519 496 ipsi

1937 521 2118 587 novit,
2148 537 2304 590 quam
2347 522 2481 579 forte
2523 524 2640 579 duri
2676 534 2729 581 et
2781 535 3075 596 pertinaces
3112 537 3167 584 ct
3210 528 3514 585 obnitentcs

1931 610 2186 666 adversus
2212 614 2487 669 veritatem
2512 614 2760 685 fuerunt,
2787 625 2842 673 et
2870 618 3031 674 modo
3058 620 3343 690 pradicant
3368 624 3511 678 veri-

1933 709 2095 757 tatem
2127 720 2141 755 :
2166 702 2289 760 facti
2325 714 2449 761 sunt
2490 708 2652 762 frusta
2682 710 2854 779 panis.
2879 710 3013 778 Quis
3042 711 3131 768 ille
3162 729 3297 769 unus
3319 715 3468 785 panis
3487 716 3514 771 Ω

1933 792 2104 859 Multi,
2124 795 2292 866 inquit
2310 796 2613 866 Apostolus,
2638 799 2809 854 Unum
2836 819 3020 873 corpus
3040 820 3215 859 sumus
3233 807 3286 860 in
3310 805 3513 864 Christo

1933 882 2105 955 (Rom.
2131 901 2227 952 xu,
2248 886 2302 959 5)
2326 905 2340 940 :
2369 905 2501 944 unus
2529 892 2693 960 panis,
2718 907 2873 947 unum
2913 911 3096 965 corpus
3121 898 3265 951 multi
3290 915 3463 955 sumus
3493 944 3511 967 ,

1934 975 2049 1042 ipse
2087 974 2293 1046 dicit(l
2316 978 2433 1033 Cur.
2468 982 2653 1051 x,l'l).
2679 982 2816 1054 Ergo
2854 985 2898 1040 si
2951 1000 3091 1042 unus
3141 989 3292 1059 panis
3342 998 3512 1047 totum

1930 1080 2126 1137 corpus
2149 1070 2370 1136 Christi,
2400 1073 2636 1129 membra
2665 1074 2862 1132 Christi
2892 1077 3057 1134 frusta
3085 1082 3236 1151 panis
3266 1093 3407 1139 sunt.
3441 1085 3516 1143 De

1930 1157 2242 1226 quibusdam
2273 1160 2419 1218 duris
2446 1162 2571 1224 facit
2608 1168 2845 1224 membra
2883 1183 3001 1236 sua,
3029 1181 3084 1226 et
3108 1172 3253 1228 utilia
3285 1174 3352 1229 ad
3381 1176 3518 1231 alios

1932 1249 2247 1317 pascendos.
2277 1252 2413 1320 Quid
2437 1256 2573 1312 imus
2601 1273 2695 1327 per
2722 1260 2963 1316 multos?
2989 1261 3332 1321 Notissimum
3361 1267 3512 1323 illum

1932 1337 2155 1395 Paulum
2198 1344 2499 1413 apostolum
2546 1348 2867 1407 intueamur.
2890 1351 3035 1409 Nihil
3083 1356 3239 1412 nobis
3268 1358 3370 1413 isto
3396 1360 3513 1415 viro

1933 1432 2146 1500 notius,
2179 1435 2311 1490 nihil
2340 1439 2588 1506 suavius,
2622 1442 2752 1497 nihil
2795 1444 2847 1500 in
2872 1445 3162 1518 Scripturis
3201 1448 3517 1509 familiarius

1931 1532 2032 1578 est.
2063 1525 2126 1579 Et
2151 1526 2193 1582 si
2217 1526 2411 1584 fuerint
2444 1532 2533 1601 qui
2569 1547 2634 1588 ex
2667 1542 2810 1591 tanta
2834 1537 3026 1595 duritia
3048 1582 3062 1605 ,
3088 1541 3140 1597 in
3170 1553 3365 1614 quanta
3398 1548 3516 1617 ipse

1933 1613 2062 1678 fuit,
2092 1618 2245 1705 panis
2288 1618 2478 1677 ﬁerent
2507 1622 2560 1687 ¹;
2595 1623 2711 1694 ipso
2736 1629 3008 1697 proposito
3053 1634 3120 1686 ad
3163 1613 3468 1706 exemplum
3494 1676 3510 1701 .

1904 1722 2119 1777 (omnes
2169 1696 2486 1781 occurrant,
2518 1725 2577 1771 ut
2623 1696 3149 1787 explicetur‘scusus
3196 1696 3514 1793 istm-Mittit
3594 1774 3599 1777 »

1930 1800 2225 1870 crystallum
2264 1819 2411 1859 suum
2440 1805 2570 1861 sicut
2612 1809 2782 1878 frusta
2821 1813 2988 1883 panis.
3019 1814 3158 1873 Ercc
3198 1820 3511 1890 crystallina
3610 1858 3613 1861 ν

1931 1898 2049 1943 erat
2075 1893 2353 1960 apostolus
2375 1894 2590 1962 Paulus,
2622 1901 2818 1969 durus,
2848 1904 3094 1961 obnitens
3134 1911 3374 1978 veritati,
3406 1914 3517 1968 cla-

1933 1994 2086 2034 mans
2131 1982 2388 2039 adversus
2418 1986 2799 2059 Evangelium,
2832 2001 3084 2066 tanquam
3130 2000 3384 2059 indurans
3424 2003 3515 2060 ad-
3613 2029 3617 2035 υ

1932 2082 2121 2128 versus
2146 2074 2335 2130 solem.
2358 2076 2460 2134 Iste
2486 2096 2642 2149 quam
2675 2082 2839 2139 durus
2868 2086 2984 2152 fuit,
3008 2105 3259 2148 crescens
3288 2095 3515 2168 iuche,
3608 2132 3612 2137 ι

1932 2164 2173 2220 eruditus
2188 2166 2256 2222 ad
2277 2169 2437 2237 pedes
2457 2170 2764 2231 Gamalielis
2786 2176 2943 2250 Legis
2962 2179 3197 2239 doctoris
3224 2188 3355 2257 (Act.
3385 2164 3514 2257 min,

1933 2254 2026 2320 3)!
2058 2255 2171 2311 Non
2220 2259 2469 2315 audiebat
2521 2263 2737 2335 Moysen
2796 2277 2851 2324 et
2903 2270 3196 2342 Prophetas
3234 2254 3516 2338 Christum

1933 2347 2515 2423 prtedicantesnlagua
2547 2353 2769 2411 duritia!
2793 2357 2951 2416 Certe
2976 2361 3173 2421 Gentes
3202 2384 3305 2423 non
3336 2373 3521 2428 audie-

1936 2446 2053 2491 rant
2081 2438 2393 2510 Prophetas,
2422 2459 2526 2498 non
2555 2447 2834 2504 audierant
2859 2450 3075 2523 Moysen
3103 2472 3118 2509 :
3141 2455 3316 2528 frigidi
3341 2473 3514 2531 erant,

1933 2530 2028 2586 sed
2059 2535 2372 2605 crystallum
2411 2551 2517 2593 non
2548 2549 2721 2593 erant.
2757 2540 2850 2598 Ille
2874 2546 2964 2614 qui
2986 2547 3237 2604 credebat
3262 2554 3283 2585 ¹
3312 2551 3362 2608 in
3396 2570 3517 2609 ver-

1937 2623 2017 2677 bis
2046 2626 2458 2694 przedicantibus
2482 2629 2783 2700 Christum,
2809 2643 2863 2689 et
2888 2636 3103 2694 Christo
3146 2642 3376 2699 venienti
3410 2662 3517 2703 non

1934 2714 2229 2783 credebat,
2260 2718 2419 2774 nimis
2464 2720 2842 2779 obduraverat.
2884 2727 3014 2795 Quia
3055 2746 3185 2802 ergo
3208 2737 3517 2805 crystallum

1933 2814 2081 2869 crat,
2112 2806 2307 2862 nitidus
2360 2809 2639 2865 videbatur
2686 2823 2742 2869 et
2786 2818 3080 2887 candidus;
3113 2823 3208 2879 sed
3255 2826 3420 2883 durus
3464 2839 3520 2887 et
3606 2866 3610 2873 ς

1934 2896 2154 2951 nimium
2177 2900 2403 2968 gelidus.
2430 2903 2709 2970 Quomodo
2738 2908 2936 2965 nitidus
2980 2922 3032 2966 et
3056 2916 3359 2973 candidus?
3405 2922 3517 2976 lle-

1933 2985 2101 3040 brteus
2131 3003 2195 3042 ea:
2226 2988 2452 3045 llcbrwis
2473 3033 2486 3057 ,
2515 2996 2791 3050 secundum
2825 2998 3009 3071 Legem
3040 3002 3352 3065 Pharisams.
3387 3011 3518 3071 Vide

1933 3077 2159 3132 nitorem
2209 3082 2467 3150 crystalli.
2510 3085 2645 3139 Audi
2698 3088 2947 3146 duritiam
2998 3098 3283 3164 crystalli:
3318 3102 3524 3161 Secun-

1931 3167 2053 3221 dum
2065 3171 2434 3226 wmulationem
2447 3192 2741 3248 persequens
2756 3180 2961 3237 Ecclesi.
2972 3230 2975 3233 .
2988 3203 3036 3239 m
3052 3186 3238 3245 Christi
3259 3193 3516 3267 (Philipp.

1934 3273 2012 3322 nt.
2039 3260 2094 3323 5,
2127 3259 2205 3334 6).
2237 3260 2381 3319 Inter
2410 3265 2729 3334 lapidatores
2758 3274 2926 3328 sancti
2954 3273 3212 3347 Stephani
3245 3259 3513 3357 martyris,
3604 3334 3605 3337 η

1933 3350 2003 3408 ibi
2026 3362 2141 3407 erat
2167 3353 2270 3409 iste
2316 3356 2513 3419 durus.
2542 3369 2597 3413 et
2640 3359 2776 3416 forte
2804 3366 3013 3419 caeteris
3035 3367 3256 3428 durior:
3279 3350 3515 3435 omnium

1930 3444 2071 3499 enim
2122 3444 2468 3513 lapidantium
2508 3452 2821 3509 vestimenta
2863 3460 3143 3531 servabat,
3176 3474 3233 3519 ut
3276 3470 3513 3528 onmium

1930 3534 2176 3591 manibus
2206 3537 2469 3608 lapidaret
2499 3539 2633 3614 (Act.
2662 3558 2754 3611 vn,
2782 3545 2898 3618 57)

2000 3625 2090 3682 26.
2122 3627 2262 3699 Ergo
2302 3630 2545 3688 videmus
2595 3635 2768 3691 nivem
2793 3680 2808 3705 ,
2848 3640 3124 3710 nebulam,
3157 3652 3465 3722 crystallum
3497 3674 3515 3713 :

1929 3717 2127 3774 bonum
2158 3730 2324 3776 estut
2353 3724 2441 3779 ille
2481 3726 2678 3795 spiret,
2711 3738 2767 3782 et
2794 3732 2982 3787 solvat.
3013 3735 3069 3791 Si
3106 3717 3365 3800 enimille
3407 3763 3514 3807 non
3591 3788 3593 3791 .

1928 3810 2243 3879 spiraverit.
2274 3812 2316 3867 si
2351 3831 2454 3868 non
2487 3815 2604 3887 ipse
2645 3817 2894 3876 duritiam
2920 3825 3106 3894 glaciei
3137 3828 3292 3899 hujus
3316 3834 3516 3894 dissol-

1926 3901 2093 3967 verit,
2127 3901 2193 3956 In
2223 3904 2405 3979 [aciem
2443 3907 2650 3977 frigoris
2678 3910 2786 3979 ejus
2807 3914 2919 3983 quis
2946 3916 3217 3977 subsistet?
3241 3923 3306 3978 In
3329 3927 3515 3996 [aciem

1928 3991 2135 4063 frigoris
2157 3995 2266 4064 ejus
2293 4036 2307 4059 ,
2337 3995 2526 4066 cujus?
2555 3998 2667 4053 Dei.
2703 3999 2857 4058 Uhde
2884 4013 2967 4060 est
2991 4009 3109 4076 ejus
3135 3991 3344 4083 frigusl
3372 4019 3512 4080 Ecce

1926 4082 2127 4139 deserit
2150 4095 2487 4154 peccatorem
2511 4130 2524 4153 ,
2555 4103 2681 4146 ecce
2706 4108 2810 4146 non
2838 4105 3022 4165 vocat,
3050 4116 3177 4159 ecce
3204 4082 3308 4161 non
3340 4114 3515 4181 aperit

1928 4191 2145 4232 sensum
2177 4221 2193 4245 ,
2223 4195 2348 4237 cccc
2375 4199 2480 4237 non
2510 4184 2736 4241 infundit
2765 4192 2990 4258 gratiam
3022 4212 3035 4248 :
3065 4198 3300 4257 solvatur
3326 4206 3507 4278 homo,

1927 4269 1971 4323 si
2020 4275 2421 4346 potest,glacie
2455 4279 2713 4334 stultitim.
2763 4282 2877 4338 Non
2926 4298 3101 4357 potest
3126 4292 3165 4343 ³.
3185 4294 3360 4362 Quare
3404 4269 3511 4360 non

1928 4358 2149 4431 potest?
2178 4364 2243 4420 In
2291 4368 2473 4437 faciem
2519 4371 2725 4443 frigoris
2763 4376 2872 4447 ejus
2915 4380 3030 4450 quis
3070 4358 3305 4443 subsistet
3325 4392 3353 4445 γ
3376 4358 3510 4453 Vide

1927 4466 2056 4523 ergo
2102 4458 2562 4525 congelascentem
2620 4464 2765 4520 illum
2799 4508 2816 4533 ,
2868 4477 2923 4524 et
2974 4470 3238 4534 dicentem
3284 4497 3299 4535 :
3354 4482 3513 4543 Video

1926 4542 2083 4596 aliam
2109 4546 2268 4617 legem
2290 4548 2342 4602 in
2373 4552 2606 4606 membris
2633 4555 2785 4620 meis,
2818 4574 3183 4632 repugnantem
3207 4570 3308 4643 legi
3333 4581 3512 4636 utentis

1927 4651 2069 4702 mete,
2102 4647 2148 4691 et
2173 4641 2424 4708 captivum
2456 4659 2534 4696 me
2560 4645 2820 4701 ducentem
2853 4650 2906 4705 in
2935 4652 3043 4725 lege
3061 4641 3281 4728 peccati,
3302 4682 3416 4737 qua:
3440 4682 3513 4724 est

1925 4728 1978 4781 in
2030 4731 2261 4786 membris
2311 4736 2453 4787 meis.
2486 4734 2640 4791 Miser
2693 4757 2784 4810 ego
2823 4743 3005 4810 homo,
3037 4751 3148 4818 quis
3198 4772 3276 4809 me
3323 4760 3509 4814 libern-

1930 4820 1998 4873 bit
2026 4822 2089 4875 de
2107 4840 2319 4894 corpore
2347 4828 2519 4882 mortis
2546 4830 2696 4896 hujus
2718 4832 2745 4885 ?
2777 4833 2913 4889 Ecce
2940 4836 3166 4908 frigesco
3185 4886 3199 4905 ,
3229 4862 3353 4903 cccc
3383 4847 3512 4917 cmi-

1925 4911 2168 4978 gelasco;
2194 4930 2299 4984 quo
2325 4917 2507 4972 calore
2533 4921 2728 4986 solvar,
2762 4934 2821 4979 ut
2852 4931 3102 4984 curram?
3129 4933 3255 4998 Quis
3281 4954 3361 4992 me
3384 4914 3510 4997 libe-

1924 5002 2054 5055 rabit
2087 5004 2149 5057 de
2179 5021 2389 5074 corpore
2416 5011 2591 5064 mortis
2621 5011 2776 5084 hujus
2794 5016 2819 5067 Ρ
2848 5014 2911 5069 1η
2940 5021 3120 5088 {aciem
3160 5026 3365 5096 [rigoris
3401 5035 3511 5102 ejus

1923 5096 2035 5163 quis
2063 5096 2294 5151 subsistet
2316 5098 2343 5151 ?
2367 5098 2433 5153 Et
2465 5101 2583 5170 quis
2610 5105 2843 5172 scipsum
2872 5106 3150 5178 liberabit,
3174 5117 3217 5169 si
3248 5119 3332 5173 ille
3352 5096 3511 5179 dese-

1926 5186 2137 5242 ruerit?
2164 5187 2230 5242 Et
2271 5190 2391 5259 quis
2424 5190 2650 5247 liberat?
2677 5192 2853 5249 Gratia
2876 5196 3007 5263 Dei,
3029 5219 3120 5270 per
3150 5204 3328 5261 Iesum
3358 5211 3510 5266 Chri.

1922 5287 2055 5331 stum
2096 5277 2369 5334 Dominum
2409 5292 2634 5337 nostrum
2677 5283 2853 5353 (Rom.
2885 5305 2992 5353 vn,
3019 5291 3232 5368 25-25).
3262 5300 3399 5356 Audi
3450 5315 3507 5360 ct

1926 5370 2012 5425 hic
2049 5374 2269 5442 gratiam
2318 5375 2411 5430 Dei
2446 5392 2459 5430 :
2495 5374 2600 5442 Qui
2642 5378 2794 5432 mittit
2835 5384 3132 5452 crystallum
3176 5407 3323 5446 suum
3372 5398 3503 5453 sicut

1988 5567 2003 5600 ι
2031 5569 2110 5642 εἰς
2142 5566 2373 5642 "(wages
2408 5575 2516 5642 Msst
2544 5578 2607 5642 at
2627 5577 2719 5642 ΙῖικΔ
2745 5580 2796 5642 et
2830 5581 2961 5642 πονε,
2986 5579 3073 5642 qui
3091 5592 3156 5631 ex
3178 5588 3311 5635 tanta
3327 5587 3513 5642 duritia
3598 5634 3599 5637 η

1921 5629 2671 5708 callo-elrttqttt‘tr,‘t'ttyqutmtttipse
2689 5634 2798 5697 fuit,

1987 5692 2007 5754 ξ
2034 5690 2254 5754 t’lerique
2279 5690 2405 5752 tussi,
2427 5690 2661 5744 creverat.

1989 5752 2458 5835 ἰἕξῗηωέῗχὲξίλτηε
2479 5764 2540 5835 ,οι
2557 5763 2693 5835 119""
2794 5758 2963 5835 Ροεθξι
2994 5764 3207 5835 θναιίαὲν
3233 5761 3326 5821 ita"
3364 5782 3513 5835 ιὀίιτει

2202 5824 2374 5894 amart,
2412 5824 2506 5894 etc.
2556 5823 2651 5880 Ern,
2680 5812 2726 5870 si
2748 5812 2839 5873 non
2862 5812 3341 5894 ροιεᾶῃὲᾶἦιὶιίξῶρ

1926 5874 2174 5926 stultitia”:
2200 5884 2370 5938 Quare,
2398 5886 2493 5928 etc.
2636 5874 2647 5880 '
2862 5874 2873 5887 ·
2975 5874 3001 5875 η
3029 5874 3057 5888 -ι
3095 5874 3225 5894 -~--~.
3248 5874 3273 5889 ν.
3303 5874 3338 5891 -.
3362 5886 3370 5902 ,
