4080 6480
562 385 704 446 1955

564 505 728 575 frusta
766 498 913 572 panis
946 515 966 554 :
989 499 1041 551 in
1084 496 1264 568 [aciem
1308 496 1513 569 frigoris
1551 495 1667 565 ejus
1713 494 1827 565 quis
1870 493 2144 547 subsistet?

564 596 704 665 Ergo
734 593 1037 663 desperatio
1074 590 1194 645 est?
1222 589 1394 643 Absit.
1424 588 1681 658 Sequitur
1721 588 1866 642 enim
1893 604 1906 640 :
1932 584 2141 639 Eminet

561 685 762 741 verbum
780 699 957 749 suum,
980 693 1033 738 et
1054 679 1312 750 labefaciat
1339 697 1418 735 ea.
1450 679 1565 734 Non
1590 694 1721 749 ergo
1748 677 1999 748 desperet
2028 676 2141 736 nix.

563 793 669 832 non
713 775 961 845 desperet
1002 773 1231 838 nebula,
1261 771 1650 847 nondesperet
1692 769 2023 841 crystallum.
2068 767 2145 822 De

562 870 682 923 nive
714 881 946 937 nataque
1030 876 1278 935 tanquam
1317 862 1386 918 de
1426 863 1581 926 lana,
1621 860 1904 916 conficitur
1944 857 2142 914 tunica.

558 956 759 1015 Nebula
788 959 875 1012 illa
907 958 958 1012 in
990 956 1305 1028 pauitantia
1332 953 1563 1009 salutem
1590 938 1830 1013 invenit;
1863 949 1987 1021 quia
2018 965 2144 1019 quos

559 1049 954 1122 prwdestinavit,
984 1048 1100 1101 illos
1128 1055 1173 1100 et
1200 1046 1412 1100 vocavit.
1437 1043 1541 1100 Sed
1573 1043 1699 1097 licet
1722 1042 1831 1096 sint
1858 1041 1997 1096 inter
2018 1055 2147 1113 pra:-

560 1143 856 1199 destinatos
873 1139 1180 1205 durissimi,
1214 1148 1269 1194 et
1307 1137 1473 1192 multo
1499 1135 1648 1206 quasi
1678 1144 1921 1206 tempore
1944 1146 2144 1203 conge-

559 1235 818 1300 taverint,
846 1242 900 1288 et
926 1231 1235 1304 crystallum
1266 1228 1389 1284 facti
1420 1228 1655 1293 fuerint;
1690 1242 1794 1282 non
1824 1234 1983 1282 erunt
2021 1224 2143 1280 duri

558 1327 940 1393 misericordia:
970 1327 1082 1382 Dei.
1118 1326 1322 1380 Emillel
1364 1324 1563 1379 verbum
1592 1338 1738 1379 suum
1758 1322 1852 1389 ,‘et
1876 1319 2143 1391 labefaciat

557 1436 638 1476 ea.
666 1417 805 1489 Quid
827 1427 942 1483 est,
974 1418 1242 1488 labefaciet
1261 1416 1289 1470 3
1315 1415 1392 1471 Ne
1420 1415 1555 1470 forte
1593 1416 1645 1469 in
1668 1414 1809 1469 malo
1833 1410 2142 1482 intelligatis

556 1511 859 1582 labefaciat;
890 1507 1226 1578 liquefaciet»,
1257 1507 1532 1562 di3solvet.
1568 1505 1700 1560 Duri
1729 1513 1855 1558 sunt
1874 1502 2017 1558 enim
2046 1516 2142 1572 per

556 1604 886 1675 superbiam.
926 1602 1115 1658 Merito
1144 1608 1199 1656 et
1240 1598 1489 1669 superbia
1520 1606 1704 1667 stupor
1727 1595 1952 1660 dicitur;
1983 1591 2140 1662 quid-

556 1696 684 1769 quid
711 1696 852 1750 enim
874 1693 1144 1765 stupidum
1171 1701 1285 1757 est,
1319 1689 1562 1759 frigidum
1584 1697 1689 1743 est.
1715 1687 1967 1758 Rigorem
2001 1683 2142 1755 passi

558 1787 804 1842 homines
857 1784 1092 1856 quotidie
1135 1782 1321 1837 dicunt
1347 1822 1363 1846 ,
1395 1780 1675 1849 Obstupui.
1706 1777 1849 1849 Ergo
1888 1775 2142 1847 superbia

557 1888 747 1948 stupor
770 1886 875 1932 est.
898 1871 1104 1929 Emittet
1144 1874 1343 1927 verbum
1373 1887 1552 1935 suum,
1580 1879 1630 1923 et
1669 1868 1931 1938 labefaciat
1956 1883 2037 1922 ea.
2074 1864 2145 1921 Et

556 1985 745 2025 revera
776 1968 972 2024 cumuli
1006 1966 1143 2021 nivis
1170 1980 1290 2019 cum
1329 1963 1578 2019 ealefiunt
1611 1963 1664 2029 ⁸,
1690 1961 2063 2031 deliquescunt
2088 1960 2142 2015 in

558 2063 875 2117 humilitate.
908 2058 1187 2127 Quomodo
1210 2072 1339 2128 ergo
1362 2056 1515 2127 quasi
1553 2067 1787 2111 montem
1818 2054 1959 2110 nivis
1986 2055 2144 2126 erigit

557 2162 781 2224 stupor,
810 2152 889 2205 sie
932 2149 1126 2204 stultos
1167 2149 1329 2219 erigit
1364 2147 1637 2217 superbia.
1693 2146 1901 2202 Emittet
1936 2146 2143 2202 verbum

557 2260 727 2307 suum,
752 2253 798 2297 et
819 2241 1077 2311 labefaciel
1097 2258 1174 2294 ea.
1198 2240 1334 2294 Ecce
1358 2240 1504 2293 venit
1524 2238 1652 2294 illud
1675 2238 1987 2309 crystallum
2007 2238 2144 2293 Sau-

557 2335 642 2390 lus
685 2343 806 2404 post
848 2332 1048 2388 cardcm
1092 2341 1150 2385 et
1196 2329 1576 2399 lapidationem
1623 2328 1917 2398 Stephani,
1945 2326 2141 2384 duritia

558 2427 784 2497 quadam
815 2423 1060 2493 stupidus
1093 2422 1144 2475 in
1175 2420 1464 2486 Christum,
1498 2421 1650 2489 petiit
1682 2420 1885 2475 litteras
1909 2434 1940 2473 a
1965 2434 2144 2475 sacer-

555 2516 774 2572 dotibus
798 2557 813 2581 ,
844 2524 902 2569 ut
931 2514 1167 2583 undique
1198 2511 1448 2567 exhibeat
1474 2510 1808 2567 Christianos
1830 2550 1848 2578 ,
1883 2509 2143 2566 anhelans

554 2609 753 2664 exiles.
787 2608 958 2662 Durus
983 2615 1063 2660 est
1110 2606 1208 2659 iste
1258 2614 1312 2659 et
1358 2602 1564 2674 gelidus
1606 2612 1791 2656 contra
1822 2603 1994 2673 ignem
2025 2602 2139 2656 Dei.

558 2700 663 2756 Sed
688 2712 989 2771 quanquam
1018 2698 1037 2728 ²
1058 2705 1199 2751 esset
1221 2694 1406 2761 durus,
1431 2709 1732 2764 quanquam
1758 2693 1986 2764 gelidus,
2015 2708 2143 2749 ecce

554 2795 648 2849 ille
672 2793 761 2864 qui
788 2801 973 2847 ennllet
1001 2790 1199 2844 verbum
1225 2805 1372 2843 suum
1391 2830 1405 2853 ,
1429 2797 1474 2840 et
1498 2786 1762 2858 labefaciet
1782 2803 1864 2852 ea,
1886 2786 2140 2842 clamavit

557 2884 623 2941 de
650 2885 791 2940 cmlo
815 2882 1075 2947 fervidus,
1106 2881 1265 2935 Saule
1285 2922 1301 2946 ,
1335 2878 1527 2946 Saule,
1551 2880 1674 2951 quid
1715 2896 1794 2934 me
1833 2880 2143 2951 persequeris

556 2977 696 3047 (Act.
729 2993 801 3041 ix,
834 2973 995 3047 1-4)?
1038 2973 1152 3029 Una
1183 2973 1269 3026 illa
1300 2988 1465 3036 voce,
1499 2981 1643 3027 tanta
1674 2972 1766 3027 illa
1789 2973 1981 3029 duritia
2012 2988 2141 3044 cry-

556 3068 697 3141 stalli
721 3068 954 3123 resoluta
975 3076 1078 3135 est.
1108 3065 1315 3119 Eminet
1341 3080 1470 3136 ergo
1496 3065 1697 3120 verbum
1724 3083 1891 3131 suum,
1921 3077 1970 3122 et
2001 3068 2143 3122 tabe-

557 3161 711 3231 faciet
734 3175 816 3215 ea.
846 3157 968 3213 Non
993 3156 1310 3227 desperetur
1336 3155 1404 3211 de
1430 3157 1715 3228 crystallo;
1742 3168 1942 3228 quanto
1966 3160 2142 3216 minus

555 3253 625 3306 lle
646 3250 788 3315 nive,
817 3249 899 3304 vel
929 3248 997 3303 de
1023 3246 1255 3302 nebula?
1281 3247 1357 3301 De
1385 3246 1502 3316 ipso
1530 3248 1786 3319 crystallo
1812 3265 1918 3305 non
1945 3251 2141 3322 despeo

555 3353 728 3398 retur.
760 3339 898 3396 Audi
923 3353 1110 3394 vocem
1138 3337 1423 3408 quamdam
1451 3339 1689 3410 crystalli
1718 3356 1734 3394 :
1767 3340 1869 3408 Qui
1896 3344 2040 3413 prius
2060 3344 2139 3416 fui

548 3433 878 3503 blasphemus
901 3472 916 3498 ,
946 3440 991 3485 et
1042 3438 1358 3501 persecutor,
1385 3439 1432 3483 el
1482 3429 1780 3499 injuriosus.
1819 3432 1925 3488 Sed
1976 3449 2142 3505 quare

553 3529 707 3582 solvit
726 3524 1033 3596 crystallum
1060 3523 1237 3578 Deus?
1258 3522 1334 3577 Ne
1350 3521 1417 3578 de
1435 3537 1495 3577 se
1519 3523 1606 3577 nix
1636 3523 1749 3594 ipsa
1776 3525 2142 3595 desperet.Ait

546 3621 699 3675 enim
718 3660 732 3682 ,
763 3617 891 3671 Ideo
940 3615 1343 3669 misericordium
1371 3623 1670 3669 consecutus
1716 3632 1829 3671 sum
1848 3658 1863 3681 ,
1888 3627 1940 3671 ut
1970 3619 2024 3672 in
2064 3636 2144 3674 me

546 3708 835 3764 ostenderet
863 3703 1095 3760 Christus
1124 3704 1274 3758 Jesus
1302 3720 1498 3758 omnem
1526 3706 1818 3774 patientiam
1842 3746 1858 3773 ,
1888 3708 1958 3761 ad
1982 3709 2144 3779 infor-

552 3800 831 3855 mationem
858 3812 1042 3851 eorum
1062 3796 1145 3865 qui
1165 3794 1411 3849 credituri
1440 3804 1553 3849 sunt
1596 3796 1673 3851 illi
1710 3800 1762 3850 in
1802 3799 1953 3853 vitam
1992 3810 2141 3855 celer-

547 3908 675 3947 stam
703 3889 744 3962 (l
769 3888 901 3943 Tim.
933 3903 970 3953 I,
998 3886 1218 3957 13.16).
1244 3885 1453 3940 Clamat
1479 3902 1607 3955 ergo
1649 3887 1789 3942 Deus
1828 3889 1895 3943 ad
1920 3902 2138 3961 gentes;

548 3982 702 4039 Solvi
729 3979 1063 4052 crystallum,
1093 3978 1271 4032 venite
1296 3978 1469 4031 nives.
1500 3975 1709 4033 Emillel
1735 3981 1938 4034 verbum
1957 3998 2138 4052 suum,

546 4085 604 4127 et
631 4071 892 4139 tabefaciet
919 4086 1011 4135 ea;
1040 4068 1248 4140 spirabit
1292 4068 1499 4136 spiritus
1540 4070 1648 4139 ejus
1666 4108 1681 4134 ,
1711 4080 1758 4123 et
1785 4073 1946 4140 ﬂuent
1973 4090 2137 4143 aqule.

556 4167 698 4221 Here
716 4163 1033 4234 crystallum
1062 4168 1118 4215 ct.
1143 4160 1289 4215 nives
1313 4160 1674 4227 resolvuntur,
1703 4173 1833 4217 eunt
1861 4164 1914 4218 iu
1939 4180 2139 4237 aquas;

555 4256 651 4327 qui
683 4257 893 4319 sitiunt,
927 4253 1142 4307 veniant
1169 4262 1223 4307 et
1251 4251 1459 4307 bibant.
1501 4251 1693 4307 Saulus
1734 4253 1901 4310 durus
1932 4267 1989 4310 ut
2016 4271 2142 4330 cry-

555 4345 794 4411 s:allmn,
826 4343 1156 4413 Stephanum
1178 4352 1258 4397 est
1291 4350 1601 4411 persecutus
1626 4342 1691 4398 ad
1725 4354 1982 4412 mortem;
2008 4348 2142 4402 Pau-

554 4438 645 4493 lus
667 4439 775 4507 jam
800 4436 854 4491 in
884 4451 1020 4507 aqua
1044 4435 1160 4488 viva
1178 4443 1372 4504 gentes
1399 4447 1551 4488 vocat
1572 4433 1639 4488 ad
1664 4434 1889 4491 fontem.
1912 4436 2143 4510 Spirabit

554 4531 767 4597 spiritus
790 4529 902 4597 ejus
923 4568 942 4595 ,
973 4536 1019 4581 ct
1060 4527 1218 4595 (luent
1241 4541 1408 4594 aquaz.
1447 4523 1677 4596 Spiritus
1715 4526 1925 4584 fervens
1957 4550 1970 4585 :
2002 4532 2142 4589 unde

568 4620 769 4676 dictum
810 4627 895 4674 est
933 4617 985 4673 in
1008 4616 1113 4670 alio
1142 4615 1347 4685 psalmo
1370 4655 1385 4679 ,
1416 4614 1687 4683 Converte,
1713 4616 1957 4684 Domine,
1979 4622 2141 4691 capti-

556 4700 759 4787 vitatem
786 4719 1031 4771 nostram,
1057 4707 1185 4761 sicut
1212 4717 1405 4760 torrens
1429 4706 1481 4760 in
1502 4717 1674 4761 austro
1702 4706 2036 4777 (Psal.cxxv,
2061 4714 2138 4783 4).

564 4806 782 4875 (Σιιμιῑιει
829 4802 971 4858 enim
1014 4797 1313 4857 Jerusalem
1361 4806 1610 4868 tanquam
1668 4802 2036 4870 congelaverat
2084 4804 2138 4859 in

559 4894 850 4968 Babylonia
881 4912 894 4948 :
923 4894 1015 4946 ttat
1042 4899 1245 4955 auster,
1268 4888 1491 4942 solvitur
1531 4888 1676 4960 rigor
1700 4892 2057 4960 captivitatis,
2085 4903 2140 4949 et

557 4989 726 5045 currit
752 4986 803 5040 in
834 4985 997 5041 Deum
1027 4981 1207 5036 fervor
1233 4978 1765 5049 charitatis.Spirabit
1786 4982 1991 5053 spiritus
2007 4985 2137 5058 ejus,

556 5089 603 5134 el
624 5078 781 5149 [luent
812 5089 975 5147 aqulv.
1000 5070 1119 5126 Fiet
1147 5071 1198 5125 in
1227 5086 1321 5127 eos
1352 5070 1470 5124 fons
1504 5085 1657 5141 aqua:
1687 5073 1927 5131 salientis
1966 5076 2018 5130 in
2062 5076 2139 5131 vi-

560 5184 668 5226 tam
698 5180 954 5224 aeternam
990 5163 1165 5234 (Joan.
1190 5178 1262 5231 iv,
1281 5162 1390 5233 14).

626 5260 719 5318 27.
748 5260 914 5336 [vers.
945 5256 1057 5329 19.]
1090 5256 1409 5310 Annuntians
1439 5254 1641 5310 verbum
1667 5272 1816 5311 suum
1840 5257 2023 5327 Iacob,
2052 5262 2137 5326 iu-

556 5356 727 5414 stitias
754 5362 802 5409 el
822 5350 1023 5424 judicia
1046 5365 1141 5402 sua
1165 5346 1353 5402 Israel.
1386 5348 1531 5414 Quas
1555 5347 1826 5417 justitias?
1851 5366 1970 5421 qua:
1990 5352 2135 5422 judi-

555 5447 680 5503 cia?
704 5444 838 5512 Quia
868 5449 925 5496 et
951 5438 1207 5510 quidquid
1234 5436 1323 5493 hic
1348 5439 1635 5492 humanum
1662 5454 1829 5508 genus
1855 5450 1979 5496 ante
2014 5457 2138 5511 per-

556 5553 771 5612 pessum
801 5542 904 5602 est,
928 5547 1052 5588 cum
1075 5537 1219 5585 esset
1245 5531 1352 5595 nix,
1387 5538 1442 5584 et
1468 5530 1684 5595 nebula,
1709 5540 1762 5586 et
1788 5532 2096 5604 crystallum
2120 5575 2134 5601 ,

557 5629 749 5686 merito
781 5636 1091 5693 perpessum
1118 5630 1202 5677 est
1224 5620 1487 5690 superbia:
1514 5630 1569 5677 et
1591 5619 1838 5677 elationis
1859 5624 1910 5679 in
1936 5624 2124 5681 Deum.

607 5716 625 5746 1

610 5716 625 5746 ⁸
665 5726 768 5777 δίδη
792 5709 1035 5778 tabe/ium.

610 5789 629 5816 ί
666 5778 883 5834 \Iss.luc.
908 5783 960 5827 et
992 5772 1258 5833 inhaloco,
1295 5785 1587 5838 quanquam,
1630 5780 1912 5829 constanter
1934 5776 2132 5839 habent,

547 5858 792 5915 quamam.

1800 378 1857 434 S.
1901 377 2261 435 AUGUSTINI
2303 380 2605 441 EPISCOPI

3702 386 3840 444 I956

2257 496 2615 554 Recurramus
2654 498 2723 554 ad
2769 498 3029 574 originem
3066 512 3236 561 casus
3261 498 3455 562 nostri,
3481 506 3542 554 et
3566 497 3840 554 videamus

2252 592 2376 660 quia
2409 593 2688 647 verissime
2710 593 2764 648 in
2795 594 3001 665 psahuo
3020 603 3265 659 cantatur
3295 610 3307 645 :
3338 591 3645 662 Priusquam
3667 592 3837 645 fluuii-

2253 684 2427 750 liarer,
2453 702 2543 756 ego
2587 686 2794 756 deliqui.
2823 685 2928 740 Sed
2979 686 3069 756 qui
3114 685 3282 750 dicit,
3317 683 3619 753 Priusquam
3666 670 3845 739 humi?

2255 774 2430 838 liarer,
2457 793 2549 846 ego
2576 773 2806 847 deliqui;
2835 777 2951 848 ipse
2986 777 3155 842 dicit,
3188 776 3387 829 Bonum
3439 775 3563 828 mihi
3593 785 3663 829 est
3713 790 3839 844 quo-

2252 870 2388 922 niam
2418 869 2697 925 humiliasti
2716 887 2812 935 me,
2838 880 2890 923 ut
2913 868 3104 923 discam
3122 867 3510 940 justiﬁcaliones
3533 878 3645 922 tuas
3663 866 3836 938 (Psal.

2251 975 2436 1024 csvln,
2468 960 2556 1023 67.
2586 961 2698 1031 7|).
2731 961 2835 1016 llas
2865 976 2995 1032 ergo
3014 960 3425 1031 iustiﬁcationes
3451 975 3483 1014 a
3516 959 3630 1014 Deo
3653 958 3841 1014 didicit

2248 1051 2443 1128 Jacob,
2474 1053 2563 1120 qui
2599 1052 2721 1107 fecit
2750 1052 2926 1122 ipsum
2954 1050 3121 1107 Jacob
3148 1050 3338 1106 luctari
3356 1065 3477 1105 cum
3504 1050 3751 1120 Angelo;
3784 1050 3837 1108 in

2249 1142 2401 1213 cujus
2445 1142 2632 1213 Angeli
2684 1158 2910 1213 persona
2952 1143 3066 1212 ipse
3112 1142 3372 1197 Dominus
3418 1150 3534 1197 erat
3581 1141 3834 1195 luctatus.

2250 1233 2465 1299 Tenuit,
2500 1235 2605 1288 vim
2657 1232 2782 1290 fecit
2826 1245 2885 1290 ut
2927 1233 3424 1299 teneret,invaluit
3473 1242 3530 1288 ut
3581 1242 3834 1288 teneret:

2251 1325 2375 1381 fecit
2406 1341 2463 1380 se
2493 1325 2664 1381 teneri
2702 1323 3068 1381 misericordia
3096 1367 3111 1391 ,
3146 1341 3251 1379 non
3279 1324 3612 1379 infirmitate.
3641 1322 3839 1378 Lucta-

2251 1427 2336 1472 tus
2361 1433 2490 1488 ergo
2514 1417 2679 1473 Jacob
2730 1417 3030 1489 prtevaluit,
3056 1418 3260 1481 tenuit;
3289 1428 3344 1472 et
3370 1433 3529 1487 quem
3559 1417 3841 1471 videbatur

2248 1510 2475 1575 vicisse,
2504 1517 2658 1580 rogat
2688 1518 2743 1565 ut
2786 1509 3135 1564 benedicatur
3157 1508 3228 1563 ab
3266 1524 3333 1563 eo
3356 1507 3508 1578 (Gen.
3536 1524 3700 1571 xxxii,
3733 1506 3839 1562 Ἅι

2248 1600 2363 1675 26).
2388 1600 2670 1669 Quomodo
2701 1600 3033 1671 intelligebat
3059 1616 3181 1655 cum
3209 1613 3318 1670 quo
3362 1600 3595 1654 luctatus
3621 1600 3789 1652 fuerat
3819 1639 3837 1661 ,

2248 1704 2406 1759 quem
2454 1690 2730 1745 tenuerit?
2755 1689 2931 1757 Quare
2982 1682 3245 1744 violenter
3275 1697 3358 1744 est
3382 1687 3637 1753 luctatus,
3666 1697 3721 1742 et
3751 1698 3837 1741 te—

2249 1781 2398 1836 nuit?
2426 1779 2558 1849 Quia
2584 1798 2796 1851 regnum
2828 1779 3068 1836 caelorum
3093 1781 3191 1835 vim
3209 1782 3418 1851 patitur,
3443 1788 3489 1834 et
3516 1780 3600 1851 qui
3625 1780 3723 1833 vim
3752 1783 3839 1849 fa-

2248 1873 2419 1939 ciunt,
2443 1872 2690 1943 diripiunt
2716 1871 2847 1927 illud
2876 1872 3087 1943 (Matth.
3113 1889 3187 1937 χι,
3227 1872 3340 1943 Η).
3373 1871 3513 1943 Ergo
3539 1887 3707 1942 quare
3752 1871 3841 1924 lur

2247 1966 2455 2020 ctatus?
2481 1965 2611 2033 Quia
2650 1980 2771 2019 eum
2817 1964 3019 2020 labore.
3065 1965 3242 2032 Quare
3293 1964 3378 2018 vix
3408 1974 3649 2019 tenemus
3692 1961 3840 2033 quod

2247 2050 2400 2111 facile
2420 2057 2696 2111 amisimus
2713 2057 2734 2110 ?
2750 2051 2827 2111 Ne
2848 2055 3004 2110 facile
3030 2056 3337 2125 recipiendo
3358 2055 3501 2125 quod
3524 2055 3833 2119 amisimus,

2246 2148 2516 2204 discamus
2564 2148 2788 2218 perdere
2832 2147 2974 2217 quod
3016 2158 3277 2203 tenemus.
3313 2147 3544 2202 Laboret
3571 2147 3736 2200 homo
3778 2153 3845 2199 ut

2249 2250 2467 2306 teneat;
2501 2242 2704 2296 tenebit
2732 2240 2798 2295 ad
2830 2236 3134 2296 firmitatem
3176 2240 3316 2310 quod
3351 2240 3579 2295 tenuerit
3607 2248 3729 2311 post
3755 2239 3840 2293 la-

2248 2331 2458 2387 borem.
2484 2331 2622 2402 Ergo
2646 2330 2759 2386 haec
2773 2331 2970 2402 judicia
2995 2346 3090 2386 sua
3119 2332 3258 2386 Deus
3288 2332 3646 2385 manifustavit
3670 2329 3845 2384 Jacob

2246 2434 2301 2480 et
2327 2424 2514 2481 Israel.
2545 2425 2795 2496 Apertius
2821 2423 2995 2480 dicam
3031 2441 3045 2477 :
3081 2423 3131 2479 id
3183 2433 3269 2479 est
3290 2466 3305 2486 .
3332 2425 3454 2495 quia
3498 2434 3549 2479 el
3588 2423 3717 2491 justi
3746 2421 3844 2492 qui

2248 2516 2336 2572 hic
2362 2526 2489 2572 sunt
2513 2556 2529 2585 ,
2560 2517 2793 2580 labores,
2819 2515 3074 2586 pericula,
3096 2516 3393 2581 molestias,
3432 2515 3713 2585 passiones
3739 2528 3844 2582 pro

2249 2609 2447 2663 merito
2491 2608 2793 2679 patiuntur,
2820 2607 2966 2675 justo
3010 2606 3214 2676 judicio
3257 2607 3371 2660 Dei.
3398 2605 3531 2674 Quia
3560 2604 3651 2659 ille
3682 2605 3837 2659 solus

2249 2708 2428 2772 potest
2476 2701 2656 2755 dicere
2678 2742 2694 2769 ,
2726 2701 2841 2755 sine
2887 2715 3048 2755 causa
3079 2699 3165 2755 hic
3210 2715 3270 2754 se
3308 2715 3562 2769 passum;
3592 2698 3843 2769 quamvis

2248 2794 2371 2849 ideo
2422 2809 2527 2849 non
2578 2793 2696 2847 sine
2737 2807 2897 2847 causa
2924 2834 2937 2856 ,
2970 2792 3115 2862 quizL
3141 2800 3358 2862 propter
3393 2806 3492 2847 nos
3524 2808 3536 2844 :
3564 2790 3655 2861 qui
3686 2789 3842 2844 solus

2249 2896 2425 2957 potest
2448 2886 2628 2941 dicere
2655 2927 2669 2952 ,
2703 2886 2828 2951 Quae
2852 2900 2951 2938 non
2979 2885 3150 2955 rapui,
3170 2894 3290 2938 tunc
3318 2884 3635 2938 exsolvebam
3660 2882 3839 2956 (Psal.

2249 2993 2437 3040 vaut,
2468 2977 2671 3046 5);qui
2718 2977 2867 3030 solus
2911 2976 3093 3030 dicere
3117 2975 3323 3046 potuit,
3350 2974 3484 3030 Ecce
3520 2976 3651 3029 venit
3693 2974 3841 3043 prin-

2248 3086 2364 3139 ceps
2394 3070 2545 3140 hujus
2572 3068 2770 3134 "mulli,
2801 3078 2847 3121 et
2876 3068 2925 3120 in
2958 3084 3040 3121 me
3066 3068 3196 3120 nihil
3220 3067 3456 3122 inveniet.
3488 3068 3555 3122 Et
3578 3067 3730 3136 quasi
3756 3060 3843 3124 di-

2252 3173 2467 3217 ceretur
2507 3161 2598 3224 ei,
2624 3168 2799 3228 Quare
2845 3176 2973 3230 ergo
3020 3159 3258 3231 pateris?
3283 3159 3525 3229 sequitur
3571 3170 3626 3213 et
3668 3157 3841 3212 dicit:

2250 3253 2354 3310 Sed
2376 3264 2428 3307 ut
2459 3255 2618 3306 sciant
2648 3270 2818 3306 omnes
2838 3253 2958 3322 quia
2996 3253 3304 3306 voluntatem
3334 3251 3510 3306 Patris
3531 3252 3629 3304 mei
3662 3251 3805 3321 [acia
3826 3290 3842 3315 ,

2247 3347 2436 3417 surgite
2457 3387 2471 3410 ,
2504 3362 2677 3399 eamus
2718 3344 2833 3397 hinc
2868 3342 3055 3412 (Joan.
3086 3360 3195 3411 xlv,
3221 3344 3313 3409 50,
3346 3342 3459 3414 3|).
3487 3341 3682 3398 Caeteri
3715 3355 3842 3395 om-

2248 3454 2344 3491 nes
2393 3436 2585 3490 merito
2624 3449 2758 3499 suo,
2784 3434 2985 3503 judicio
3015 3434 3139 3500 Dei,
3170 3442 3225 3489 et
3252 3450 3349 3505 pro
3369 3433 3575 3504 justitia
3606 3432 3697 3503 qui
3740 3447 3842 3501 pa.

2250 3532 2470 3590 tiuntur,
2503 3541 2605 3579 non
2635 3524 2735 3577 sibi
2763 3532 3036 3593 arrogent,
3061 3524 3210 3594 quasi
3239 3527 3545 3595 passionem
3579 3524 3845 3577 innocen-

2250 3619 2333 3671 tia:
2360 3618 2397 3682 ³,
2418 3616 2589 3685 qualis
2621 3616 2671 3668 in
2699 3614 2918 3669 Christo
2944 3624 3080 3670 erat.
3108 3614 3244 3669 Audi
3270 3614 3571 3684 apostolum
3596 3613 3838 3668 Petrum:

2251 3709 2470 3777 Tempus
2495 3718 2567 3760 est
2590 3748 2604 3772 ,
2635 3704 2803 3776 inquit
2825 3749 2841 3773 ,
2871 3717 2925 3760 ut
2935 3706 3190 3777 judicium
3237 3706 3450 3777 incipiat
3478 3722 3510 3758 a
3533 3705 3685 3759 domo
3731 3702 3842 3758 Do-

2248 3802 2392 3856 mini.
2425 3800 2727 3856 Exhortans
2771 3809 3034 3871 martyres
3080 3808 3135 3854 et
3178 3808 3344 3855 testes
3383 3799 3513 3864 Dei,
3547 3809 3606 3852 ut
3647 3812 3842 3852 omnes

2250 3894 2425 3949 minas
2480 3894 2760 3948 frementis
2815 3892 2998 3947 sa-culi
3042 3892 3433 3963 patientissime
3476 3891 3842 3955 tolerent,ait

2250 3988 2352 4040 illis
2390 4004 2403 4039 :
2437 3986 2671 4053 Tempus
2700 3993 2781 4038 est
2806 3984 3147 4037 inchoationis
3163 3983 3354 4054 judicii
3376 3997 3438 4035 ea:
3464 3982 3613 4034 domo
3640 3980 3755 4033 Dei.
3780 3979 3841 4034 Si

2247 4090 2414 4131 autem
2452 4076 2650 4128 initium
2680 4090 2711 4127 a
2736 4073 2912 4137 nobis,
2965 4074 3076 4143 quis
3111 4073 3228 4142 ﬁnis
3263 4089 3434 4127 eorum
3471 4072 3553 4140 qui
3582 4088 3683 4125 non
3725 4087 3835 4122 cre-

2251 4171 2379 4224 dunt
2412 4168 2506 4222 Dei
2528 4165 2808 4237 Evangelia
2830 4166 2855 4220 2’
2878 4175 2925 4219 et
2952 4166 2995 4218 si
3007 4166 3178 4235 justus
3204 4165 3285 4217 vix
3305 4164 3471 4217 salvus
3501 4163 3579 4228 ﬁt,
3606 4171 3840 4231 peccator

2247 4273 2293 4317 et
2320 4261 2504 4329 impius
2526 4258 2607 4311 ubi
2630 4257 2875 4329 parebunt
2901 4256 2919 4326 (
2944 4256 2957 4308 I
2988 4254 3129 4309 Pelr.
3158 4270 3232 4320 tv,
3256 4256 3310 4320 4,
3342 4256 3430 4317 17,
3458 4252 3589 4325 18)Ἱ
3622 4255 3836 4306 Annuu-

2248 4354 2380 4406 tians
2408 4350 2607 4405 verbum
2632 4366 2779 4402 suum
2795 4346 2977 4415 Jacob,
2993 4347 3221 4417 justitias
3245 4357 3290 4399 el
3303 4347 3507 4416 judicia
3530 4363 3623 4399 sua
3650 4344 3835 4400 Israel.

2318 4444 2407 4498 ‘28.
2439 4440 2602 4514 [rers.
2634 4438 2722 4494 20.
2754 4436 2771 4510 ]
2800 4435 2917 4491 Non
2940 4474 2945 4479 .
2962 4438 3076 4509 frcil
3112 4437 3185 4491 sic
3216 4438 3460 4490 universa:
3481 4438 3637 4507 genti.
3669 4436 3839 4491 Nonio

2248 4550 2343 4588 vos
2385 4533 2529 4587 fallat
2561 4548 2574 4583 :
2604 4547 2708 4584 non
2754 4529 3049 4582 nuntiatum
3081 4539 3161 4581 est
3197 4527 3355 4581 alicui
3384 4528 3527 4597 genti
3571 4527 3673 4582 hoc
3697 4528 3834 4597 judi-

2245 4626 2384 4679 (‘ium
2415 4624 2530 4688 Dei,
2561 4620 2827 4692 quomodo
2853 4621 3117 4690 patiantur
3142 4627 3196 4673 et
3219 4619 3348 4689 justi
3375 4632 3429 4672 et
3455 4618 3635 4689 injusli
3666 4637 3680 4671 :
3706 4635 3814 4689 quo

2251 4716 2405 4771 niodo
2436 4730 2531 4784 pro
2558 4714 2747 4768 merito
2776 4728 2983 4775 omnes;
3013 4713 3281 4781 quomodo
3310 4712 3360 4765 in
3391 4712 3556 4781 gratia
3591 4711 3707 4776 Dei,
3732 4728 3833 4765 nou

2249 4811 2299 4863 in
2329 4808 2439 4861 suis
2466 4806 2669 4860 meritis
2696 4805 2985 4860 liberentur
3013 4804 3110 4873 ipsi
3134 4804 3282 4873 justi.
3315 4803 3431 4857 Non
3462 4806 3837 4859 annuntiatntu

2248 4910 2327 4954 est
2378 4898 2477 4952 hoc
2509 4886 2769 4951 universis:
2794 4895 2937 4965 genti
2966 4911 2980 4959 ;
3008 4893 3101 4948 sed
3145 4894 3243 4948 soli
3288 4893 3486 4958 Jacob,
3520 4896 3618 4950 Soli
3653 4894 3837 4949 Israel.

2247 4990 2381 5058 Quid
2404 5005 2540 5059 ergo
2572 5003 2669 5041 nos
2701 4987 2923 5040 facimus
2946 5028 2961 5051 ,
2988 4986 3029 5039 si
3076 5002 3182 5039 non
3210 4986 3541 5039 annuntiavit
3574 4988 3841 5042 universa!

2244 5083 2387 5153 genti
2408 5080 2535 5144 ,sed
2581 5088 2783 5133 tantum
2814 5078 2979 5131 Jacob
3003 5119 3016 5139 ,
3043 5087 3243 5130 tantum
3287 5076 3475 5130 Israel?
3505 5076 3603 5133 Ubi
3639 5078 3842 5132 erimus

2249 5173 2388 5227 nos?
2416 5172 2469 5226 In
2509 5170 2673 5225 Jaeoh
2716 5180 2768 5225 et
2811 5170 2862 5223 in
2906 5170 3088 5223 Israel.
3120 5167 3327 5221 JuJil'ia
3358 5186 3450 5221 sua
3491 5187 3589 5223 non
3626 5172 3842 5239 manife-

2244 5268 2390 5322 slavit
2433 5266 2521 5319 eis.
2563 5263 2801 5331 Quibus?
2840 5262 3101 5317 Omnibus
3150 5262 3417 5331 gentibus.
3457 5262 3523 5316 Et
3568 5264 3843 5333 quomodo

2247 5370 2447 5415 vocata:
2473 5367 2595 5412 sunt
2626 5356 2794 5417 nives,
2814 5355 2988 5407 soluto
3017 5353 3268 5424 crystallo
3290 5352 3313 5405 ?
3339 5352 3607 5422 quomodo
3635 5364 3841 5408 vocata:

2245 5463 2367 5508 sunt
2386 5463 2592 5522 gentes,
2607 5451 2900 5521 justificato
2921 5450 3114 5503 Paulo?
3134 5446 3435 5515 Quomodo,
3457 5448 3557 5501 nisi
3582 5458 3634 5502 ut
3652 5456 3841 5503 essent

2247 5546 2299 5600 in
2341 5545 2544 5600 Jaeob?
2570 5544 2831 5617 Pra-eisus
2871 5553 2952 5596 est
2996 5541 3264 5602 oleaster,
3312 5548 3370 5593 ut
3409 5539 3734 5595 insereretur
3783 5542 3842 5594 in

2244 5638 2439 5691 olivam
2474 5635 2645 5707 (lieni.
2681 5651 2735 5688 λι
2756 5676 2771 5700 ,
2806 5634 2916 5703 17).
2948 5632 3063 5687 Jam
3092 5630 3156 5684 ad
3186 5631 3381 5684 olivam
3414 5633 3699 5701 pertinent;
3723 5630 3839 5700 jam

2314 5777 2328 5805 ¹
2358 5774 2429 5821 sic
2449 5771 2645 5834 aliquot
2682 5777 2787 5819 Mss.
2826 5777 2879 5834 At
2903 5768 3037 5834 illd,
3063 5775 3108 5817 cl
3132 5781 3221 5831 pro
3234 5766 3432 5834 justitia
3448 5778 3559 5827 qua!
3576 5768 3844 5829 patiuntur.

2252 5848 2344 5887 non
2363 5833 2455 5885 sibi
2474 5828 2716 5898 arrogenl,
2739 5828 3391 5895 quasiJlubscnlpassionem
3415 5828 3712 5880 innocuum
