4038 6462
229 370 396 453 ἰθδι

261 531 365 567 ιιοιι
396 512 590 566 debent
611 511 712 564 dici
744 518 949 581 gentes,
978 506 1071 561 sed
1098 524 1198 561 tina
1225 520 1351 573 gens
1381 505 1432 557 in
1454 502 1687 569 Christo,
1706 511 1836 569 gens

259 604 424 658 Jacob
444 644 458 667 ,
488 618 620 673 gens
646 601 823 655 Israel.
855 600 1029 666 Quare
1053 613 1183 668 gens
1207 596 1371 651 Iacob
1394 605 1448 651 et
1473 610 1603 665 gens
1632 592 1837 650 Israel?

258 696 389 762 Quia
416 693 581 749 Iacob
610 694 676 748 de
704 692 865 753 Isaac,
902 691 1044 746 Isaac
1072 689 1139 744 de
1166 688 1457 744 Abraham.
1486 687 1711 741 Abrabm
1737 700 1835 741 att-

260 798 363 842 tem
389 787 513 857 qttid
534 786 733 840 dictum
760 784 873 837 est?
901 782 963 837 In
986 784 1169 835 semine
1192 791 1273 835 tuo
1298 779 1646 834 benedicentur
1665 792 1836 830 omnes

255 888 443 949 gentes.
464 877 573 933 Iloc
600 876 739 933 idem
764 875 960 928 dictum
992 883 1073 927 est
1096 871 1160 925 ad
1189 872 1351 933 Isaac,
1376 869 1476 923 hoc
1501 877 1555 923 et
1579 868 1647 922 ad
1671 866 1835 923 Iacob

260 968 409 1039 (Gen.
442 969 697 1033 xxu,.l8;
725 982 869 1030 XXVI,
902 968 969 1031 4;
996 980 1179 1029 xxvtu,
1202 964 1310 1031 II).
1344 963 1679 1017 Pertiuemus
1705 974 1834 1031 ergo

254 1061 321 1116 ad
358 1060 554 1125 Iacob;
583 1061 705 1129 quia
750 1060 1073 1129 pertinemus
1097 1057 1161 1112 ad
1188 1055 1333 1110 Isaac
1353 1098 1366 1118 ,
1397 1055 1725 1124 pertinemus
1765 1051 1832 1106 ad

255 1152 543 1209 Abraham.
576 1151 768 1205 Semen
797 1152 939 1205 enim
969 1148 1216 1211 Abralne,
1243 1163 1345 1201 non
1376 1162 1461 1201 me
1492 1147 1571 1200 vel
1596 1142 1834 1214 quolibet

255 1241 470 1296 homine
489 1283 504 1309 ,
536 1243 627 1297 sed
656 1242 908 1309 Apostolo
934 1250 1118 1295 Sant'lO
1147 1239 1526 1308 interpretante
1546 1280 1560 1296 .
1586 1237 1831 1290 Christus

250 1342 362 1386 est:
382 1342 435 1388 et
460 1333 570 1402 ipse
586 1334 681 1399 ait,
704 1331 817 1386 Non
833 1333 974 1395 dicit,
995 1331 1060 1384 Et
1077 1330 1347 1385 seminibus
1375 1341 1611 1398 tanquam
1633 1329 1683 1381 in
1702 1329 1836 1381 mul-

251 1426 339 1490 tis;
369 1425 457 1479 sed
483 1435 716 1497 tanquam
745 1426 794 1478 in
822 1443 949 1492 uno,
980 1424 1042 1478 Et
1072 1423 1249 1477 semini
1272 1434 1358 1475 tuo
1382 1463 1396 1486 ,
1426 1423 1560 1491 quod
1588 1431 1659 1476 est
1680 1420 1832 1476 Chri-

250 1524 357 1569 slus
379 1513 572 1585 (Colat.
603 1533 678 1582 ιιι,
700 1516 806 1585 16).
831 1517 883 1571 Si
912 1531 1075 1569 unum
1101 1530 1301 1571 semen.
1323 1529 1461 1568 unus
1485 1512 1669 1578 Iacob,
1698 1528 1831 1567 unus

252 1606 455 1668 Israel,
488 1617 541 1661 et
569 1622 755 1660 otnnes
797 1616 980 1677 gentes
1012 1620 1144 1659 unus
1180 1606 1193 1635 '
1222 1606 1272 1657 in
1303 1604 1536 1659 Christo.
1581 1603 1720 1672 Ergo
1762 1602 1828 1657 ad

250 1712 437 1751 omnes
475 1698 701 1769 pertinet
728 1706 911 1766 gentes
936 1738 950 1761 ,
979 1695 1117 1763 quod
1148 1694 1397 1748 revelavit
1434 1692 1532 1761 ipsi
1576 1693 1739 1746 Iacob
1777 1701 1833 1746 et

250 1789 350 1859 ipsi
377 1786 559 1851 Israel;
584 1798 637 1842 et
664 1789 735 1841 illi
766 1788 861 1841 soli
890 1788 940 1840 in
962 1788 1081 1842 aliis
1106 1788 1349 1856 gentibus
1375 1784 1657 1855 deputandi
1686 1792 1827 1846 sunt,

248 1882 338 1950 qui
371 1882 608 1936 nolentes
636 1880 852 1934 credere
882 1880 931 1933 in
957 1880 1249 1938 Christum,
1280 1879 1461 1934 ttolont
1490 1875 1735 1931 recedere
1763 1876 1831 1931 ah

249 1971 482 2026 oleastro
512 1981 566 2026 et
594 1971 749 2026 inseri
782 1972 956 2024 oliva‘.
978 1970 1342 2025 llcmanehunt
1368 1970 1418 2024 in
1436 1970 1644 2023 silvosis
1661 1971 1790 2023 rami
1808 1972 1829 2001 ¹

249 2063 457 2117 steriles
480 2074 528 2117 et
553 2063 736 2115 amari.
754 2062 991 2116 Gaudeat
1014 2061 1191 2115 Iacob.
1215 2061 1348 2128 Quid
1376 2072 1453 2114 est
1473 2060 1661 2114 Iacob?
1690 2060 1833 2128 Sup-

251 2154 533 2221 plantator;
557 2155 677 2224 quia
700 2155 1053 2223 supplantavit
1075 2154 1285 2207 fratrem
1303 2152 1469 2207 Iacob
1487 2151 1634 2222 (Gen.
1657 2169 1825 2215 xxvtt,

247 2244 589 2311 3ti).(.‘a:citas
610 2246 747 2298 enim
771 2262 831 2298 ea:
858 2256 1000 2314 parte
1026 2244 1187 2298 Israel
1214 2246 1348 2312 facta
1376 2254 1469 2309 est,
1498 2255 1549 2297 ut
1573 2244 1830 2312 plenitudo

248 2335 482 2389 Gentium
502 2339 706 2390 intraret
722 2340 738 2407 (
749 2339 972 2400 Renum,
987 2338 1180 2407 9.5).De
1192 2337 1355 2393 Iacob
1366 2337 1535 2392 factus
1547 2348 1625 2391 est
1644 2338 1826 2392 Israel.

247 2426 382 2492 Quid
395 2439 474 2481 ρει
492 2427 675 2482 Israel?
690 2428 803 2482 .lam
825 2430 1313 2491 onmesaudiamus,
1333 2444 1518 2483 omnes
1534 2427 1830 2493 lsrael,sive

245 2518 335 2586 qui
366 2518 449 2571 hic
476 2519 604 2572 esus
634 2519 683 2571 in
710 2519 961 2573 membris
985 2518 1200 2584 Clll‘isli,
1228 2520 1339 2572 slve
1368 2520 1456 2590 qui
1485 2519 1611 2573 foris
1642 2529 1690 2572 et
1725 2534 1828 2572 non

246 2608 397 2674 foris,
420 2619 471 2663 ct
504 2625 596 2678 per
625 2625 810 2664 ontnes
838 2620 1020 2679 gentes
1048 2611 1243 2680 ultique
1274 2610 1421 2674 loris,
1447 2610 1638 2681 ubique
1666 2610 1828 2675 intus;

244 2700 423 2752 audiat
452 2700 563 2768 ipse
590 2699 769 2763 Israel,
795 2703 879 2770 qui
908 2719 969 2755 ex
998 2702 1162 2755 Jacob
1190 2702 1355 2755 lactus
1382 2711 1465 2755 est
1488 2702 1665 2756 Israel.
1691 2700 1829 2769 Quid

242 2804 327 2847 est
356 2792 554 2850 Israel?
578 2792 773 2846 Videtts
801 2794 984 2851 Deum.
1010 2793 1112 2851 Ubi
1143 2794 1340 2846 videbit
1373 2794 1571 2846 Deum?
1590 2792 1647 2849 In
1678 2808 1827 2862 pace.

246 2882 303 2936 In
334 2898 434 2951 qua
468 2884 628 2949 pace?
658 2883 790 2937 Pace
819 2884 1113 2937 Jerusalem
1141 2901 1155 2947 ;
1187 2885 1329 2955 quia,
1368 2883 1544 2937 Posuit
1570 2926 1583 2948 ,
1619 2884 1826 2951 inquit,

246 2973 372 3039 ﬁnes
403 2983 512 3024 tuos
540 2990 730 3041 pacem.
764 2972 834 3026 lbi
862 2973 1194 3027 laudabimus
1219 3016 1233 3039 ,
1262 2990 1449 3029 omnes
1479 2989 1614 3028 unus
1642 2974 1691 3027 in
1724 2990 1829 3028 uno

242 3060 310 3115 ad
362 3077 521 3118 unum
566 3062 803 3127 erimus;
834 3063 953 3144 quia
983 3063 1232 3135 deincrps
1275 3065 1424 3118 multi
1469 3064 1694 3135 dispersi
1723 3080 1827 3117 non

243 3166 469 3208 ριίιιιιιςι

242 3280 287 3295 q-

291 3279 1822 3303 mm

602 3358 682 3419 IN
726 3357 1103 3419 PSALMUM
1144 3357 1454 3422 CXLVIII

833 3481 1250 3538 ENARRATIO.

779 3609 950 3649 81³211Ιο
980 3611 1047 3648 AD
1078 3610 1304 3648 PLEBl-II.

318 3711 368 3764 I.
410 3708 576 3781 [t-ers.
611 3709 659 3763 I.
690 3707 713 3781 ]
742 3709 1005 3764 Meditatio
1046 3710 1322 3778 praesentis
1369 3710 1491 3762 vine
1535 3716 1730 3763 nostrae
1774 3709 1826 3762 itt

242 3800 401 3855 laude
432 3800 525 3854 Dei
552 3814 671 3855 esse
699 3800 857 3854 debet
885 3818 897 3853 ι
926 3801 1046 3869 quia
1082 3800 1366 3854 exsultatio
1394 3800 1715 3869 sempiterna
1746 3799 1825 3853 lu-

244 3901 378 3945 tum
408 3898 602 3944 nostra:
636 3891 777 3955 vita»,
807 3891 920 3944 laus
948 3891 1038 3945 Dei
1069 3891 1170 3946 erit
1198 3907 1213 3956 ;
1247 3900 1300 3945 et
1328 3906 1484 3946 nemo
1511 3900 1683 3959 potest
1712 3891 1824 3945 ido-

244 3998 380 4038 neus
419 3983 529 4037 lteri
572 3982 760 4037 futnrre
790 3984 945 4048 vit:e,
971 3984 1061 4052 qui
1110 4000 1215 4039 non
1262 4000 1321 4040 se
1367 3984 1431 4040 ad
1474 3985 1616 4039 illam
1664 3985 1824 4039 modo

243 4074 562 4129 exercuerit.
594 4073 748 4127 Modo
772 4090 899 4142 ergo
925 4074 1199 4130 laudamus
1224 4076 1392 4129 Deum
1423 4094 1435 4129 :
1468 4076 1562 4131 sed
1593 4087 1645 4131 et
1670 4093 1820 4148 roga-

244 4184 361 4222 mus
394 4168 581 4221 Dcum.
614 4167 751 4221 Laus
782 4180 958 4220 nostra
988 4168 1224 4222 betitiam
1258 4168 1434 4233 habet,
1462 4169 1632 4223 oratio
1656 4171 1822 4241 genti-

245 4270 377 4314 tum.
405 4258 731 4315 Promissum
755 4268 836 4314 est
854 4260 994 4315 enim
1019 4260 1171 4315 nobis
1195 4260 1391 4331 aliquid
1418 4262 1557 4332 quod
1586 4263 1821 4318 nondum

246 4350 522 4414 habemus;
554 4358 608 4405 et
636 4352 753 4419 quia
786 4367 942 4405 verax
971 4362 1052 4406 est
1078 4352 1167 4421 qui
1196 4354 1468 4420 promisit,
1496 4355 1548 4408 in
1573 4370 1669 4424 spe
1696 4371 1824 4425 gan-

244 4441 431 4495 demus
460 4458 473 4494 ε
503 4441 623 4510 quia
672 4450 846 4495 tamen
887 4442 1120 4496 nondum
1152 4442 1407 4497 habemus
1433 4487 1449 4511 ,
1477 4445 1528 4499 in
1556 4444 1823 4500 desiderio

243 4535 526 4602 gemimus.
555 4534 754 4588 Bonum
781 4542 863 4589 est
887 4535 1037 4590 nobis
1067 4551 1405 4604 perseverare
1430 4538 1483 4593 itt
1512 4538 1778 4594 desiderio

244 4624 416 4679 donec
444 4628 619 4679 veniat
652 4626 789 4696 quod
818 4628 1133 4695 promissum
1160 4637 1282 4696 est,
1309 4640 1363 4684 et
1392 4639 1626 4685 transeat
1650 4630 1788 4701 genti

247 4724 350 4778 tus,
379 4714 627 4770 succedat
651 4717 758 4769 sola
782 4716 1033 4771 laudatio.
1055 4716 1277 4786 Pmpter
1298 4718 1530 4774 haedum
1557 4729 1796 4790 tempora

244 4820 407 4857 unum
437 4804 575 4875 quod
620 4820 758 4859 nunc
786 4813 867 4859 est
897 4806 948 4859 in
981 4807 1361 4861 tentationihus
1386 4817 1439 4863 ct
1466 4809 1788 4864 tribulationi

246 4894 344 4949 lms
375 4894 532 4964 hujus
558 4895 677 4948 vita!
702 4937 716 4961 ,
748 4896 970 4949 alterum
996 4896 1141 4967 quod
1168 4905 1293 4952 tunc
1328 4900 1429 4952 erit
1459 4899 1509 4953 in
1537 4900 1820 4954 securitate

244 4994 296 5039 et
342 4985 702 5041 exsultatione
748 4995 1033 5056 perpetua,
1067 4987 1300 5041 instituta
1341 4998 1422 5043 est
1470 4990 1621 5044 nobis
1658 4990 1818 5045 etiam

244 5077 531 5131 celebratio
572 5078 794 5132 duorum
837 5088 1133 5147 temporum
1154 5120 1169 5145 ,
1197 5089 1320 5135 ante
1348 5080 1547 5135 Pascha
1572 5122 1587 5143 .
1618 5092 1671 5137 et
1702 5091 1822 5152 post

246 5168 467 5226 Pascha.
498 5169 627 5223 Illud
654 5169 902 5239 quod'esl
923 5180 1046 5225 ante
1068 5170 1289 5234 Pascha,
1318 5172 1577 5243 signiﬁcat
1605 5173 1821 5228 tribula-

246 5261 441 5314 tionem
476 5261 526 5314 in
557 5276 656 5330 qua
689 5261 847 5315 modo
872 5277 1055 5316 sumus
1087 5280 1100 5316 :
1131 5262 1271 5332 quod
1299 5278 1424 5318 vero
1451 5279 1599 5320 nunc
1615 5266 1823 5334 agimus

248 5360 367 5419 pest
407 5352 643 5414 Pascha,
671 5353 931 5422 signiﬁcat
974 5352 1353 5409 beatitudinem
1399 5356 1449 5409 in
1494 5371 1594 5426 qua
1637 5366 1821 5426 postea

246 5443 464 5497 erimus.
497 5443 632 5498 Ante
673 5444 871 5499 Pascha
915 5461 1043 5513 ergo
1072 5446 1211 5514 quod
1240 5447 1603 5513 celebramus,
1632 5446 1731 5501 hoc
1768 5455 1824 5502 et

247 5533 453 5601 agimus
476 5552 487 5586 :
514 5542 634 5603 post
658 5534 854 5590 Pascha
880 5545 1055 5589 autem
1084 5535 1224 5605 quod
1253 5536 1584 5592 celebramus
1608 5580 1623 5601 ,
1653 5537 1820 5607 signi-

242 5622 470 5679 ﬁmus
490 5624 631 5695 quod
657 5625 890 5680 nondum
918 5635 1179 5681 tenemus.
1204 5626 1488 5698 Propterea
1524 5629 1653 5685 illud
1689 5638 1821 5686 tem-

316 5760 330 5789 ι
356 5756 488 5810 ΡΜ..
514 5772 690 5818 unum;
712 5759 1119 5815 dissentientibus
1133 5767 1238 5815 ttss,

318 5821 342 5852 ³
361 5821 433 5868 διε
448 5820 629 5884 aliquot
643 5827 748 5871 uss.
777 5826 827 5870 Αι
850 5820 982 5880 md,
1009 5820 1171 5870 renuis.

1315 388 1708 446 ENARRA'I‘IO
1737 385 1801 441 IN
1840 383 2161 447 PSALMUM
2198 392 2469 449 CXLVIII.

3390 401 3526 458 I938

1944 516 2040 570 pus
2075 502 2127 557 lll
2168 504 2385 573 jejuniis
2426 515 2478 560 et
2515 506 2843 561 orationibus
2871 523 3217 573 exercemus;
3252 508 3353 565 hoc
3392 526 3525 568 vero

1944 605 2150 665 tempus
2182 598 2428 652 relaxatis
2449 599 2663 667 ieiuniis
2694 599 2753 655 in
2775 600 3017 654 laudibus
3044 602 3276 671 agimus.
3300 602 3413 657 lloc
3438 612 3524 660 est

1942 689 2104 751 enim,
2128 689 2365 753 Alleluia,
2392 690 2539 760 quod
2560 701 2873 757 cantamus;
2904 691 3049 762 quod
3075 693 3233 749 latine
3261 694 3525 765 interpre-

1942 789 2099 845 tatur,
2129 790 2188 836 ιιι
2214 783 2398 848 nostis,
2424 782 2655 837 Laudate
2680 784 2979 838 Dominum.
3011 785 3133 839 Ideo
3157 785 3285 840 illud
3311 794 3520 857 tempus

1939 881 2062 926 ante
2084 872 2553 940 resurrectionem,
2578 876 2679 928 hoc
2707 884 2915 944 tempus
2940 885 3055 943 post
3077 876 3519 932 resurrectionem

1940 962 2146 1021 Domini
2168 974 2269 1020 est.
2291 965 2407 1033 Quo
2426 975 2663 1035 tempore
2682 966 3006 1037 significatur
3027 966 3129 1021 vita
3148 968 3343 1033 futura,
3362 982 3520 1038 quam

1939 1056 2171 1111 nondum
2198 1067 2471 1121 tenemus;
2495 1058 2613 1129 quia
2640 1059 2778 1129 quod
2814 1059 3175 1129 signiﬁcamus
3197 1067 3318 1127 post
3342 1074 3523 1115 resur-

1937 1148 2227 1202 rectionem
2274 1148 2517 1212 Domini,
2562 1149 2858 1203 tenebimus
2912 1156 3029 1219 post
3071 1148 3516 1205 resurrectionem

1938 1246 2195 1293 nostram.
2229 1239 2283 1293 In
2311 1240 2483 1310 capite
2511 1240 2650 1294 enim
2679 1248 2859 1294 nostro
2883 1241 3034 1295 nobis
3064 1249 3346 1309 utrumque
3381 1241 3518 1311 Πευκ-

1936 1340 2107 1386 ratum
2129 1342 2229 1398 est,
2252 1341 2532 1403 utrumque
2548 1334 2963 1388 demonstratum
2984 1344 3083 1389 est.
3109 1335 3290 1390 Passio
3308 1334 3517 1390 Domini

1936 1422 2168 1477 ostendit
2196 1423 2346 1477 nobis
2367 1426 2524 1477 vitam
2546 1425 2822 1492 praesentis
2843 1425 3193 1491 necessitatis,
3217 1426 3336 1496 quia
3358 1440 3519 1496 opor-

1937 1520 2012 1568 tet
2035 1513 2273 1568 laborare
2299 1556 2311 1577 ,
2343 1522 2396 1567 et
2426 1514 2661 1568 tribulari
2686 1556 2698 1577 ,
2728 1525 2782 1569 et
2807 1516 2869 1568 ad
2899 1524 3197 1571 extremum
3224 1516 3357 1570 mori
3389 1535 3402 1569 :
3434 1530 3518 1570 res

1935 1606 2193 1659 correctio
2231 1621 2357 1659 vero
2402 1615 2455 1661 et
2481 1607 2784 1661 elarilicatio
2833 1608 3037 1661 Domini
3084 1602 3318 1663 ostendit
3364 1608 3522 1663 nobis

1935 1695 2095 1749 vitam
2122 1714 2277 1767 quam
2309 1699 2574 1767 accepturi
2601 1714 2813 1765 sumus,
2842 1715 2965 1753 eum
2993 1701 3197 1755 venerit
3220 1700 3518 1758 retribuere

1934 1786 2089 1857 digna
2137 1789 2309 1858 dignis
2336 1832 2351 1855 ,
2383 1791 2518 1843 mala
2567 1792 2720 1843 malis
2750 1833 2765 1856 ,
2799 1791 2933 1843 bona
2984 1792 3155 1845 bonis.
3190 1792 3256 1847 Et
3301 1792 3514 1862 quidem

1936 1879 2094 1933 modo
2112 1879 2234 1933 ntali
2258 1896 2442 1933 omnes
2463 1892 2679 1936 cantare
2701 1882 2972 1936 nobiscum
2996 1891 3235 1951 possunt,
3254 1881 3475 1936 Alleluia
3500 1898 3519 1937 :

1935 1971 1977 2023 si
2027 1980 2203 2024 autem
2250 1971 2300 2025 itt
2349 1972 2546 2025 malitia
2587 1989 2677 2025 stta
2727 1974 3218 2042 perseveraverint,
3251 1975 3517 2029 canticum

1934 2061 2057 2113 vice
2107 2071 2300 2115 nostra:
2345 2060 2530 2114 luturze
2575 2061 2727 2115 labiis
2779 2061 2961 2116 dicere
3011 2072 3296 2131 poterunt;
3345 2064 3515 2132 ipsam

1935 2168 2063 2206 vero
2100 2154 2295 2215 vitam,
2321 2169 2438 2223 qua:
2470 2161 2594 2207 tunc
2622 2157 2719 2208 erit
2768 2154 2819 2207 in
2863 2170 2923 2207 ea
2961 2156 3183 2209 veritate
3213 2171 3329 2224 qua!
3376 2171 3517 2211 nunc

1935 2242 2300 2312 signiﬁcatur,
2338 2244 2580 2298 obtinere
2619 2259 2722 2297 non
2769 2254 3020 2313 possunt;
3069 2246 3191 2314 quia
3236 2245 3520 2301 noluerunt

1936 2336 2201 2405 meditari,
2221 2345 2507 2407 antequam
2534 2338 2758 2400 veniret,
2783 2348 2833 2393 et
2865 2347 3045 2392 tenere
3070 2338 3210 2409 quod
3233 2345 3513 2394 venturum

1935 2436 2067 2484 erat.

2003 2517 2059 2571 2.
2100 2517 2249 2573 Nunc
2281 2534 2430 2590 ergo,
2460 2520 2665 2582 fratres,
2695 2520 3037 2574 exhortamur
3077 2535 3169 2574 vos
3196 2529 3251 2575 ut
3287 2519 3517 2581 laudetis

1938 2608 2126 2674 Deum;
2148 2622 2199 2666 et
2228 2610 2328 2665 hoc
2359 2621 2438 2666 est
2467 2612 2603 2681 quod
2638 2613 2787 2665 nobis
2817 2628 3003 2668 omnes
3035 2613 3518 2684 dicimus,quando

1935 2700 2658 2765 dieimus,Alleluialaudate
2675 2703 2955 2757 Dominum
2968 2704 3181 2765 ,dicistn
3195 2706 3369 2770 alteri,
3385 2704 3514 2760 dicit

1936 2793 2049 2863 ipse
2086 2794 2174 2848 tibi
2201 2813 2212 2846 :
2238 2810 2356 2849 cum
2402 2812 2459 2849 se
2487 2813 2672 2850 omnes
2697 2798 3042 2854 exhortantur
3060 2842 3076 2863 ,
3103 2815 3290 2855 omnes
3314 2800 3517 2854 faciunt

1935 2885 2073 2952 quod
2104 2886 2399 2940 hortantur.
2428 2886 2530 2942 Sed
2554 2887 2762 2942 laudate
2782 2888 2849 2943 de
2870 2891 2993 2943 totis
3014 2890 3163 2943 vobis
3185 2892 3225 2955 ';
3257 2891 3306 2944 id
3330 2899 3430 2953 est,
3459 2901 3518 2946 ιιι

1936 2993 2042 3031 ιιθιι
2068 2979 2175 3032 sola
2196 2978 2369 3049 lingua
2396 2988 2449 3033 et
2474 2996 2573 3033 vox
2604 2990 2777 3035 vestra
2801 2982 2975 3036 laudet
2998 2983 3184 3046 Deum,
3204 2983 3295 3036 sed
3319 2992 3370 3036 et
3388 2998 3516 3037 con-

1935 3068 2152 3123 scientia
2176 3080 2368 3135 vestra,
2393 3071 2494 3124 vita
2515 3080 2708 3137 vestra,
2732 3071 2865 3127 facta
2885 3082 3083 3129 vestra.
3110 3074 3317 3129 Etenim
3338 3074 3519 3128 lauda—-

1936 3176 2054 3215 mus
2069 3161 2225 3214 modo
2239 3162 2287 3214 in
2301 3163 2518 3217 ecclesia
2532 3165 2745 3235 quando
2756 3181 3279 3236 congregamur;cum
3295 3168 3517 3238 quisque

1936 3251 2159 3306 discedit
2184 3253 2247 3305 ad
2290 3254 2498 3322 propria
2520 3295 2534 3319 ,
2564 3258 2709 3325 quasi
2740 3265 2915 3311 cessat
2941 3256 3156 3312 laudare
3185 3259 3367 3311 Deum.
3398 3258 3512 3311 Non

1935 3352 2106 3397 cesset
2140 3342 2275 3399 bene
2330 3343 2504 3399 vivere
2528 3386 2541 3408 ,
2567 3354 2621 3399 et
2662 3361 2873 3414 semper
2923 3345 3097 3400 laudat
3154 3346 3340 3401 Deum.
3364 3345 3514 3401 Tunc

1934 3432 2133 3488 desinis
2174 3433 2391 3489 laudare
2433 3435 2597 3489 Deum
2620 3478 2634 3501 ,
2669 3436 2880 3504 quando
2920 3451 2947 3489 a
2980 3436 3176 3506 iustitia
3203 3446 3293 3498 .et
3334 3437 3402 3490 ah
3446 3453 3517 3492 eo

1934 3522 2073 3591 quod
2098 3524 2169 3578 illi
2196 3525 2384 3593 placet,
2408 3525 2663 3581 declinas.
2691 3526 2819 3581 Nam
2840 3526 2883 3581 si
2910 3542 2939 3581 a
2963 3528 3065 3581 vita
3088 3526 3223 3581 licita
3240 3543 3516 3599 nunquam

1934 3613 2198 3679 declines;
2231 3614 2407 3684 lngua
2438 3626 2525 3671 tua
2557 3626 2691 3672 tacet
2717 3659 2732 3683 ,
2760 3621 2865 3671 vita
2895 3627 2979 3672 Iun
3007 3618 3206 3673 clamat
3231 3636 3245 3683 ;
3272 3629 3336 3674 ct-
3353 3636 3511 3675 aures

1936 3705 2031 3760 Dci
2075 3705 2140 3759 ad
2180 3722 2274 3761 cor
2315 3718 2477 3760 tuum.
2508 3708 2785 3775 Quomodo
2829 3709 2968 3763 enim
3010 3724 3165 3764 aures
3208 3719 3405 3765 nostrai
3442 3711 3512 3766 ad

1932 3812 2092 3853 voces
2121 3806 2328 3853 nostras
2349 3840 2363 3863 ,
2394 3799 2468 3853 sic
2494 3815 2651 3853 aures
2680 3800 2769 3854 Dci
2800 3798 2865 3853 ad
2899 3799 3248 3869 cogitationes
3277 3809 3511 3855 nostras.-

1930 3888 2045 3944 Non
2075 3898 2245 3957 potest
2265 3899 2437 3944 autem
2470 3890 2581 3943 ﬁeri
2614 3900 2667 3943 ut
2687 3889 2878 3944 habeat
2898 3889 3031 3943 mala
3057 3888 3211 3951 facta,
3236 3890 3324 3960 qui
3348 3888 3509 3944 habet

1916 3978 2098 4053 bonas
2127 3981 2492 4050 cogitationes.
2526 3982 2679 4035 Facta
2710 3982 2850 4036 enim
2882 3981 2949 4036 de
2976 3982 3291 4052 cogitatione
3317 3997 3508 4051 proce-

1930 4071 2099 4137 dunt;
2132 4087 2228 4127 nec
2253 4074 2527 4142 quisquam
2556 4081 2729 4141 potest
2753 4072 2948 4141 aliquid
2980 4072 3173 4137 lacere,
3204 4072 3385 4127 attend
3409 4072 3510 4131 alii

1929 4163 2053 4235 quid
2084 4163 2376 4218 faciendum
2404 4164 2639 4217 membra
2670 4178 2921 4230 movere,
2946 4164 3046 4218 nisi
3076 4164 3258 4234 primo
3278 4178 3507 4234 pra-ce»

1929 4257 2058 4310 serit
2079 4254 2248 4325 jwsio
2268 4254 2599 4325 Cttgilationls
2621 4272 2635 4308 :
2655 4254 2923 4325 quomodo
2943 4253 3011 4310 de
3032 4254 3266 4310 interiori
3288 4254 3507 4325 palatio,

1920 4346 2181 4417 quidquid
2198 4346 2417 4416 jusserit
2441 4346 2751 4413 huperator,
2782 4360 2876 4414 per
2897 4346 3177 4415 imperium
3204 4346 3514 4400 Romanum-

1928 4447 2172 4500 emanat‘.
2193 4437 2446 4508 quidquid
2471 4436 2661 4491 videtis
2685 4436 2764 4507 agi
2797 4452 2892 4507 per
2920 4436 3237 4507 provincias.
3265 4434 3513 4504 Quantus

1927 4540 2103 4585 motus
2130 4528 2184 4583 lit
2212 4528 2278 4583 ad
2310 4544 2467 4583 unam
2485 4527 2777 4595 iussionem
2801 4528 3137 4599 Imperatoris
3158 4528 3297 4583 intus
3316 4527 3508 4583 seden-

1929 4620 2040 4675 tis?
2063 4619 2234 4675 Movet
2263 4620 2433 4674 solum
2462 4618 2549 4673 ille
2576 4618 2711 4672 labia
2736 4659 2751 4681 ,
2779 4633 2898 4673 cum
2928 4618 3197 4688 loquitur;
3229 4626 3283 4673 et
3320 4633 3507 4674 move-

1930 4721 2015 4768 tur
2042 4711 2215 4767 omnis
2244 4710 2510 4781 provincia
2537 4749 2554 4773 ,
2574 4724 2694 4764 cum
2723 4710 2781 4764 lit
2806 4708 2946 4780 quod
2970 4709 3221 4780 loquitur.
3253 4708 3342 4764 Sic
3369 4716 3423 4764 et
3452 4710 3507 4763 in

1927 4821 2245 4877 unoquoque
2294 4803 2566 4858 hominum
2597 4804 2739 4857 intus
2777 4813 2859 4857 est
2904 4803 3233 4872 imperator,
3261 4800 3314 4855 in
3342 4800 3513 4855 cordo

1926 4898 2076 4952 sedet
2106 4914 2119 4949 :
2147 4897 2190 4950 si
2219 4896 2388 4950 bonus
2412 4894 2548 4949 bona
2568 4894 2737 4963 jubet,
2768 4895 2901 4949 bona
2931 4893 3080 4959 llunt;
3103 4893 3147 4947 si
3178 4892 3348 4947 malus
3367 4893 3505 4946 mala

1922 4988 2094 5058 jubet,
2118 4987 2251 5041 mala
2284 4987 2435 5040 ﬁunt.
2464 4984 2595 5040 Cum
2623 4985 2690 5039 ibi
2718 4986 2863 5040 sedet
2888 4982 3151 5049 Christus,
3174 4984 3300 5056 quid
3332 4994 3510 5055 petest

1921 5078 2130 5149 jubere,
2153 5077 2252 5131 nisi
2282 5076 2464 5132 bona?
2487 5076 2618 5131 Cum
2642 5075 2875 5146 possidet
2899 5075 3162 5140 diabolus,
3184 5075 3308 5145 quid
3318 5085 3507 5146 potest

1922 5169 2151 5237 jubere,
2180 5168 2278 5222 nisi
2309 5167 2484 5223 mala?
2510 5166 2566 5222 In
2598 5176 2688 5222 tuo
2713 5175 2889 5220 autem
2919 5166 3507 5223 arbitrioDeus’esse

1928 5263 2111 5329 voluit,
2133 5263 2215 5317 cui
2243 5278 2397 5333 pares
2423 5263 2628 5325 locum,
2664 5261 2805 5327 Deo,
2834 5275 2900 5315 an
2927 5259 3177 5315 diabolo:
3200 5276 3324 5316 cum
3348 5276 3503 5331 para-

1926 5354 2069 5408 veris
2091 5395 2105 5419 ,
2138 5356 2225 5423 qui
2250 5344 2577 5424 possidebit,
2605 5351 2718 5421 ipse
2744 5350 3044 5419 imperabit.
3069 5350 3206 5421 Ergo
3225 5392 3243 5416 ,
3268 5349 3459 5407 fratres
3478 5392 3502 5419 ν,
3567 5352 3575 5364 '

1928 5461 2035 5500 non
2064 5453 2265 5498 tantum
2294 5441 2357 5497 ad
2384 5434 2571 5496 sonum
2595 5441 2892 5496 attendite:
2916 5456 3038 5496 cum
3060 5441 3286 5497 laudatis
3310 5442 3500 5507 Deum,
3568 5484 3569 5487 η

1931 5538 2028 5594 ιοιί
2066 5535 2310 5600 laudate;
2342 5541 2520 5589 cantet
2543 5549 2645 5588 vox
2670 5574 2685 5599 ,
2714 5542 2891 5593 cantet
2919 5534 3022 5589 vita
3046 5542 3303 5601 ,cantent
3341 5534 3501 5589 facta.

1996 5697 2107 5744 ’δίο
2143 5701 2251 5743 uss.
2284 5700 2337 5741 Αι
2375 5700 2471 5739 Αιη.
2513 5699 2563 5741 et
2596 5698 2726 5740 t.ov.:
2764 5690 2855 5739 Sed
2888 5689 3081 5745 laudate
3119 5687 3226 5749 totis
3270 5688 3404 5749 rotis,
3449 5688 3514 5743 ia.

1932 5765 2018 5815 est,
2047 5765 2141 5805 etc.
2166 5762 2258 5802 Er.:
2284 5752 2373 5802 sed
2399 5752 2591 5815 laudate.
2617 5749 2875 5815 ratisratis,
2900 5751 2961 5800 de
2980 5750 3088 5800 totis
3111 5748 3255 5809 mltis.
3281 5759 3383 5801 etc.

2000 5812 2024 5851 ί
2044 5818 2183 5878 ειη,
2199 5823 2243 5867 te
2261 5828 2361 5867 esse
2384 5812 2541 5865 intuit.
2569 5812 2815 5875 l’at'licula,
2851 5820 2913 5875 te,
2937 5814 3075 5863 abest
3096 5825 3123 5863 a
3146 5819 3265 5867 ω
