4080 6472
578 348 727 407 ’1959

584 467 696 524 Etsi
727 472 810 521 est
836 460 1010 520 adhuc
1031 462 1260 534 gemitus
1278 501 1295 526 ,
1319 459 1590 516 tribulatio
1613 501 1628 525 ,
1659 458 1882 513 tentatio
1904 472 1923 524 ;
1948 462 2162 529 sperate

582 560 866 614 transitura
911 555 1087 611 omnia
1111 594 1129 621 ,
1155 563 1209 610 et
1249 552 1397 608 illum
1427 561 1705 607 venturum
1736 549 1877 606 diem
1917 563 2025 620 quo
2048 549 2163 602 sine

579 650 791 707 defectu
844 647 1199 703 laudabimus.
1250 646 1392 702 Ecce
1439 645 1539 701 iste
1592 645 1863 715 psalmus,
1909 643 2161 713 quoniam

580 739 892 796 manifestus
931 747 1012 793 est
1034 779 1048 804 ,
1082 736 1378 793 currendus
1403 743 1487 792 est
1515 735 1689 791 nobis.
1724 733 1997 790 Distribuit
2019 733 2158 787 enim

578 820 881 884 universam
907 841 1207 885 creaturam
1241 829 1547 884 laudantem
1579 829 1741 883 Deum
1766 868 1784 894 ,
1814 837 1869 881 et
1911 837 2159 896 tauquam

578 920 823 975 hortatur
850 931 906 975 ut
933 920 1130 983 laudet.
1160 921 1308 990 quasi
1340 920 1604 975 invenerit
1630 927 1911 972 tacentem.

650 1016 702 1069 ὅ.
753 1013 982 1068 Laudate
1008 1013 1280 1068 Dominum
1309 1013 1372 1067 de
1399 1013 1554 1067 cretis.
1587 1012 1746 1080 Quasi
1788 1009 2048 1065 invenerit
2076 1017 2157 1063 ta-

498 1134 499 1137 η
572 1116 758 1163 centes
783 1107 834 1162 in
857 1107 1007 1162 ctelis
1031 1106 1236 1161 laudem
1262 1104 1495 1171 Domini,
1525 1103 1838 1159 exhortatur
1862 1110 1919 1156 ut
1943 1108 2160 1170 surgant
2238 1121 2242 1124 ~

573 1207 628 1254 et
657 1197 874 1253 laudent
932 1197 1214 1267 Nunquam
1255 1196 1493 1252 etelestia
1525 1194 1706 1249 laudes
1744 1192 2048 1248 Conditoris
2076 1191 2155 1245 sui

573 1298 885 1353 tacuerunt.
913 1305 1181 1360 nunquam
1219 1288 1487 1344 terrestria
1520 1287 1686 1342 Deum
1726 1284 1941 1340 laudare
1979 1298 2158 1338 cessa-

570 1393 716 1440 runt.
757 1382 863 1439 Sed
902 1383 1055 1452 plane
1096 1391 1220 1436 sunt
1263 1380 1506 1451 qumdatn
1537 1395 1653 1450 qua:
1682 1377 1880 1432 habent
1911 1376 2155 1445 spiritum

573 1474 821 1529 laudandi
852 1475 1018 1529 Deum
1047 1474 1099 1527 in
1124 1487 1190 1527 eo
1214 1471 1405 1526 ail’ectu
1435 1484 1539 1540 quo
1557 1469 1636 1524 eis
1661 1469 1831 1539 placet
1863 1468 2020 1521 Deus.
2053 1464 2156 1520 Ne-

560 1583 661 1633 ,mo
683 1568 825 1624 enim
849 1566 1059 1631 laudat,
1094 1566 1193 1620 nisi
1221 1563 1360 1635 quod
1390 1563 1438 1618 ei
1467 1563 1659 1633 placet.
1688 1559 1823 1616 Sunt
1844 1569 2021 1613 autem
2051 1559 2150 1612 alia

569 1675 689 1727 qua:
715 1658 958 1727 spiritum
982 1656 1100 1710 vita:
1124 1660 1178 1709 et
1202 1654 1528 1709 intellectura
1551 1651 1616 1707 ad
1639 1650 1957 1705 laudandum
1986 1648 2151 1703 Deum

569 1762 676 1803 neu
707 1748 900 1803 habent
926 1788 940 1814 ,
969 1746 1062 1802 sed
1092 1745 1213 1815 quia
1235 1757 1287 1799 et
1310 1745 1419 1813 ipsa
1452 1742 1588 1796 bona
1610 1751 1731 1798 sunt
1759 1781 1774 1804 ,
1801 1749 1855 1795 et
1883 1738 1933 1792 in
1964 1738 2151 1793 ordine

567 1855 667 1895 suo
699 1841 899 1909 integre
922 1837 1176 1908 disliosita
1201 1878 1214 1901 ,
1242 1844 1296 1892 et
1320 1833 1384 1888 ad
1417 1831 1860 1903 pulchritudinem
1891 1828 2150 1888 universi-

570 1931 692 1984 tatis
737 1928 1260 1998 refcruntur,quam
1302 1923 1537 1978 condidit
1579 1923 1752 1984 Deus;
1783 1920 1893 1990 ipsa
1935 1918 2149 1989 quidem

569 2035 667 2090 per
694 2034 753 2075 se
778 2034 906 2074 voce
931 2034 1024 2072 sua
1049 2029 1097 2071 et
1120 2017 1281 2072 corde
1310 2029 1407 2068 suo
1434 2028 1539 2068 non
1570 2012 1787 2067 laudant
1818 2011 1980 2064 Deum
2008 2027 2021 2072 ;
2054 2008 2147 2064 sed

566 2130 687 2168 eum
715 2115 783 2167 ab
804 2111 1215 2182 intelligentibus
1237 2108 1664 2171 considerantur,
1692 2120 1787 2177 per
1816 2105 1925 2174 ipsa
1958 2102 2147 2158 lauda-

564 2205 720 2259 datur
754 2204 926 2268 Deus;
950 2214 1004 2257 et
1029 2217 1149 2256 cum
1175 2216 1269 2272 per
1294 2202 1407 2270 ipsa
1430 2198 1679 2253 laudatur
1709 2198 1850 2253 Deus
1870 2236 1884 2260 ,
1914 2195 2146 2266 quodam

563 2294 725 2351 modo
765 2304 822 2350 et
863 2294 975 2365 ipsa
1006 2294 1222 2350 laudant
1259 2293 1446 2347 Deum.
1492 2290 1648 2345 Verbi
1691 2288 1859 2359 gratia
1883 2329 1899 2354 ,
1931 2286 2147 2348 laudant

562 2386 731 2441 Deum
777 2386 828 2440 in
862 2386 1000 2441 cmio
1035 2384 1211 2439 omnia
1256 2397 1377 2453 quat
1414 2381 1609 2436 habent
1639 2380 1883 2450 spiritum
1919 2378 2062 2445 vitm,
2090 2387 2145 2433 et

558 2477 884 2549 intellectum
910 2492 1099 2547 purum
1123 2474 1189 2531 ad
1212 2490 1335 2530 eum
1355 2472 1825 2541 contemplandum
1847 2480 1900 2525 et
1925 2470 2042 2529 sine
2060 2468 2143 2527 fa-

558 2568 719 2622 stidio
747 2577 801 2623 et
824 2568 1032 2623 defectu
1059 2566 1403 2638 diligendum.
1429 2564 1671 2621 Laudant
1693 2573 1870 2617 autem
1896 2562 2059 2617 Deum
2088 2561 2141 2620 in

558 2671 697 2715 terra
739 2675 832 2733 per
870 2660 1194 2720 intellectum
1232 2656 1570 2713 discernendi
1600 2657 1796 2711 bonum
1822 2664 1877 2709 et
1903 2655 2136 2721 malum,

555 2768 653 2826 per
678 2753 999 2807 intellectum
1026 2750 1379 2822 cognoscendi
1408 2758 1707 2804 creaturam
1733 2756 1787 2802 et
1807 2748 2135 2810 Creatorem,

555 2843 802 2898 homines
847 2842 934 2913 qui
977 2843 1076 2897 ista
1115 2842 1383 2911 cogitant,
1416 2839 1611 2910 quibus
1658 2837 1841 2898 tribuit
1884 2836 2138 2891 Dominus

558 2942 792 2989 mentem
821 2930 1158 2987 discernendi
1185 2930 1316 2996 ista,
1344 2928 1644 2983 delectandi
1678 2940 1837 2997 atque
1864 2925 2133 2982 laudandi.

558 3025 600 3079 ll
643 3025 813 3079 mines
860 3033 1079 3095 possunt
1123 3042 1136 3077 :
1179 3038 1369 3092 pecora
1417 3019 1669 3090 numquid
1722 3019 1920 3077 habent
1948 3017 2135 3087 hujus-

528 3151 530 3153 »
561 3116 705 3172 tuodi
733 3116 1091 3171 intellectum?
1121 3113 1174 3170 Si
1202 3114 1455 3168 haberent
1480 3112 1780 3180 hujusmodi
1805 3110 2132 3166 intellectum

554 3226 766 3281 pecora,
790 3228 894 3267 non
918 3211 1071 3265 nobis
1092 3211 1289 3264 diceret
1308 3209 1479 3263 Deus:
1508 3205 1558 3259 Ν
1563 3207 1680 3261 alita
1707 3221 1811 3259 esse
1830 3206 1960 3259 sicut
1978 3220 2133 3275 equus

550 3316 598 3359 ct
642 3305 826 3367 multis,
857 3304 1038 3373 quibus
1081 3318 1182 3358 non
1229 3310 1299 3359 est
1337 3299 1618 3355 intellectus
1646 3296 1817 3368 (Paul.
1864 3313 2026 3361 xui,
2051 3298 2128 3368 9).

549 3397 773 3464 Quando
797 3398 1037 3453 hortatur
1059 3411 1156 3451 nos
1179 3404 1237 3449 ut
1264 3411 1368 3450 non
1397 3395 1562 3449 simus
1589 3394 1724 3448 sicut
1748 3406 1940 3464 pecora
1970 3433 1986 3459 ,
2015 3390 2131 3446 sine

550 3488 827 3547 intellectu
850 3529 863 3552 ,
894 3486 1127 3545 ostendit
1169 3487 1320 3541 nobis
1363 3486 1485 3554 quia
1518 3485 1717 3539 homini
1764 3483 1947 3538 tribuit
1976 3481 2131 3537 intel.

550 3580 742 3633 lectum
786 3579 851 3632 ad
884 3578 1204 3649 laudandpm
1253 3578 1441 3633 Deum.
1473 3575 1707 3630 Arbores
1751 3574 2004 3644 numquid
2045 3574 2129 3631 vel

548 3674 711 3725 vitam
744 3673 911 3746 ipsam
943 3670 1159 3737 habent,
1183 3685 1284 3741 qua
1314 3670 1546 3724 sentiant
1574 3668 1710 3724 sicut
1736 3668 1971 3737 pecora?
1998 3667 2127 3723 Nam

547 3776 738 3829 pecora
763 3803 778 3827 ,
811 3761 910 3816 etsi
942 3776 1157 3816 sensum
1188 3760 1494 3814 interiorem
1538 3758 1851 3817 rationalem
1893 3767 1948 3813 et
1977 3774 2127 3815 men-

549 3864 655 3907 tem
699 3852 1077 3923 iutelligentem
1121 3863 1281 3921 atque
1323 3851 1713 3905 discernentem
1744 3865 1849 3906 n0u
1885 3850 2125 3917 habent,

547 3959 706 4014 quam
735 3944 895 3997 homo
922 3943 1100 4008 habet,
1128 3954 1186 3997 ut
1216 3942 1434 3999 laudent
1465 3942 1630 3998 Deum
1660 3958 1673 3995 :
1711 3941 1907 3997 habent
1949 3949 2129 4003 tamen

547 4036 708 4090 vitam
734 4033 1101 4100 manifestam,
1125 4035 1262 4089 siettt
1285 4048 1472 4089 omnes
1501 4032 1746 4088 novimus
1773 4034 1812 4099 ’,
1846 4031 2127 4103 appetendi

534 4126 748 4194 'ribum,
780 4127 928 4183 utilia
958 4127 1228 4193 sumendi,
1258 4126 1413 4182 noxia
1446 4126 1729 4197 respuendi
1756 4143 1770 4191 ;
1793 4140 1983 4185 sensus
2004 4142 2127 4182 cor-

552 4221 748 4289 poralia
787 4219 1125 4276 discernendi
1150 4237 1164 4286 ;
1194 4220 1363 4275 visum
1407 4218 1472 4273 ad
1512 4219 1724 4277 colores
1750 4258 1766 4284 ,
1797 4219 2032 4274 auditum
2061 4218 2128 4282 ad

548 4328 727 4376 voces,
759 4312 1007 4367 olfaettnn
1033 4312 1099 4367 ad
1129 4312 1342 4377 odores,
1372 4319 1635 4381 gustatum
1662 4310 1728 4364 ad
1755 4325 1993 4381 sapores,
2017 4326 2131 4365 ιηοτ

549 4415 634 4460 tus
679 4404 760 4461 vel
796 4405 861 4458 ad
893 4404 1227 4481 voluptates;
1256 4403 1336 4457 vel
1362 4417 1391 4456 a
1422 4402 1680 4458 molestiis
1709 4403 1752 4455 ³.
1784 4400 2130 4471 lnteliigimus

550 4497 682 4559 have.
711 4508 763 4555 et
787 4497 1025 4551 videmus
1051 4504 1173 4550 ante
1201 4495 1385 4550 oculos
1413 4504 1643 4550 nostros.
1670 4493 1786 4548 Non
1817 4494 2013 4549 habent
2040 4509 2129 4548 ra-

549 4589 747 4647 tionem
780 4586 1122 4655 intelligendi;
1143 4585 1237 4640 sed
1265 4585 1459 4642 habent
1484 4584 1725 4655 spiritum
1752 4585 1992 4654 corporis
2016 4585 2131 4638 aui-

548 4679 697 4739 mati,
721 4688 775 4734 et
798 4677 959 4734 vitam
990 4677 1323 4735 manifestam
1349 4693 1364 4731 :
1392 4676 1610 4732 arbores
1629 4685 1805 4735 autem
1835 4691 1934 4732 nec
1959 4677 2129 4747 ipsam

549 4769 766 4831 habent;
789 4779 843 4823 et
863 4778 1038 4822 tamen
1060 4768 1235 4822 omnia
1267 4766 1481 4824 laudant
1506 4767 1693 4823 Deum.
1714 4767 1890 4835 Quare
1916 4767 2130 4824 laudant

550 4861 764 4916 Deum?
792 4860 925 4928 Quia
975 4875 1095 4914 cum
1151 4858 1251 4917 ista
1298 4859 1573 4926 videmus,
1624 4869 1680 4914 et
1729 4859 2129 4918 consideramus

548 4953 857 5011 Creatorem
886 4951 975 5022 qui
1001 4966 1061 5006 ea
1093 4950 1237 5017 fecit,
1264 4950 1331 5005 de
1360 4950 1464 5005 illis
1489 4950 1720 5006 nascitur
1751 4951 1803 5004 in
1833 4951 1986 5006 nobis
2012 4950 2129 5008 laus

550 5044 684 5107 Dei;
710 5053 764 5098 ct
806 5058 925 5097 eum
955 5043 1191 5111 ipsorum
1219 5042 1646 5096 consideratione
1674 5041 1917 5096 laudatur
1947 5042 2085 5096 Deus
2109 5083 2126 5110 ,

551 5135 733 5191 omnia
763 5133 981 5194 laudant
1007 5133 1191 5195 Deum.
1223 5131 1397 5202 Coepit
1418 5147 1545 5201 ergo
1575 5132 1675 5186 iste
1711 5131 1779 5186 de
1819 5131 1956 5187 cmio
1980 5149 1994 5187 :
2017 5133 2128 5188 lau-

551 5226 681 5280 dant
709 5224 885 5279 omnia
910 5266 927 5289 ,
955 5234 1012 5279 et
1033 5224 1162 5278 dicit
1180 5265 1195 5289 ,
1223 5222 1471 5281 Laudare.
1502 5223 1700 5290 Quare,
1727 5238 1846 5276 cum
1875 5223 2087 5279 laudent
2111 5265 2127 5290 ,

552 5320 699 5383 dicit,
724 5317 989 5371 Laudnte?
1008 5316 1139 5384 Quia
1160 5315 1454 5371 delectatus
1475 5324 1558 5370 est
1573 5315 1624 5370 in
1646 5329 1710 5368 eo
1730 5314 1871 5383 quod
1893 5315 2127 5383 laudantl

552 5421 607 5468 et
635 5412 828 5481 placuit
854 5410 902 5463 ei
928 5409 1077 5476 quasi
1106 5408 1393 5478 adiungere
1414 5407 1766 5463 hortationem
1794 5422 1964 5463 suam.
1987 5407 2132 5476 Quo-

555 5504 715 5559 modo
744 5502 787 5558 si
819 5501 999 5557 venias
1024 5500 1089 5554 ad
1118 5500 1358 5553 homines
1387 5499 1582 5554 bonum
1611 5498 1823 5569 aliquod
1849 5508 2130 5568 operantes

553 5610 675 5647 rum
698 5593 911 5663 gaudio,
943 5593 1055 5645 sive
1084 5591 1136 5644 in
1165 5590 1339 5653 vinea,
1372 5589 1482 5643 sive
1508 5590 1558 5643 in
1586 5603 1789 5656 messe,
1819 5589 1933 5645 sive
1953 5589 2005 5643 in
2030 5590 2129 5644 ali-

621 5731 638 5765 ι
666 5737 792 5787 Mss.,
817 5730 962 5794 vitam
982 5726 1258 5794 (manifesta
1279 5733 1368 5794 est,
1391 5723 1623 5794 ῃουὶιῃυδ)
1645 5724 1919 5787 appetendi,
1938 5732 2033 5794 etc.

626 5794 646 5830 ι
674 5794 753 5847 sic
777 5785 879 5845 ass.
900 5785 1009 5845 ωαι
1037 5785 1219 5850 autem,
1256 5789 1324 5839 rei
1345 5787 1411 5837 ad
1427 5785 2053 5851 trtolcstias'c'ognosccndas.

1822 342 1880 397 S.
1921 336 2285 395 AUGUSTINI
2327 337 2622 398 EPISCOPI

3719 346 3855 403 ιοω

2269 470 2376 524 qua
2421 455 2772 527 agricultura;
2802 457 2977 528 placet
3016 457 3107 513 tibi
3154 457 3297 528 quod
3345 456 3540 513 faciunt
3565 459 3850 530 ,etdicis,

2267 549 2479 615 Facite,
2508 551 2649 621 agite
2677 568 2691 606 :
2718 566 2828 605 non
2865 561 2923 606 ut
2948 561 3075 606 tunc
3102 551 3357 621 incipiant
3396 551 3569 607 facere
3594 592 3611 619 ,
3638 554 3851 623 quando

2265 640 2418 705 dicis;
2441 641 2533 696 sed
2559 641 2683 712 quia
2706 643 2876 713 placet
2901 643 2990 698 tibi
3017 642 3156 713 quod
3176 642 3428 698 facientes
3454 643 3742 709 inveneris,
3759 644 3849 698 ad-

2260 733 2441 805 jungis
2468 735 2875 805 gratulationem
2902 746 2957 791 et
2981 736 3405 792 exhortationem
3427 743 3591 789 tuatn.
3617 736 3851 791 Dicendo

2264 828 2441 893 enim,
2475 828 2655 884 Facite
2678 871 2693 896 ,
2721 839 2775 885 et
2822 828 3151 885 exhortando
3187 829 3443 883 facientes
3469 870 3484 892 ,
3530 838 3653 882 voto
3693 830 3846 898 quasi

2264 920 2391 976 facis
2416 935 2536 975 cum
2560 922 2680 976 illis.
2713 921 2768 976 lt:
2790 922 2887 977 bac
2906 937 3033 992 ergo
3049 920 3417 975 exhortatione
3438 921 3625 990 plenus
3648 919 3849 990 Spiritu

2220 1012 2223 1017 ”
2264 1010 2527 1081 Propheta
2549 1013 2676 1068 dicit
2701 1012 2835 1068 haec.

2334 1105 2387 1159 4.
2436 1105 2500 1159 Et
2543 1104 2782 1160 Psalmus
2827 1115 2908 1160 est
2936 1104 3113 1175 Aggtet'
3150 1114 3196 1159 et
3224 1103 3491 1160 Zacltarite
3522 1119 3540 1157 :
3566 1104 3644 1159 sic
3685 1101 3847 1157 habet

2265 1196 2495 1250 titulum.
2530 1195 2615 1251 Isti
2642 1197 2747 1251 duo
2787 1196 3087 1267 prophetia,
3113 1211 3181 1252 eo
3202 1207 3441 1266 tempore
3465 1211 3571 1264 quo
3599 1194 3846 1264 captivus

2262 1287 2490 1357 populus
2520 1287 2799 1342 tenebatur
2844 1287 2897 1341 in
2929 1286 3214 1358 Babylonia
3240 1328 3254 1351 ,
3301 1286 3687 1357 prophetabant
3728 1283 3840 1354 jam

2260 1377 2494 1433 futurum
2531 1378 2691 1433 finem
2740 1378 3095 1447 captivitatis,
3144 1387 3201 1433 ut
3241 1388 3633 1433 restauraretur
3656 1378 3846 1431 civitas

2259 1470 2554 1526 Jerusalem
2588 1471 2627 1541 (l
2661 1470 2840 1527 Esdra:
2868 1487 2900 1525 v
2926 1513 2941 1533 .
2971 1473 3020 1536 l,
3056 1471 3089 1525 2
3114 1487 3128 1536 ;
3156 1480 3204 1525 et
3234 1486 3282 1525 vt
3307 1512 3322 1537 ,
3355 1470 3442 1524 Mt
3469 1510 3485 1535 ,
3537 1485 3657 1540 quae
3701 1468 3846 1523 bello

2257 1564 2540 1618 ceciderat.
2582 1564 3023 1634 Significaverunt
3048 1579 3174 1635 ergo
3201 1563 3356 1617 nobis
3384 1563 3435 1616 in
3467 1560 3726 1632 mysterio
3756 1559 3843 1614 vi-

2258 1663 2364 1709 tam
2397 1654 2646 1721 futuram,
2676 1657 2762 1710 ubi
2790 1656 3119 1711 laudabimus
3137 1655 3304 1713 Deum
3331 1662 3453 1727 post
3471 1652 3842 1726 captivitatem

2258 1746 2379 1804 vitae
2427 1748 2743 1817 praesentis;
2803 1748 2888 1801 ubi
2939 1746 3044 1801 erit
3086 1745 3359 1801 innovatio
3412 1745 3645 1798 civitatis
3695 1742 3845 1797 illius

2256 1855 2460 1911 magna:
2487 1839 2781 1896 Jerusalem
2814 1839 2952 1894 unde
2982 1837 3248 1910 peregrini
3274 1837 3635 1906 suspiramus,
3664 1832 3845 1902 capti-

2256 1934 2358 1986 vati
2390 1932 2565 1987 adhuc
2594 1932 2694 1987 sub
2736 1947 2901 1987 onere
2939 1940 2994 1986 et
3030 1930 3239 1986 sarcina
3283 1927 3521 1997 corporis
3556 1925 3841 1989 mortalis;

2255 2024 2396 2079 unde
2423 2024 2598 2078 adhuc
2635 2023 2900 2093 gemimus
2939 2023 2993 2076 in
3034 2020 3492 2091 peregrinatione,
3540 2016 3844 2071 exsultabi-

2253 2132 2374 2172 tuus
2397 2126 2573 2171 autem
2603 2116 2653 2171 in
2680 2115 2869 2186 patria.
2915 2114 3013 2181 Qui
3054 2123 3229 2167 autem
3262 2127 3365 2165 non
3406 2110 3568 2181 gemit
3597 2107 3843 2177 peregri-

2252 2223 2371 2275 nus,
2401 2224 2506 2262 non
2534 2207 2783 2275 gaudebit
2808 2206 2977 2268 civis;
3022 2204 3143 2275 quia
3172 2201 3494 2257 desiderium
3521 2217 3625 2253 non
3667 2207 3754 2253 est
3783 2197 3841 2251 in

2252 2299 2360 2353 illo.
2423 2296 2700 2367 Propheta:
2739 2312 2866 2367 ergo
2906 2295 2992 2350 isti
3038 2293 3205 2348 sancti
3238 2307 3481 2361 magnam
3510 2287 3843 2344 consolatio-

2250 2408 2369 2448 nem
2418 2392 2758 2461 pr:ebuerunt
2808 2399 2933 2447 tuine
2974 2386 3240 2455 captivato
3289 2383 3485 2455 populo
3537 2378 3837 2435 secundum

2247 2500 2462 2538 carnem
2488 2524 2502 2545 ,
2535 2482 2584 2536 id
2624 2492 2705 2536 est
2730 2523 2745 2548 ,
2774 2480 3061 2541 constituto
3091 2478 3141 2532 in
3172 2476 3462 2547 Babylonia
3490 2473 3588 2527 sub
3616 2471 3839 2543 regibus

2246 2577 2576 2647 alienigenis.
2618 2574 2986 2629 Ostendebant
3031 2572 3173 2649 enim
3208 2586 3302 2640 per
3334 2567 3669 2638 prophetiam
3696 2606 3711 2628 ,
3756 2563 3841 2616 fu-

2247 2679 2421 2723 turum
2466 2677 2675 2736 tempus
2724 2664 3051 2720 liberationis
3094 2678 3124 2716 a
3162 2660 3468 2731 captivitate
3494 2699 3509 2721 ,
3559 2657 3836 2710 instaura-

2245 2762 2401 2816 tiutis
2427 2757 2744 2815 Jerusalem.
2790 2756 2892 2813 Sed
2926 2756 3013 2809 illa
3041 2753 3218 2809 omnia
3250 2754 3302 2805 in
3332 2751 3495 2821 figura
3528 2756 3673 2818 gesta
3704 2752 3837 2799 sunt

2243 2853 2286 2926 (l
2317 2854 2433 2908 Cor.
2469 2868 2502 2906 Χ
2529 2894 2543 2918 ,
2569 2853 2623 2923 6)
2650 2868 2666 2918 ;
2710 2851 2903 2905 habent
2932 2849 3207 2904 veritatem
3235 2862 3384 2901 suam
3414 2863 3427 2897 :
3461 2845 3675 2913 figurata
3703 2852 3835 2895 sunt

2242 2946 2293 2999 in
2324 2944 2553 3013 antiquis
2578 2984 2591 3006 ,
2641 2942 2919 3011 prtesentia
2961 2938 3315 2994 ostenduntur
3355 2937 3405 2990 in
3447 2937 3620 2989 nobis.
3667 2932 3834 2987 Modo

2240 3051 2368 3105 ergo
2398 3034 2522 3104 quid
2563 3034 2692 3087 dicit
2731 3031 3058 3103 Apostolus?
3112 3030 3366 3097 Quamdiu
3408 3044 3580 3081 sumus
3611 3027 3660 3077 in
3703 3042 3827 3077 σοι-ο

2242 3144 2379 3196 pore,
2415 3126 2793 3195 peregrinantur
2816 3141 2847 3176 a
2878 3123 3096 3177 Domino
3122 3121 3188 3191 (ll
3209 3122 3327 3174 (lor.
3358 3137 3391 3174 ν
3411 3163 3426 3182 ,
3459 3117 3537 3190 6).
3570 3111 3827 3173 Nondum

2238 3233 2421 3271 smnus
2452 3218 2505 3277 in
2534 3216 2700 3285 patria
2730 3232 2742 3267 :
2774 3213 2987 3284 quando
3015 3214 3213 3267 erimus
3257 3212 3309 3265 in
3345 3209 3552 3280 patria?
3594 3205 3831 3273 Quando

2241 3309 2689 3378 triumphabimns
2715 3307 2920 3363 devicto
2949 3307 3163 3361 inimico
3186 3304 3418 3369 diabolo,
3442 3300 3653 3371 quando
3683 3315 3829 3353 mors

2237 3401 2505 3455 novissima
2542 3399 2746 3453 inimica
2785 3398 3065 3452 destruetur
3095 3404 3251 3451 :tunc
3276 3395 3360 3462 ﬁet
3394 3408 3559 3446 sermo
3583 3391 3669 3459 qui
3693 3390 3827 3444 scri-

2237 3504 2352 3562 ptus
2377 3500 2468 3555 est,
2499 3490 2745 3560 Absorpta
2770 3498 2843 3542 est
2865 3505 2997 3541 mors
3021 3486 3072 3539 iu
3100 3486 3378 3539 victoriam.
3412 3481 3511 3537 Ubi
3539 3491 3630 3540 est.
3659 3496 3823 3541 mors.

2235 3584 2483 3636 contentio
2523 3581 2649 3633 tua?
2675 3580 2755 3632 ubi
2781 3590 2851 3631 est
2872 3620 2887 3643 ,
2917 3594 3049 3631 mors
3070 3618 3085 3639 ,
3121 3575 3327 3629 aculeus
3357 3584 3470 3628 tuus
3508 3573 3546 3639 (Ι
3577 3570 3695 3629 Cor.
3728 3587 3821 3632 xv,

2235 3676 2328 3740 26,
2361 3674 2449 3739 54,
2480 3673 2613 3742 55)?
2642 3670 2863 3739 Quando
2885 3687 3010 3738 ergo
3036 3668 3176 3722 nulla
3195 3668 3292 3721 erit
3316 3665 3502 3719 mortis
3520 3663 3820 3727 contentio,

2236 3784 2354 3836 qtae
2385 3766 2542 3821 modo
2569 3774 2672 3829 est,
2704 3775 2756 3818 et
2783 3764 2901 3817 facit
2932 3779 3029 3816 nos
3051 3776 3266 3831 gemere
3291 3776 3359 3813 ex
3388 3758 3594 3813 defectu
3618 3766 3670 3811 et
3698 3772 3820 3810 tnu-

2237 3859 2493 3913 tahilitate
2519 3873 2717 3921 rerum,
2750 3872 2814 3918 ex
2847 3855 3130 3924 fragilitate
3154 3853 3328 3906 carnis
3361 3852 3603 3905 humanm
3626 3851 3649 3900 '9
3676 3849 3820 3903 Coo-

2236 3952 2458 4013 tendunt
2502 3950 2774 4011 nobiscum
2820 3947 3057 4018 quotidie
3088 3945 3444 4005 tentationcs.
3487 3940 3823 3995 contendunt

2235 4042 2472 4115 quotidie
2501 4040 2881 4098 delectationes
2906 4056 2919 4092 :
2943 4038 3041 4092 etsi
3071 4052 3177 4092 nou
3200 4034 3615 4097 consentiamus,
3638 4041 3819 4089 tamen

2236 4136 2538 4198 molestiam
2570 4133 2821 4203 patimur,
2854 4139 2907 4185 et
2934 4128 3326 4189 contendimus,
3358 4135 3413 4179 et
3440 4138 3691 4192 magnum
3716 4137 3815 4191 pc-

2237 4230 2458 4285 rieulum
2487 4236 2569 4284 est
2599 4241 2666 4282 ne
2694 4224 2782 4295 qui
2810 4221 3083 4280 contendit
3109 4220 3384 4283 vincatur;
3426 4216 3472 4270 si
3498 4225 3677 4275 autem
3707 4229 3818 4277 non

2236 4322 2619 4385 consentiendo
2668 4319 2969 4382 vincamus,
3022 4313 3318 4371 molestiam
3367 4319 3544 4365 tamen
3586 4309 3820 4378 patimur

2237 4414 2536 4474 resistendo
2561 4408 3021 4471 delectationibus.
3050 4405 3164 4465 Non
3190 4412 3367 4459 cessat
3391 4444 3407 4467 ,
3436 4411 3491 4456 et
3520 4417 3626 4455 non
3655 4399 3820 4452 morie

2240 4518 2324 4559 tur
2345 4506 2535 4571 hostis,
2568 4503 2669 4561 nisi
2697 4502 2747 4557 iu
2773 4499 3167 4559 resurrectione
3185 4505 3539 4552 mortuorunt.
3565 4491 3670 4547 Sed
3692 4506 3821 4561 pta:-

2236 4610 2529 4658 sumamus,
2568 4592 2812 4659 fidamus,
2832 4592 3041 4661 erigunt
3060 4604 3157 4647 nos
3178 4589 3403 4657 Aggtcus
3419 4596 3472 4640 et
3497 4583 3817 4645 Zacharias;

2238 4696 2456 4743 cantant
2484 4684 2712 4739 futuram
2742 4682 3114 4737 liberationem
3146 4688 3402 4733 nostram.
3433 4676 3487 4732 Si
3521 4675 3595 4736 illi
3622 4673 3818 4743 populo

2235 4788 2598 4842 cantaverunt,
2630 4786 2683 4831 et
2704 4776 2974 4845 impletum
2998 4781 3111 4838 est;
3138 4770 3430 4826 christiano
3460 4767 3658 4839 populo
3675 4763 3819 4835 quod

2236 4882 2517 4936 cantatur,
2563 4885 2671 4923 non
2716 4865 3062 4937 itnplebitttr?
3109 4862 3292 4919 Securi
3334 4871 3508 4917 estote
3539 4878 3551 4913 :
3582 4868 3820 4914 tmitutu-

2236 4964 2395 5020 modo
2440 4964 2491 5017 in
2538 4963 2635 5016 ista
2687 4959 3112 5030 peregrinatione
3160 4956 3278 5011 vita:
3321 4953 3589 5023 quomodo
3620 4949 3817 5020 agatis,

2238 5056 2415 5110 videte
2447 5056 2484 5107 '.
2516 5052 2630 5113 Non
2673 5052 2821 5105 vobis
2850 5050 3052 5119 placeat
3080 5062 3230 5105 amor
3256 5044 3584 5115 Babylonia),
3624 5056 3693 5095 ne
3718 5040 3818 5094 ob.

2238 5145 2549 5201 liviscamini
2581 5140 3178 5199 civitatcherusaletn.
3215 5136 3326 5190 Etsi
3354 5149 3551 5204 corpus
3572 5143 3811 5186 vestrum

2236 5239 2411 5301 adhuc
2441 5238 2491 5292 iu
2521 5235 2806 5306 Babylonia
2841 5243 3081 5297 tenetur,
3111 5246 3206 5285 cor
3238 5237 3473 5283 vestrum
3503 5227 3566 5279 ad
3598 5224 3819 5281 Jerusa-

2238 5331 2339 5384 lem
2371 5328 2743 5399 prarmittatur.
2776 5324 2979 5387 Laudet
3007 5325 3026 5354 ²
3052 5337 3179 5393 ergo
3216 5328 3325 5375 tota
3354 5325 3598 5373 creatura
3630 5314 3815 5373 Domi-

2237 5438 2361 5476 nutu
2387 5437 2402 5485 ;
2448 5419 2568 5489 quia
2594 5416 2694 5471 hoc
2724 5417 2793 5471 ibi
2826 5415 3013 5473 facturi
3044 5427 3228 5468 sumus
3250 5452 3264 5477 ,
3295 5409 3435 5482 quod
3468 5408 3553 5463 hic
3582 5420 3819 5478 prtctnc-

2235 5517 2485 5570 ditamur.

2301 5661 2314 5689 ι
2341 5657 2413 5720 sic
2434 5661 2537 5720 διεδ.
2566 5651 2736 5720 Αι-εύὸ
2762 5686 2775 5709 ,
2794 5663 2886 5720 rum
2913 5646 3238 5720 tugurium;on
3325 5644 3417 5720 ista
3438 5637 3822 5708 perch

2236 5721 2344 5771 vi'm
2366 5716 2525 5777 hujus,
2551 5715 2636 5764 sed
2660 5708 2895 5777 quomodo
2917 5710 2996 5760 hic
3014 5708 3165 5772 egetis
3187 5708 3356 5758 videte.

2304 5784 2323 5819 ι
2361 5778 2580 5847 Plerique
2605 5783 2733 5835 uss,
2758 5774 2940 5830 laudat.
