4038 6460
300 354 430 412 ιειι

367 471 420 527 5.
455 467 685 526 Laudate
702 470 973 526 Dominum
989 469 1052 523 de
1074 470 1245 532 ctelis;
1271 468 1472 523 laudate
1495 482 1606 521 eum
1629 464 1680 517 in
1711 460 1867 516 ercet.

298 562 389 616 sis.
434 561 614 616 Primo
636 561 702 616 de
726 562 876 616 cedis
905 561 1033 615 dicit
1057 602 1073 627 ,
1104 569 1287 630 postea
1314 559 1381 614 de
1410 567 1550 612 terra
1585 575 1598 610 :
1628 554 1872 610 laudatur

297 652 438 707 enim
477 652 616 706 Deus
644 652 732 722 qui
756 652 879 707 fecit
906 652 1098 708 ctelum
1130 661 1185 706 et
1206 659 1426 705 terram.
1451 647 1704 703 leestia
1728 655 1872 700 tran-

296 742 460 813 quilla
490 751 647 807 sunt,
679 753 862 812 pacata
894 751 1045 808 sunt;
1090 742 1157 796 ibi
1190 756 1403 810 semper
1430 737 1698 810 gaudium,
1724 734 1868 789 nulla

296 850 443 889 mors
470 877 486 899 ,
515 835 656 890 nulla
686 835 945 906 :rgritudo
970 876 986 901 ,
1017 833 1161 888 nulla
1193 832 1474 895 inolestia;
1505 843 1717 899 semper
1751 827 1870 880 lau-

295 925 425 980 dant
466 925 630 980 Deum
661 925 801 980 beati
831 944 844 978 :
873 939 971 980 nos
993 935 1167 979 autem
1192 923 1365 977 adhuc
1398 923 1579 992 jusum
1618 933 1801 974 sumus
1827 920 1867 985 ¹,
1911 965 1914 969 .

293 1014 385 1070 sed
412 1030 534 1070 cum
558 1016 854 1085 cogitamus
894 1014 1159 1086 quomodo
1198 1016 1266 1069 ibi
1308 1013 1554 1069 laudetur
1578 1012 1718 1066 Deus
1739 1052 1754 1075 ,
1776 1025 1871 1065 cor

296 1106 366 1160 ibi
396 1106 684 1160 habeamus
705 1148 720 1170 ,
746 1114 800 1160 et
826 1122 931 1161 non
961 1107 1076 1162 sine
1104 1120 1262 1161 causa
1292 1104 1570 1159 audiamus
1590 1145 1605 1169 ,
1645 1103 1867 1158 Sursum

293 1196 476 1251 corda.
518 1194 779 1251 Levemus
806 1211 900 1250 cor
936 1211 1143 1251 sursum
1168 1238 1183 1261 ,
1218 1212 1285 1250 ne
1315 1203 1581 1265 putrescat
1606 1193 1658 1247 in
1686 1201 1865 1258 terra;

294 1286 544 1355 quoniam
586 1285 759 1355 placet
804 1285 954 1341 nobis
997 1285 1138 1355 quod
1166 1285 1238 1339 ibi
1268 1293 1428 1354 agunt
1460 1282 1673 1352 Angeli.
1714 1279 1868 1336 Modo

295 1390 391 1431 nos
420 1391 554 1445 spe;
601 1385 782 1445 postea
813 1392 906 1443 re,
950 1391 1070 1432 cum
1114 1375 1240 1432 illuc
1281 1374 1602 1431 venerimus.
1644 1372 1872 1428 Laudate

295 1479 421 1537 ergo
447 1483 559 1529 eum
584 1466 634 1520 in
650 1467 876 1520 excelsis.

284 1558 287 1561 ’
364 1558 416 1612 6.
450 1557 598 1630 [t-ers.
628 1557 771 1630 2-5.]
799 1559 1027 1613 Laudute
1054 1576 1169 1614 eum
1193 1574 1362 1613 omnes
1388 1557 1566 1629 Angeli
1588 1556 1717 1628 ejus,
1749 1555 1869 1610 lau-

293 1649 409 1702 date
429 1665 539 1701 eum
570 1665 737 1703 onmes
766 1649 967 1704 uirtutes
992 1651 1120 1720 ejus.
1159 1648 1387 1703 Luudate
1414 1665 1526 1702 eum
1548 1648 1627 1702 sol
1653 1658 1699 1702 et
1725 1648 1867 1714 luna,

296 1739 500 1793 laudate
528 1758 639 1795 eum
668 1758 837 1795 omnes
866 1742 1024 1795 stella:
1050 1751 1097 1795 et
1132 1742 1317 1796 lumen.
1366 1740 1597 1795 Laudute
1623 1757 1734 1795 eum
1758 1739 1871 1795 mli

293 1830 552 1896 calorum,
577 1841 621 1885 et
640 1848 785 1901 aqua:
802 1848 913 1903 qua:
937 1850 1086 1902 super
1110 1834 1258 1887 cwlos
1286 1842 1424 1900 sunt,
1454 1833 1660 1887 laudent
1688 1850 1869 1888 nomen

298 1920 522 1974 Domini.
572 1922 793 1989 Quando
840 1922 1075 1990 estplicat
1115 1924 1292 1977 omnia
1344 1922 1706 1977 numerando?
1760 1922 1866 1979 Sed

296 2020 472 2065 tamen
496 2014 799 2067 summatim
829 2023 881 2067 et
911 2014 1059 2083 quasi
1091 2013 1269 2067 omnia
1297 2014 1624 2082 perstrinxit,
1656 2024 1709 2070 et
1735 2030 1868 2070 con-

292 2100 450 2155 clusit
477 2102 655 2154 omnia
683 2102 918 2157 coelestia
950 2103 1215 2157 laudantia
1244 2103 1553 2159 Creatorem
1574 2121 1750 2160 suum.

368 2192 418 2245 7.
453 2191 519 2245 Et
557 2193 707 2262 quasi
752 2192 1021 2248 diceretur
1062 2195 1149 2258 ei,
1200 2198 1375 2261 Quare
1424 2195 1569 2249 illum
1612 2195 1866 2250 laudant?

293 2281 419 2351 quid
452 2283 523 2336 illi
554 2282 782 2349 debent,
823 2284 948 2355 quid
977 2285 1079 2341 illis
1101 2286 1343 2351 contulit,
1376 2296 1432 2341 ut
1458 2286 1673 2342 laudent
1696 2287 1865 2342 cum?

290 2376 531 2443 ecqnitur
555 2392 568 2429 :
598 2373 846 2442 Quoniam
874 2376 979 2446 ipse
1005 2377 1151 2439 dixit,
1181 2384 1225 2431 et
1249 2378 1385 2445 facta
1407 2386 1555 2443 sunt;
1585 2378 1693 2446 ipse
1721 2394 1866 2432 man-

291 2464 461 2528 davit,
492 2473 539 2519 et
583 2473 750 2519 creata
793 2477 928 2520 sunt.
980 2466 1097 2521 Non
1148 2467 1341 2543 mirum
1368 2467 1412 2521 si
1442 2482 1603 2536 opera
1647 2467 1865 2524 laudmt

289 2563 650 2622 operatorem,
674 2571 777 2609 non
801 2557 991 2611 mirum
1018 2567 1099 2611 est
1125 2557 1168 2610 si
1188 2558 1321 2611 facta
1347 2556 1565 2613 laudant
1586 2558 1858 2625 factorem,

289 2658 395 2696 non
422 2645 613 2697 mirum
641 2645 683 2698 si
714 2654 957 2700 creatura
991 2645 1169 2700 laudat
1192 2646 1526 2703 Creatorem.
1552 2647 1628 2703 lbi
1649 2648 1864 2705 etChri-

288 2741 403 2787 stus
427 2736 731 2789 nominatus
756 2744 869 2801 est,
916 2745 972 2791 et
999 2737 1146 2807 quasi
1176 2755 1279 2792 non
1324 2738 1623 2793 audivimus
1669 2755 1862 2797 nomen

288 2822 474 2890 ipsius.
523 2824 654 2891 Quis
688 2835 769 2880 est
792 2826 1078 2881 Christus?
1118 2827 1185 2880 In
1214 2829 1463 2899 principio
1483 2839 1588 2882 erat
1622 2828 1856 2896 Verbum,

286 2923 333 2966 et
370 2912 583 2967 Verbum
617 2926 726 2969 erat
768 2916 909 2987 apud
951 2915 1152 2981 Deum,
1195 2928 1241 2971 et
1279 2917 1418 2972 Deus
1452 2929 1557 2973 erat
1598 2918 1811 2974 Verbum
1843 2936 1863 2973 :

286 3006 380 3057 hoc
416 3014 521 3058 erat
562 3006 616 3059 in
658 3007 906 3076 principio
942 3007 1080 3077 apud
1112 3007 1290 3061 Deum.
1347 3007 1529 3062 Omnia
1571 3026 1660 3078 per
1695 3010 1863 3081 ipsum

287 3098 419 3167 [acta
446 3104 561 3151 sunt
580 3137 595 3161 ,
626 3106 673 3151 et
700 3098 808 3150 sine
828 3099 938 3167 ipso
967 3101 1155 3169 factum
1182 3109 1255 3152 est
1284 3100 1412 3153 nihil
1444 3098 1621 3171 (Joan.
1652 3118 1689 3165 ι,
1722 3102 1859 3168 1-5).

287 3186 387 3241 Per
419 3187 543 3257 quid
586 3187 722 3243 facta
769 3189 938 3244 sunt?
990 3189 1094 3244 Per
1143 3189 1397 3244 Verbum.
1447 3190 1729 3256 Quomodo
1777 3192 1863 3247 hic

283 3277 518 3331 ostendit
554 3278 679 3348 quia
719 3294 815 3349 per
845 3279 1076 3334 Verbum
1107 3278 1241 3333 facta
1273 3281 1430 3335 sunt?
1475 3281 1499 3334 Ι
1510 3298 1595 3349 pse
1620 3282 1781 3348 dixit,
1814 3292 1862 3336 et

287 3372 420 3440 facta
445 3381 594 3434 sunt;
635 3371 743 3440 ipse
770 3371 1045 3437 mandarit,
1077 3380 1122 3425 et
1147 3383 1315 3425 creata
1358 3382 1494 3426 sunt.
1520 3371 1686 3427 Nemo
1712 3372 1856 3437 dicit,

287 3474 445 3514 nemo
471 3461 705 3521 mandat.
737 3462 836 3515 nisi
870 3462 1052 3517 verbo.

288 3582 291 3583 ν
354 3552 409 3606 8.
438 3550 601 3624 [vers.
626 3551 715 3625 6.]
754 3551 945 3607 Statuit
984 3569 1044 3607 ea
1080 3555 1134 3606 in
1169 3554 1407 3607 sa'culum
1445 3564 1491 3607 et
1536 3555 1587 3609 in
1622 3555 1862 3610 saculum

284 3643 474 3696 screnti.
523 3641 709 3697 Omnia
752 3644 986 3698 coelestia
1012 3683 1026 3708 ,
1081 3644 1258 3698 omnia
1299 3646 1572 3715 superiora
1596 3686 1611 3711 ,
1640 3647 1863 3703 virtutes

283 3748 471 3786 omnes
492 3744 651 3803 atque
673 3735 926 3803 Angelos,
949 3734 1215 3789 civitatem
1241 3734 1524 3805 quamdam
1551 3750 1856 3806 supernam,

285 3826 501 3889 bonam,
535 3837 793 3891 sanctam,
821 3827 1029 3882 beatam
1065 3845 1077 3881 :
1110 3827 1249 3882 unde
1278 3828 1525 3897 quoniam
1554 3831 1864 3899 peregrina-

284 3934 439 3983 mur,
486 3920 664 3974 miseri
694 3919 867 3973 adhuc
893 3934 1109 3985 sumus;
1156 3927 1210 3974 et
1246 3934 1352 3990 quo
1377 3918 1634 3985 redituri,
1684 3920 1735 3976 in
1763 3935 1861 3991 spe

284 4009 459 4073 beati;
506 4018 558 4063 et
603 4025 709 4079 quo
736 4024 857 4065 cum
897 4008 1215 4064 redierimus
1242 4051 1255 4073 ,
1290 4010 1341 4063 in
1374 4024 1433 4064 re
1460 4009 1621 4068 beati.
1669 4010 1861 4065 Statuit

282 4118 341 4154 ea
369 4102 418 4154 in
446 4100 685 4155 uetulum
706 4102 817 4155 etin
839 4102 1077 4154 sa'culum
1096 4102 1269 4155 seaculi
1298 4118 1316 4155 :
1341 4112 1646 4175 praereptum
1670 4112 1858 4172 posmt,

281 4203 330 4245 et
358 4208 459 4244 non
503 4192 791 4259 prwteribit.
839 4192 1007 4260 Quale
1048 4202 1371 4261 praeceptum
1418 4192 1618 4262 putatis
1663 4192 1859 4247 habere

281 4284 521 4338 cmlestia
548 4294 601 4337 et
628 4285 860 4354 Angelos
883 4285 1140 4339 sanctos?
1180 4284 1339 4355 quale
1363 4294 1683 4355 praeceptum
1713 4284 1859 4341 dedit

283 4376 388 4430 illis
416 4376 591 4430 Deus?
627 4375 825 4443 Quale,
863 4377 963 4431 nisi
992 4386 1047 4431 ut
1073 4376 1288 4432 laudent
1320 4376 1508 4432 illum?
1547 4378 1695 4433 Beati
1724 4393 1860 4449 quo-

282 4482 399 4522 rum
447 4468 547 4522 hoc
574 4479 655 4523 est
686 4473 955 4540 negotium
981 4509 996 4532 ,
1041 4468 1257 4524 laudare
1302 4468 1490 4525 Deum.
1537 4469 1653 4525 Non
1683 4482 1855 4538 arant,

282 4575 388 4615 non
431 4560 730 4625 seminam,
777 4576 881 4615 non
930 4561 1178 4625 molunt,
1227 4575 1331 4615 non
1375 4570 1652 4632 coquunt:
1694 4576 1857 4632 Opera

280 4652 422 4705 enim
454 4659 572 4705 sunt
606 4651 705 4705 ista
757 4651 1128 4715 necessitatis;
1187 4650 1256 4705 ibi
1302 4651 1594 4706 necessitas
1620 4667 1725 4706 non
1753 4660 1856 4707 est.

282 4743 395 4797 Non
435 4741 710 4808 furantur,
743 4757 851 4796 non
881 4741 1273 4811 depraedantur,
1320 4757 1424 4797 non
1446 4742 1855 4797 adulterantur:

281 4848 443 4902 opera
466 4835 608 4888 enim
637 4841 761 4887 sunt
786 4833 881 4886 ista
906 4832 1225 4903 iniquitatis;
1251 4832 1317 4885 ibi
1345 4832 1595 4902 iniquitas
1618 4849 1719 4887 non
1750 4842 1853 4888 est.

282 4924 397 4980 Non
427 4924 674 4996 frangunt
708 4940 897 4994 panem
925 4922 1180 4979 esurienti
1203 4964 1217 4988 ,
1242 4938 1347 4977 non
1378 4923 1611 4979 vestiunt
1636 4922 1856 4990 nudum,

281 5031 386 5071 nun
416 5016 710 5087 suscipiunt
754 5015 1124 5086 peregrinum,
1176 5028 1281 5067 non
1327 5014 1540 5068 visitant
1577 5025 1855 5085 argrotum,

279 5124 384 5163 non
404 5108 733 5163 concordant
766 5107 1054 5178 litigiosum
1080 5147 1094 5172 ,
1122 5121 1227 5160 non
1253 5106 1518 5175 sepeliant
1549 5116 1813 5161 mortuum
1839 5125 1853 5164 :

279 5214 441 5267 opera
468 5200 608 5252 enim
641 5207 767 5252 sunt
796 5197 896 5251 ista
926 5194 1300 5251 misericordia:
1328 5212 1341 5261 ;
1372 5195 1439 5249 ibi
1468 5196 1609 5250 nulla
1641 5197 1857 5250 miseria

277 5299 362 5345 est
403 5290 454 5344 in
482 5305 583 5361 qua
611 5289 703 5344 ﬁat
741 5287 1128 5343 misericordia.
1160 5286 1205 5342 Ο
1232 5286 1371 5341 beati
1395 5286 1413 5339 1-
1455 5285 1728 5350 Putamus,
1755 5289 1859 5340 eri-

281 5396 398 5436 mus
423 5390 479 5436 et
502 5395 599 5435 nos
624 5380 703 5435 sic
727 5379 752 5432 l‘
804 5378 897 5433 Eia
919 5419 934 5443 ,
961 5377 1310 5447 suspircmus,
1337 5375 1404 5430 de
1432 5376 1662 5446 susmrio
1687 5391 1859 5447 gema-

282 5488 418 5527 mus.
465 5472 529 5526 Et
567 5469 694 5541 quid
726 5484 942 5536 sumus,
981 5477 1041 5524 ut
1074 5467 1143 5525 ibi
1170 5467 1380 5521 ειιιιυεῖ
1410 5466 1699 5533 Mortales,
1730 5481 1857 5536 pro-

278 5566 401 5636 lecti
430 5608 445 5630 ,
472 5564 666 5632 abjccti
691 5604 706 5629 ,
736 5574 876 5617 terra
904 5570 959 5617 et
985 5560 1141 5615 ciuis.
1173 5559 1280 5615 Sed
1310 5559 1395 5629 qui
1423 5559 1666 5628 promisit
1685 5559 1856 5615 eumi-

343 5720 355 5747 ί
386 5716 519 5767 ΥιΙιΙ..
543 5715 591 5765 in
621 5715 717 5765 into
738 5728 915 5777 sumus.
944 5720 996 5764 At
1019 5721 1143 5774 Mss,
1158 5713 1327 5774 jusum
1348 5725 1509 5777 sumus
1533 5727 1550 5764 :
1575 5714 1705 5777 quod
1728 5714 1855 5764 idem

244 5844 245 5849 η
278 5786 432 5835 tonat.
457 5781 627 5832 t‘mzfer
652 5783 852 5827 Tractat.
878 5776 973 5825 8iu
991 5777 1132 5838 Epist.
1161 5782 1272 5824 toan
1297 5808 1313 5835 ,
1334 5788 1382 5826 ιι.
1401 5774 1447 5824 2.

1348 345 1738 422 ENARRATIO
1778 344 1840 421 IN
1882 346 2196 404 PSAUIUM
2239 348 2511 404 CXLVIII.

3416 352 3556 409 NI!

1984 472 2177 534 potens
2217 471 2319 517 est.
2365 462 2419 518 Si
2451 461 2516 515 ad
2545 476 2643 515 nos
2687 460 3055 527 attendamus,
3088 464 3212 531 quid
3243 471 3466 520 sumus?
3511 469 3557 523 si

1981 559 2046 612 ad
2077 557 2248 621 illum,
2279 556 2417 610 Deus
2442 563 2524 609 est
2543 597 2559 621 ,
2588 555 2928 624 onmipotens
2953 564 3053 613 est.
3080 556 3194 611 Non
3219 567 3303 612 est
3325 558 3558 613 uicturus

1977 651 2222 720 angelum
2263 664 2327 702 ex
2373 648 2587 702 homine
2613 690 2627 713 ,
2661 650 2749 718 qui
2792 648 2913 704 fecit
2948 649 3216 703 hominem
3256 666 3319 705 ex
3352 650 3555 706 nihilo?

1979 750 2073 797 aut
2097 758 2223 797 vero
2252 756 2347 811 pro
2384 742 2604 795 minimo
2642 741 2801 797 habet
2837 743 2978 797 Deus
3005 741 3299 808 hominem,
3340 755 3555 813 propter

1978 846 2137 901 quem
2186 831 2319 885 mori
2368 831 2531 885 voluit
2584 830 2806 886 Unicum
2857 830 3047 885 suum?
3091 832 3443 885 Attendamus
3486 832 3552 885 ad

1979 922 2228 978 indicium
2270 924 2572 979 dilectionis
2606 926 2645 978 ¹.
2679 924 3053 980 Promissiouis
3086 925 3179 980 Dei
3214 926 3343 979 tales
3372 925 3558 980 arrhas

1979 1024 2316 1088 accepimus;
2362 1027 2605 1075 tenemus
2642 1029 2866 1074 mortem
2892 1018 3128 1084 Christi,
3159 1029 3402 1075 tenemus
3431 1034 3554 1073 san-

1977 1110 2188 1178 guinem
2215 1110 2431 1164 Christi.
2479 1109 2608 1177 Quis
2637 1118 2875 1164 mortuus
2917 1110 3037 1163 est?
3071 1109 3285 1164 Unicus.
3318 1108 3423 1163 I’ro
3447 1110 3556 1179 qui-

1977 1198 2078 1255 bus
2127 1207 2369 1254 mortuus
2415 1202 2538 1256 est?
2589 1201 2802 1256 Utinam
2851 1216 2951 1271 pro
2995 1201 3185 1267 bouis,
3228 1202 3427 1255 utinam
3461 1216 3563 1270 pro

1974 1292 2153 1361 iustis.
2180 1292 2288 1348 Sed
2316 1292 2481 1363 quid?
2520 1292 2723 1347 Etenim
2753 1293 3000 1356 Christus,
3031 1294 3106 1347 ait
3132 1293 3435 1361 Apostolus,
3465 1310 3567 1363 pro-

1976 1383 2145 1454 impiis
2173 1392 2401 1438 mortuus
2426 1391 2498 1437 est
2541 1383 2718 1453 (Rom.
2742 1400 2773 1438 ν
2797 1424 2813 1451 ,
2843 1383 2923 1453 Β).
2969 1383 3067 1451 Qui
3113 1383 3334 1437 deamit
3380 1383 3557 1451 impiis

1978 1482 2206 1527 mortem
2235 1486 2408 1537 suam,
2459 1471 2584 1541 quid
2614 1483 2793 1526 servat
2827 1472 3005 1542 justis,
3034 1472 3134 1527 nisi
3167 1472 3328 1525 vitam
3359 1472 3556 1525 suam?

1979 1560 2162 1632 Erigat
2184 1576 2313 1631 ergo
2339 1576 2399 1616 se
2428 1561 2655 1616 humana
2685 1560 2941 1632 fragilitas
2962 1604 2976 1628 ,
3006 1576 3109 1616 non
3142 1562 3420 1631 desperet,
3448 1576 3550 1614 non

1977 1667 2037 1710 se
2064 1652 2318 1719 collidat,
2344 1670 2450 1709 non
2475 1670 2535 1710 se
2561 1662 2802 1721 avertat,
2834 1670 2938 1709 non
2968 1654 3131 1719 dicat,
3161 1654 3272 1708 Non
3305 1669 3419 1708 ero.
3451 1652 3552 1720 Qui

1977 1746 2257 1817 promisit,
2300 1746 2441 1801 Deus
2472 1756 2555 1801 est
2584 1763 2597 1800 :
2626 1757 2680 1801 et
2704 1746 2880 1813 venit,
2909 1755 2966 1800 ut
2987 1746 3361 1815 promitteret;
3389 1759 3556 1815 appa-

1977 1842 2083 1897 ruit
2120 1841 2457 1906 hominibus,
2509 1841 2655 1895 venit
2703 1840 2976 1908 suscipere
3022 1847 3248 1893 mortem
3292 1849 3551 1899 nostram,

1977 1933 2293 2003 promittere
2318 1933 2478 1986 vitam
2504 1946 2679 1987 suam.
2721 1931 2882 1986 Venit
2909 1930 2975 1985 ad
3008 1931 3282 1998 regionem
3320 1929 3555 1999 peregri-

1980 2025 2208 2081 nationis
2241 2031 2437 2079 nostrte
2460 2064 2475 2088 ,
2507 2023 2751 2093 accipere
2778 2023 2863 2077 bic
2892 2022 3033 2092 quod
3063 2022 3149 2078 hic
3173 2021 3425 2083 abundat,
3458 2035 3555 2090 op-

1975 2118 2189 2185 probria
2213 2156 2228 2180 ,
2261 2114 2464 2184 ﬂagella
2484 2155 2499 2179 ,
2528 2114 2814 2184 eolaphos,
2844 2121 2993 2183 sputa
3026 2114 3077 2167 in
3111 2112 3301 2168 faciem
3323 2153 3339 2179 ,
3366 2121 3556 2169 contu-

1976 2206 2160 2261 melias
2185 2246 2199 2271 ,
2250 2206 2490 2275 spineam
2537 2219 2787 2259 coronam
2808 2246 2823 2269 ,
2866 2205 3272 2273 suspensiouem
3302 2204 3352 2257 in
3385 2203 3551 2273 ligno,

1973 2312 2189 2354 crucem
2208 2338 2224 2364 ,
2254 2307 2504 2351 mortem.
2558 2296 2682 2351 llzec
2708 2295 2977 2350 abundant
3006 2296 3057 2349 in
3090 2295 3306 2366 regione
3332 2302 3511 2349 nostra
3536 2310 3550 2355 ;

1974 2389 2039 2444 ad
2068 2389 2188 2444 talia
2215 2387 2531 2443 commercia
2563 2387 2725 2441 venit.
2756 2386 2891 2455 Quid
2926 2386 3010 2441 hic
3035 2385 3214 2451 dedit,
3246 2385 3370 2455 quid
3400 2398 3554 2439 acce-

1972 2480 2090 2552 pit?
2116 2478 2270 2535 Dedit
2297 2478 2747 2543 exhortationem,
2778 2477 2925 2533 dedit
2946 2476 3262 2542 doctrinam,
3294 2475 3439 2531 dedit
3469 2492 3553 2530 re-

1971 2573 2281 2629 missionem
2299 2580 2638 2643 peecatorum
2658 2589 2673 2635 ;
2695 2572 2898 2640 accepit
2913 2569 3283 2634 contumelias,
3302 2579 3547 2633 mortem,

1930 2730 1933 2733 γ
1968 2678 2205 2720 crucem.
2225 2664 2412 2719 Attulit
2426 2663 2580 2718 nobis
2592 2663 2657 2718 de
2677 2664 2761 2718 illa
2776 2663 2989 2734 regione
3002 2662 3157 2727 bona,
3191 2672 3242 2717 et
3268 2662 3318 2717 in
3333 2661 3549 2731 regione

1969 2755 2367 2827 nostrapertulit
2382 2754 2790 2809 mala.Promisit
2802 2764 2975 2809 tamen
2991 2754 3142 2808 nobis
3155 2752 3293 2822 quod
3310 2752 3377 2807 ibi
3392 2752 3550 2808 futuri

1969 2846 2135 2900 simus
2151 2846 2289 2901 unde
2307 2846 2484 2911 venit;
2514 2854 2569 2901 et
2594 2845 2667 2900 ait
2697 2861 2715 2899 :
2742 2844 2917 2908 Pater,
2936 2844 3048 2898 volo
3064 2854 3117 2899 ut
3136 2843 3218 2897 ubi
3247 2860 3337 2915 ego
3352 2860 3482 2906 sum,
3501 2853 3557 2897 es

1968 2937 2068 3006 ipsi
2090 2937 2191 2990 sint
2226 2953 2418 2991 mecum
2445 2936 2623 3006 (Joan.
2647 2951 2751 2991 xvu
2773 2976 2789 3002 ,
2818 2935 2936 3006 Si).
2968 2936 3135 2990 Tanta
3168 2936 3442 3005 prmcessit
3465 2934 3550 2990 di-

1969 3028 2163 3084 lectio!
2194 3027 2325 3095 Quia
2349 3028 2435 3083 ubi
2465 3043 2564 3083 nos
2583 3042 2817 3092 eramus,
2841 3025 2939 3082 fuit
2968 3027 3243 3082 nobiscum
3270 3043 3284 3092 ;
3318 3027 3406 3083 ubi
3439 3027 3559 3098 ipse

1968 3126 2071 3183 est,
2101 3119 2301 3174 erimus
2319 3134 2440 3174 cum
2460 3119 2574 3174 illo.
2603 3118 2741 3185 Quid
2768 3119 2857 3172 tibi
2879 3118 3119 3188 promisit
3144 3119 3306 3184 Deus,
3337 3133 3369 3173 ο
3390 3117 3554 3174 homo

1968 3209 2249 3265 mortalis?
2291 3208 2421 3276 Quia
2453 3210 2685 3264 victurus
2713 3224 2771 3264 es
2798 3210 2848 3262 in
2880 3218 3158 3264 aeternum.
3191 3209 3305 3263 Non
3336 3208 3554 3264 credis?

1967 3299 2162 3365 Crede,
2192 3299 2369 3355 crede.
2415 3299 2545 3355 Plus
2588 3308 2670 3355 est
2703 3299 2811 3367 jam
2842 3298 2981 3369 quod
3017 3298 3143 3353 fecit
3165 3339 3179 3361 ,
3221 3313 3376 3367 quam
3409 3298 3548 3368 quod

1967 3390 2229 3460 promisit.
2261 3389 2395 3455 Quid
2434 3389 2598 3445 fecit?
2645 3389 2879 3461 Mortuus
2911 3397 2993 3443 est
3022 3403 3117 3457 pro
3144 3400 3213 3441 te.
3265 3386 3399 3455 Quid
3426 3402 3550 3457 pro-

1967 3483 2154 3537 misit?
2201 3480 2271 3537 Ut
2322 3482 2466 3535 vivas
2521 3496 2640 3535 eum
2698 3479 2809 3535 illo.
2856 3478 3223 3534 Incredibilius
3278 3487 3360 3533 est
3406 3476 3548 3546 quod

1968 3581 2208 3627 mortuus
2228 3582 2309 3627 est
2338 3581 2590 3639 aeternus,
2616 3586 2773 3641 quam
2797 3578 2852 3625 ut
2874 3572 2925 3625 iu
2952 3579 3209 3624 :etcrnum
3239 3570 3382 3624 vivat
3401 3584 3545 3624 mor-

1968 3664 2107 3719 talis.
2136 3663 2253 3717 .Iam
2281 3661 2420 3732 quod
2454 3661 2811 3717 incredibilius
2836 3669 2917 3717 est
2944 3668 3205 3715 tenemus.
3252 3658 3304 3714 Si
3330 3668 3547 3729 propter

1969 3753 2240 3808 hominem
2273 3762 2515 3808 mortuus
2542 3762 2623 3807 cst
2654 3752 2796 3807 Deus
2819 3791 2836 3817 ,
2882 3766 2988 3805 non
3015 3760 3098 3805 est
3126 3751 3359 3805 victurus
3383 3750 3546 3803 homo

1967 3861 2087 3901 eum
2144 3846 2291 3900 Deo?
2336 3860 2443 3902 non
2485 3853 2568 3899 est
2614 3843 2851 3898 victurus
2893 3841 3134 3896 mortalis
3176 3843 3231 3919 υ
3260 3850 3541 3907 aeternum,

1968 3949 2183 4013 propter
2206 3954 2364 4011 quem
2396 3946 2637 3993 mortuus
2664 3944 2746 3992 est
2765 3935 2855 4006 qui
2878 3934 3004 3989 vivit
3034 3935 3084 3988 in
3114 3942 3371 3988 mternnm
3392 3933 3415 3987 ?
3436 3932 3545 3990 Sed

1968 4029 2235 4102 quomodo
2256 4038 2495 4084 mortuus
2510 4036 2592 4083 est
2612 4028 2768 4090 Deus,
2784 4034 2837 4081 et
2850 4024 2989 4079 unde
3011 4033 3345 4079 mortuusest
3367 4024 3547 4077 Deus?

1968 4131 2023 4178 et
2046 4130 2220 4192 potest
2247 4120 2379 4174 mori
2411 4118 2594 4174 Deus?
2626 4117 2847 4187 Accepit
2870 4131 2935 4172 ex
2969 4124 3042 4181 tc,
3072 4115 3213 4170 unde
3241 4123 3541 4169 moreretur

1970 4227 2067 4282 pro
2093 4219 2166 4265 te.
2198 4210 2312 4264 Non
2340 4216 2522 4279 posset
2547 4207 2703 4273 mori,
2726 4205 2826 4261 nisi
2853 4220 3014 4270 caro;
3044 4220 3147 4260 non
3177 4214 3355 4274 posset
3386 4204 3541 4270 mori,

1969 4302 2070 4359 nisi
2100 4301 2323 4357 mortale
2352 4314 2545 4371 corpus
2578 4317 2591 4354 :
2624 4298 2794 4353 induit
2819 4312 2878 4353 se
2906 4298 2994 4353 ubi
3021 4312 3117 4367 pro
3149 4307 3199 4352 te
3225 4304 3544 4360 moreretur,

1972 4395 2155 4451 induet
2185 4403 2235 4450 te
2256 4393 2346 4449 ubi
2369 4409 2490 4448 eum
2521 4392 2612 4446 illo
2634 4391 2797 4446 vivas.
2830 4390 2926 4447 Ubi
2952 4404 3010 4444 se
3038 4389 3206 4444 induit
3235 4397 3407 4444 morte
3428 4391 3454 4441 Υ
3483 4389 3540 4443 In

1967 4485 2265 4554 virginitate
2295 4484 2500 4538 matris.
2547 4480 2648 4538 Ubi
2676 4489 2728 4536 te
2758 4480 2942 4536 induet
2979 4480 3119 4535 vita?
3159 4480 3216 4535 In
3248 4479 3548 4550 mqualitate

1967 4577 2160 4633 Patris.
2204 4575 2379 4646 Elegit
2405 4573 2504 4628 sibi
2537 4573 2624 4628 hic
2651 4573 2941 4627 thalamum
2964 4582 3190 4636 castum,
3215 4571 3301 4626 ubi
3323 4571 3549 4641 conjun.

1967 4677 2183 4739 geretur
2231 4679 2458 4736 sponsus
2498 4677 2732 4733 sponsaz.
2773 4661 3007 4718 Verbum
3058 4677 3183 4716 caro
3226 4661 3420 4716 factum
3463 4670 3546 4715 est

1968 4757 2082 4827 (ld.
2115 4775 2152 4824 ι,
2184 4758 2270 4828 14)
2298 4798 2313 4824 ,
2362 4766 2416 4811 ιιι
2447 4756 2599 4811 ﬁeret
2628 4763 2785 4826 caput
2816 4754 3090 4809 Ecclesia).
3139 4753 3368 4807 Verbum
3401 4750 3545 4807 enim

1968 4853 2141 4922 ipsum
2172 4866 2277 4905 non
2302 4859 2384 4905 est
2405 4864 2527 4919 pars
2556 4849 2840 4913 Ecclesia};
2872 4847 2965 4902 sed
2990 4855 3048 4900 ut
3072 4853 3215 4901 esset
3243 4852 3405 4912 caput
3435 4842 3539 4898 Ee-

1968 4944 2173 5008 clesim,
2224 4957 2437 4997 carnem
2486 4940 2792 5010 assumpsit.
2843 4936 3103 5004 Quiddam
3153 4944 3391 4990 nostrum
3432 4933 3552 5002 jam.

1968 5049 2178 5089 sursum
2206 5041 2289 5087 est
2315 5072 2327 5095 ,
2364 5030 2505 5101 quod
2534 5031 2620 5087 hic
2652 5030 2855 5099 accepit
2882 5068 2897 5092 ,
2932 5028 3021 5081 ubi
3048 5034 3290 5080 mortuus
3316 5034 3434 5089 est,‘
3454 5024 3543 5078 ubi

1968 5121 2253 5178 cruciﬁxus
2275 5130 2358 5176 est
2381 5139 2395 5175 :
2416 5121 2524 5191 jam
2552 5120 2791 5190 quamdam
2825 5118 3069 5187 primitia:
3115 5128 3217 5170 tua:
3258 5129 3547 5185 praeesse-

1966 5224 2113 5281 runt,
2140 5224 2194 5269 et
2215 5214 2423 5269 dubitas
2444 5213 2564 5281 quia
2586 5220 2862 5266 secuturus
2888 5209 2979 5263 es!

2037 5306 2091 5363 9.
2121 5304 2284 5378 [rem
2312 5305 2388 5377 7..]
2416 5304 2557 5373 Ergo
2582 5310 2854 5357 convertat
2880 5316 2938 5354 se
2976 5307 3031 5355 et
3059 5301 3126 5353 ad
3153 5306 3358 5352 terrena
3376 5336 3393 5363 ,
3421 5296 3542 5364 quia

1962 5397 2071 5468 jam
2115 5398 2248 5452 dixit
2295 5394 2478 5450 laudes
2519 5392 2837 5448 caelestium.
2903 5389 3131 5443 Laudate
3177 5388 3443 5442 Dominum
3483 5387 3547 5440 de

1968 5499 2121 5544 terra.
2158 5488 2413 5558 Superius
2437 5486 2579 5540 enim
2603 5485 2742 5539 unde
2770 5486 2927 5554 etrapit
2951 5485 2974 5537 ?
3003 5482 3231 5535 Laudate
3254 5480 3531 5536 Dominum

1969 5580 2033 5632 de
2055 5580 2224 5642 (telis;
2246 5587 2299 5633 et
2322 5576 2587 5630 enarravit
2612 5575 2849 5630 emlcstia
2884 5592 2895 5627 :
2922 5573 3078 5627 modo
3101 5572 3223 5626 audi
3245 5569 3540 5625 terrestria.

1970 5711 2044 5821 {est
2073 5712 2269 5819 mss.
2311 5714 2365 5758 At
2399 5705 2539 5767 add,
2572 5703 2837 5756 dilectionis
2867 5710 2911 5755 et
2942 5700 3266 5765 promissionis
3303 5697 3407 5753 Dei.
3450 5706 3539 5752 ἠι-

2036 5806 2055 5832 ,
2080 5806 2171 5819 νιν.
