4080 6462
519 320 545 372 4
556 316 661 373 945

519 430 776 485 Dracones
796 436 841 483 et
856 441 1025 481 omnes
1053 424 1241 496 abyssi.
1272 421 1485 492 Abyssi,
1515 420 1901 492 profunditates
1931 432 2098 488 aqua.

518 537 635 576 rum
664 529 789 577 sunt
819 537 832 572 :
861 519 1026 572 maria
1055 515 1254 581 omnia,
1289 514 1561 568 nubilosus
1588 513 1687 566 iste
1713 527 1805 565 aer
1830 509 1895 564 ad
1928 510 2092 579 abys-

516 628 634 668 sum
665 612 910 683 pertinet.
942 608 1039 665 Ubi
1071 608 1239 663 nubes
1260 648 1275 672 ,
1305 607 1392 662 ubi
1422 606 1585 671 venti,
1614 603 1701 658 ubi
1726 609 2092 671 tempestates,

516 704 607 758 ubi
638 702 854 773 pluviae,
885 700 1283 755 coruscationcs
1306 739 1321 765 ,
1357 696 1609 760 tonitrua,
1640 693 1948 763 grandines,
1981 691 2090 757 nix,

516 807 571 850 et
613 793 865 865 quidquid
895 793 1009 847 vult
1055 792 1193 847 Deus
1230 790 1343 845 licri
1387 804 1547 859 super
1576 796 1745 843 terras
1773 786 1840 841 de
1869 787 1972 840 iStO
1999 784 2098 839 hu-

519 887 665 943 ntido
710 893 765 942 et
802 884 1095 954 caliginoso
1138 898 1260 937 acre
1284 922 1301 947 ,
1352 880 1651 936 totumhoc
1683 888 1837 933 terra:
1880 876 2094 933 nomine

516 979 837 1051 appellavit,
865 978 987 1048 quia
1016 976 1175 1031 nimis
1210 976 1223 1006 ¹
1259 974 1510 1029 mutabile
1538 982 1619 1026 est
1644 982 1801 1041 atque
1829 968 2054 1025 mortale
2079 987 2093 1025 :

516 1071 618 1126 utsi
646 1071 780 1125 forte
803 1068 1000 1139 putatis
1028 1068 1148 1137 quia
1177 1082 1386 1121 sursum
1409 1065 1542 1134 pluit
1561 1063 1749 1118 stellis.
1782 1061 1968 1117 Omnia
1994 1060 2092 1113 ista

516 1163 603 1218 hic
627 1161 760 1216 liunt
788 1176 951 1231 prope
979 1158 1047 1213 ad
1074 1168 1292 1213 terram.
1346 1157 1412 1212 Et
1438 1154 1722 1225 aliquando
1765 1162 1886 1213 sunt
1917 1152 2091 1205 homi-

518 1269 612 1308 nes
637 1253 689 1306 in
714 1251 1079 1307 cacuminibus
1106 1250 1385 1325 montium,
1404 1257 1457 1303 et
1484 1247 1653 1302 nubes
1677 1246 1773 1301 sub
1797 1260 1855 1298 se
1888 1244 2090 1307 vident,

516 1355 572 1401 et
594 1346 726 1399 ﬁunt
752 1346 1063 1415 p‘lcrumqnc
1092 1343 1284 1413 plurim
1316 1358 1329 1395 :
1359 1350 1414 1397 et
1434 1349 1692 1411 apparent
1712 1340 1846 1394 bene
1875 1338 2095 1399 intentis

515 1438 709 1497 omnia
745 1438 877 1499 ista,
925 1452 1043 1505 quae
1080 1433 1390 1505 perturbato
1431 1447 1555 1487 aere
1597 1433 1964 1494 concitantur,
2008 1428 2095 1483 bic

517 1530 629 1583 lteri
658 1529 709 1582 in
738 1528 834 1583 ista
861 1527 1040 1583 mundi
1068 1536 1218 1596 parte
1246 1524 1445 1582 infima.
1474 1524 1759 1593 Pr0pterca
1786 1521 1851 1577 ad
1880 1521 1975 1575 ista
2002 1535 2094 1574 ca-

514 1621 760 1690 liginosa,
789 1619 838 1674 id
866 1628 949 1674 est
968 1618 1034 1673 ad
1063 1620 1201 1673 hunc
1217 1632 1416 1683 aerem,
1443 1626 1688 1686 tanquam
1716 1613 1782 1668 ad
1801 1626 2091 1675 carcerem,

512 1714 795 1768 damnatus
826 1720 908 1767 est
937 1710 1178 1766 diabolus
1203 1752 1217 1775 ,
1245 1709 1313 1764 de
1351 1715 1605 1779 apparatu
1631 1707 1964 1776 superiorum
1994 1706 2095 1758 An-

513 1804 758 1875 gelorum
803 1803 981 1873 lapsus
1017 1816 1137 1856 cum
1189 1798 1391 1869 angelis
1435 1799 1545 1854 suis
1583 1815 1595 1851 :
1630 1812 1752 1851 nam
1806 1794 2093 1865 Apostolus

513 1897 617 1949 hoc
645 1896 711 1949 de
738 1894 826 1948 illo
848 1893 1014 1958 dicit,
1047 1891 1337 1947 Secundum
1364 1888 1641 1960 principem
1671 1886 1932 1957 potestatis
1960 1885 2091 1938 aeris

515 1988 701 2056 ltujus,
743 1986 829 2055 qui
868 2002 999 2039 nunc
1026 1992 1263 2055 operatur
1300 1982 1350 2035 in
1387 1981 1508 2049 ﬁliis
1536 1978 1831 2049 difﬁdentia:
1871 1975 2088 2047 (Ep/tes.

514 2094 550 2131 ll
572 2118 588 2143 ,
617 2077 695 2147 2).
730 2078 794 2129 Et
825 2076 958 2129 alius
991 2072 1264 2145 apostolus
1293 2071 1458 2138 dicit,
1489 2070 1549 2126 Si
1576 2070 1707 2123 enim
1738 2068 1871 2122 Deus
1897 2066 2093 2138 angelis

513 2169 829 2246 peccantibus
855 2183 953 2221 non
980 2166 1220 2235 pepercit,
1239 2162 1325 2219 sed
1341 2161 1622 2217 carceribus
1642 2160 1874 2231 caliginis
1903 2159 2094 2230 inferni

509 2260 792 2323 retrudens,
817 2258 1021 2311 tradidit
1038 2258 1089 2310 in
1104 2256 1305 2325 judizio
1323 2254 1603 2325 puniendos
1634 2254 1823 2308 servari
1854 2251 1916 2323 (Il
1942 2249 2086 2307 Petr.

509 2368 568 2415 tt,
596 2351 650 2421 4)
684 2369 697 2405 :
732 2350 996 2404 infernum
1027 2350 1127 2403 hoc
1152 2348 1425 2420 appellans
1450 2388 1465 2412 ,
1516 2345 1657 2417 quod
1700 2344 1921 2400 inferior
1964 2358 2089 2413 pars

509 2443 692 2497 ιωιιιιάἰ
717 2447 805 2498 sit.
852 2442 969 2497 Noli
997 2441 1138 2496 cuitu
1165 2442 1400 2511 cogitare
1426 2438 1552 2510 quid
1586 2438 1790 2510 accepit
1825 2437 2087 2502 diabolus,

508 2536 604 2603 sed
628 2534 750 2605 quid
780 2533 1026 2605 perdidit.
1058 2532 1243 2589 Omnia
1265 2547 1392 2602 ergo
1420 2532 1519 2586 ista
1542 2531 1729 2586 videtis
1745 2529 1918 2600 qualia
1944 2536 2088 2595 sunt,

508 2626 776 2681 mutabilia
804 2667 818 2688 ,
863 2626 1068 2680 turbata
1090 2666 1106 2691 ,
1140 2623 1394 2678 terribilia
1414 2664 1431 2688 ,
1468 2621 1830 2691 corruptibilia
1864 2637 1877 2673 :
1910 2630 2086 2675 tamen

508 2719 706 2774 habent
728 2718 901 2773 locum
931 2732 1084 2771 suum
1105 2757 1119 2780 ,
1152 2715 1352 2771 habent
1380 2715 1625 2771 ordinem
1654 2729 1831 2777 suum,
1864 2714 2090 2782 implent

506 2821 563 2867 et
606 2811 717 2880 ipsa
758 2810 989 2865 universi
1038 2807 1485 2878 pulchritudinem
1531 2823 1628 2878 pro
1667 2806 1827 2861 modo
1856 2821 1993 2872 suo,
2036 2812 2091 2859 et

507 2901 629 2957 ideo
657 2901 872 2956 laudant
899 2899 1203 2955 Dominum.
1249 2899 1552 2954 Conversus
1576 2913 1706 2969 ergo
1734 2897 1802 2954 ad
1825 2897 1935 2962 illa,
1967 2904 2087 2950 tau-

506 3008 667 3063 quam
692 2992 983 3047 exhortans
1003 3000 1056 3045 et
1074 2991 1183 3060 ipsa
1206 3007 1221 3057 ;
1253 2990 1358 3044 imo
1376 2989 1663 3044 exhortans
1682 3003 1799 3054 nos,
1823 2997 1880 3043 ut
1902 3001 2088 3041 eorum

506 3082 934 3139 consideratione
957 3080 1236 3136 laudemus
1264 3081 1547 3134 Dominum
1575 3079 1675 3152 (sic
1694 3079 1837 3135 enim
1869 3076 2088 3135 laudant

506 3174 674 3229 Deum
695 3214 710 3239 ,
737 3187 858 3227 cum
897 3171 1230 3226 considerata
1264 3171 1476 3240 pariunt
1504 3170 1716 3224 laudem
1744 3168 1895 3238 Dei),
1926 3167 2089 3237 cmpit

505 3265 714 3327 dicere,
751 3262 978 3317 Laudate
1003 3261 1279 3317 Dominum
1302 3262 1365 3317 de
1391 3271 1546 3327 terra,
1575 3261 1818 3316 dracones
1846 3270 1893 3315 et
1918 3276 2090 3314 omnes

506 3355 694 3425 abyssi.
740 3353 1010 3407 Dracones
1036 3353 1175 3407 circa
1205 3366 1399 3422 aquam
1428 3360 1707 3407 versantur
1731 3392 1745 3417 ,
1772 3349 1840 3405 de
1867 3351 2087 3420 spelun.

505 3450 585 3501 eis
623 3445 920 3517 procedunt
943 3487 957 3509 ,
990 3444 1236 3499 feruntur
1264 3444 1327 3498 in'
1350 3458 1476 3500 aera
1504 3460 1519 3509 ;
1545 3443 1843 3498 concitatur
1871 3452 2089 3512 propter

504 3555 599 3595 eos
626 3554 718 3593 aer
747 3556 761 3593 :
790 3553 982 3607 magna
1021 3536 1263 3606 quaedam
1315 3545 1438 3589 sunt
1476 3534 1763 3590 animantia
1801 3533 2086 3597 dracones,

506 3630 708 3699 majora
730 3644 836 3683 non
867 3638 990 3683 sunt
1015 3643 1175 3698 super
1206 3636 1422 3682 terram.
1454 3626 1740 3695 Propterea
1767 3625 1891 3680 inde
1920 3625 2089 3693 cmpit

505 3722 684 3777 dicere
706 3762 721 3787 ,
775 3720 1032 3774 Dracones
1071 3731 1119 3774 et
1142 3736 1314 3773 omnes
1342 3718 1528 3789 abyssi.
1578 3718 1716 3775 Sunt
1753 3727 1931 3774 autem
1962 3732 2088 3786 spe-

505 3815 677 3879 luncae
724 3828 982 3879 aquarum
1027 3812 1304 3869 latentium
1332 3854 1345 3875 ,
1388 3810 1527 3869 unde
1553 3811 1763 3877 fontes,
1815 3811 1955 3866 unde
1983 3811 2083 3868 lluo

506 3828 677 3879 Iuncta
724 3829 826 3879 aqu
896 3828 982 3867 um
1027 3828 1304 3869 tatenttum
1332 3854 1345 3875 ,
1388 3828 1763 3877 unaetontes,
1815 3828 1955 3866 unae
1983 3828 2083 3868 nuo

506 3906 649 3960 mina
680 3828 1019 3975 praetexunt;
1056 3912 1109 3958 et
1145 3904 1247 3957 alia
1275 3902 1603 3972 procedunt,
1655 3910 1709 3956 ut
1738 3900 1904 3961 ﬂuant
1925 3916 2089 3970 super

506 4007 723 4062 terram,
755 3997 856 4050 alia
873 3997 1079 4051 occulte
1098 3996 1280 4051 subter
1302 4004 1430 4051 eunt
1460 4012 1470 4046 :
1502 4004 1555 4049 et
1583 4003 1748 4049 totum
1780 3993 1905 4058 hoc,
1929 4004 2089 4062 atque

509 4091 684 4143 omnis
712 4088 810 4141 ista
839 4087 1053 4141 humida
1077 4096 1263 4141 natura
1290 4102 1546 4157 aquarum
1570 4127 1586 4153 ,
1619 4087 1777 4140 simul
1809 4100 1931 4141 cum
1956 4085 2088 4139 ntari

507 4190 564 4239 ct
593 4181 697 4235 isto
721 4180 903 4233 intimo
932 4194 1076 4245 aere,
1109 4178 1336 4249 abyssus
1364 4179 1442 4233 vel
1476 4178 1653 4250 abyssi
1685 4188 1965 4243 vocantur,
2000 4176 2087 4231 ubi

507 4274 692 4337 vivunt
717 4272 977 4327 dracones
1015 4282 1069 4326 et
1112 4272 1330 4326 laudant
1374 4272 1558 4326 Deum.
1613 4271 1791 4339 Quid?
1837 4280 2089 4340 putamus

507 4366 629 4436 quia
658 4365 853 4421 choros
875 4364 1075 4420 faciunt
1095 4363 1357 4419 dracones
1380 4406 1394 4429 ,
1431 4373 1485 4420 et
1513 4363 1729 4419 laudant
1751 4364 1952 4419 Deum?
1981 4363 2088 4418 Ab-

510 4457 600 4511 sit.
632 4454 738 4511 Sed
766 4469 861 4510 vos
891 4454 1295 4510 considerantes
1323 4454 1587 4510 dracones
1606 4496 1621 4521 ,
1673 4454 1935 4510 attendite
1956 4453 2090 4509 arti-

510 4547 663 4600 lieem
702 4545 1015 4609 draconum,
1047 4555 1343 4601 creatorem
1375 4546 1701 4611 draconum;
1734 4556 1789 4603 et
1828 4561 1948 4601 cum
1994 4546 2092 4601 mi-

509 4637 703 4692 ramini
745 4636 1036 4702 dracones,
1085 4647 1141 4693 et
1176 4638 1389 4705 dicitis,
1431 4639 1648 4709 Magnus
1685 4639 1827 4694 Deus
1854 4639 1943 4709 qui
1978 4640 2093 4695 haec

509 4730 673 4793 fecit,
724 4729 983 4787 dracones
1030 4729 1250 4785 laudant
1291 4731 1454 4786 Deum
1495 4731 1563 4786 de
1602 4732 1823 4787 vocibus
1852 4733 2087 4788 vestris:

511 4821 769 4877 Dracones
792 4830 839 4875 et
863 4838 1033 4876 omnes
1058 4821 1242 4892 abyssi.

582 4913 669 4967 10.
713 4910 881 4984 [item
911 4912 963 4968 8.
992 4912 1198 4985 ]lgnis,
1233 4914 1449 4985 grando,
1493 4917 1599 4979 nix,
1638 4916 1841 4984 glacies,
1889 4916 2093 4987 spiritus

510 5006 834 5076 tempestatis,
863 5021 975 5075 qua:
1005 5008 1199 5078 faciant
1226 5007 1428 5060 verbum
1452 5014 1583 5076 ejus.
1614 5009 1790 5076 Quare
1821 5009 1905 5063 hic
1936 5010 2088 5064 addi-

509 5096 609 5163 dit,
645 5112 758 5165 qua:
787 5097 980 5167 faciunt
1007 5096 1207 5151 verbum
1236 5100 1343 5168 ejus
1364 5100 1389 5152 1’
1412 5099 1557 5154 Multi
1595 5100 1741 5154 Stulti
1770 5116 1873 5155 non
1909 5103 2091 5155 valen-

510 5198 593 5243 tes
620 5188 964 5258 contemplari
995 5197 1047 5242 et
1068 5189 1371 5245 discernere
1398 5199 1694 5245 creaturam
1736 5191 1866 5247 locis
1894 5193 2005 5247 suis
2043 5203 2098 5248 et

509 5282 696 5338 ordine
717 5298 834 5345 suo,
858 5282 956 5338 sub
975 5292 1105 5337 nutu
1130 5294 1183 5339 et
1196 5284 1345 5354 jussu
1374 5286 1461 5341 Dei
1484 5297 1727 5357 agentem
1752 5299 1923 5342 motus
1945 5304 2097 5352 suos,

509 5373 681 5426 visum
714 5382 796 5427 est
816 5373 919 5427 illis
943 5374 1066 5443 quia
1092 5376 1368 5445 superiora
1410 5378 1586 5431 omnia
1631 5377 1769 5432 Deus
1811 5378 2091 5451 gubernat,

510 5464 762 5519 inferiora
776 5480 903 5520 vero
917 5465 1159 5536 despicit,
1179 5468 1379 5537 abjicit,
1394 5469 1609 5535 deserit,
1630 5480 1796 5526 utnec
1811 5484 1956 5528 curet
1974 5475 2094 5540 ista,

510 5572 610 5610 uec
630 5556 908 5623 gubernet,
927 5573 1023 5612 nec
1038 5568 1203 5628 regat;
1218 5559 1310 5613 sed
1326 5561 1535 5616 casibus
1548 5572 1815 5633 regantur,
1831 5565 2097 5635 quomodo

576 5712 593 5783 ξ
613 5712 812 5783 διεῄκδξ.
833 5717 895 5783 “st
914 5710 1048 5769 Μὰ,
1072 5712 1195 5783 quia
1216 5713 1265 5763 in
1295 5713 1419 5764 imis.
1450 5715 1590 5765 Paulo
1616 5724 1719 5778 [ost
1743 5724 1847 5769 Mss.
1877 5718 2099 5783 [.L't‘ique

517 5773 718 5832 habent,
742 5773 861 5823 vluit
882 5786 1073 5823 sursum
1090 5775 1265 5826 stellas.

1743 305 1799 364 S.
1842 302 2204 363 AUGUSTINI
2246 303 2546 361 EPISCOPI

3648 308 3793 364 1944

2207 428 2447 487 ιιοεςιιιιι,
2483 434 2581 488 qua
2614 426 2835 487 possunt
2868 436 2879 471 :
2920 428 2973 472 ct
3022 428 3236 474 movent
3276 419 3396 475 illos
3416 436 3533 490 qua:
3565 422 3580 453 ‘
3608 422 3795 477 dicunt

2204 508 2487 579 aliquando
2508 511 2605 564 sibi
2624 510 2740 581 (sed
2771 527 2873 564 non
2900 511 3076 564 dicant
3098 512 3210 576 tibi,
3232 512 3280 566 id
3299 523 3406 579 est,
3435 530 3502 568 ne
3525 514 3795 569 audiendo

2184 603 2507 679 ‘CmISCttliaS
2528 603 2739 672 quando
2784 604 2882 661 ista
2913 603 3131 661 dicunt:
3160 604 3469 676 blasphema
3490 607 3631 661 enim
3670 616 3791 662 sunt

2206 706 2260 749 ct
2282 696 2628 750 exsecrabilis
2663 697 2824 765 Deo),
2856 697 2910 751 Si
2942 697 3081 751 Deus
3105 697 3333 766 plueret,
3365 698 3621 769 numquid
3645 699 3797 768 pluc-

2207 798 2282 840 ret
2318 787 2368 842 iu
2414 788 2602 842 mare?
2626 788 2827 854 Qualis,
2861 788 3123 857 inquiunt,
3174 789 3539 858 providentia?
3580 790 3793 846 Getulia

2206 878 2337 942 sitit,
2356 889 2408 932 et
2429 894 2574 932 mare
2588 880 2927 948 contpluitur.
2958 883 3123 935 Acute
3148 881 3248 936 sibi
3268 881 3515 937 videntur
3538 893 3790 938 tractare:

2205 969 2395 1037 quibus
2425 968 2704 1023 dicendum
2748 981 2829 1023 est
2871 970 2988 1033 hoc,
3028 969 3236 1027 Getulia
3276 971 3362 1027 vel
3392 971 3541 1036 sitit;
3571 981 3648 1036 tu,
3687 987 3790 1027 nec

2205 1060 2322 1121 sitis
2346 1062 2386 1113 '.
2413 1061 2613 1114 Bonum
2641 1062 2780 1115 enim
2812 1071 2928 1116 erat
2956 1070 3010 1115 ut
3040 1062 3247 1118 diceres
3278 1063 3389 1117 Deo
3420 1080 3432 1116 :
3463 1063 3645 1117 Anima
3672 1080 3787 1117 mea

2206 1150 2336 1204 velut
2366 1160 2498 1203 terra
2526 1151 2632 1203 sine
2657 1168 2789 1222 aqua
2824 1152 2913 1205 tibi
2954 1152 2971 1220 (
3002 1151 3142 1206 Psal.
3166 1168 3325 1214 CXLII,
3357 1153 3448 1224 6).
3484 1154 3635 1219 Quod
3680 1154 3790 1208 alio

2207 1241 2324 1296 loco
2352 1253 2532 1310 aperte
2547 1242 2769 1296 dicitur:
2798 1242 2965 1297 Sitivit
2996 1243 3082 1295 tibi
3097 1244 3267 1296 anima
3286 1260 3418 1309 mea,
3451 1260 3600 1312 quant
3617 1244 3796 1296 multi-

2208 1334 2401 1402 pliciter
2425 1334 2510 1393 tibi
2537 1343 2580 1387 ct
2602 1351 2720 1387 caro
2748 1351 2857 1387 utea
2883 1334 2900 1405 (
2925 1333 3071 1389 Psal.
3105 1350 3229 1397 uti,
3249 1334 3284 1389 2
3304 1335 3344 1404 ).
3371 1336 3433 1387 Et
3457 1335 3708 1390 Dominus
3740 1335 3793 1391 in

2208 1425 2495 1495 Evangelia
2524 1444 2535 1478 :
2568 1426 2707 1479 Beati
2729 1426 2814 1497 qui
2843 1428 3069 1480 esuriant
3095 1437 3140 1481 et
3168 1428 3340 1480 sitiunt
3360 1428 3634 1499 justitiam,
3666 1444 3795 1498 quo-

2206 1518 2341 1581 uiam
2382 1518 2480 1587 ipsi
2514 1518 2873 1572 saturabuntur
2911 1516 3123 1590 (Matth.
3154 1534 3207 1582 ν,
3242 1517 3319 1588 6).
3364 1518 3464 1573 Iste
3497 1520 3637 1573 enim
3682 1520 3797 1588 jam

2204 1618 2471 1664 saturatas
2512 1619 2593 1664 est
2618 1650 2633 1674 ,
2679 1609 2767 1679 qui
2808 1610 2926 1663 talia
2960 1610 3224 1679 disputat;
3270 1610 3420 1680 quasi
3464 1610 3563 1665 sibi
3605 1609 3799 1665 doctus

2205 1701 2433 1766 videtur,
2467 1717 2565 1756 nec
2591 1701 2703 1755 vult
2726 1701 2951 1766 discere,
2983 1702 3101 1757 ideo
3126 1717 3229 1757 non
3267 1702 3397 1756 sitit.
3442 1701 3577 1767 Nam
3602 1703 3647 1758 si
3673 1703 3796 1758 siti-

2205 1805 2305 1859 ret,
2339 1797 2497 1851 vellet
2522 1796 2767 1861 discere;
2797 1803 2849 1851 et
2874 1796 3135 1851 inveniret
3160 1796 3282 1866 quia
3314 1806 3478 1850 totum
3523 1796 3616 1851 Dei
3666 1812 3796 1867 pro-

2207 1888 2437 1943 videntia
2488 1888 2546 1942 lit
2580 1889 2630 1943 in
2670 1897 2847 1953 terra;
2896 1897 2951 1943 et
2997 1888 3281 1944 miraretur
3325 1889 3582 1959 disposita
3628 1890 3798 1944 etiam

2208 1981 2445 2036 membra
2474 1980 2681 2050 pulicis.
2708 1979 2958 2035 Attendat
2984 1980 3230 2037 Charitas
3270 1990 3464 2037 vestra.
3505 1982 3636 2048 Quis
3675 1982 3796 2036 disc

2206 2073 2379 2141 p0stlit
2419 2071 2659 2127 membra
2689 2070 2875 2141 pulicis
2899 2079 2953 2125 et
2978 2072 3182 2139 culicis,
3211 2082 3266 2125 ut
3292 2072 3520 2127 habeant
3548 2072 3796 2129 ordinem

2203 2176 2356 2217 suum
2376 2206 2392 2227 ,
2424 2163 2655 2217 habeant
2692 2163 2853 2217 vitam
2886 2178 3033 2216 suam
3056 2204 3071 2229 ,
3100 2161 3329 2217 habeant
3355 2173 3553 2215 motum
3593 2163 3800 2216 suum?

2203 2253 2374 2309 Unam
2421 2254 2695 2309 bestiolatn
2748 2254 2984 2318 brevem,
3030 2254 3437 2308 minutissimam
3489 2237 3794 2317 considera,

2202 2361 2360 2416 quam
2405 2347 2656 2401 volueris.
2704 2345 2758 2401 Si
2802 2346 3112 2401 consideres
3140 2345 3383 2401 ordinem
3431 2345 3798 2400 membrorum

2203 2436 2368 2507 ipsius
2388 2480 2402 2499 ,
2432 2448 2484 2491 et
2514 2438 2890 2492 auitnationem
2928 2438 3046 2491 vita:
3076 2453 3177 2508 qua
3209 2447 3484 2504 movetur;
3524 2446 3582 2491 ut
3612 2453 3709 2507 pro
3733 2453 3801 2493 se

2202 2530 2331 2601 fugit
2350 2540 2573 2585 mortem
2603 2530 2702 2600 (τι),
2722 2540 2861 2585 amat
2899 2530 3081 2597 vitam,
3112 2532 3312 2601 appetit
3342 2531 3661 2601 voluptates,
3692 2531 3797 2587 de-

2200 2625 2330 2679 vitat
2356 2625 2646 2689 molestias,
2672 2625 2870 2679 exserit
2898 2639 3087 2679 sensus
3103 2624 3365 2688 diversos,
3394 2624 3538 2694 viget
3563 2625 3614 2678 itt
3642 2636 3796 2680 motu

2200 2729 2435 2786 congruo
2452 2716 2551 2770 sibi
2575 2718 2590 2771 !
2622 2716 2749 2783 Quis
2770 2716 2917 2771 dedit
2940 2716 3180 2771 aculeum
3207 2717 3383 2781 culici,
3430 2732 3543 2786 quo
3564 2717 3752 2785 sangui
3768 2745 3790 2756 -

2202 2822 2323 2864 nem
2352 2810 2540 2876 sugat?
2564 2808 2731 2876 Quam
2764 2808 2937 2862 tenuis
2959 2808 3128 2863 fistula
3151 2816 3235 2863 est
3260 2823 3362 2877 qua
3398 2806 3579 2862 sorbet
3616 2809 3631 2861 ι
3661 2806 3797 2874 Quis

2200 2898 2461 2968 disposuit
2492 2898 2777 2969 ista?qnis
2815 2899 2938 2954 fecit
2976 2900 3116 2956 ista?
3156 2900 3473 2969 Expavescis
3530 2900 3583 2954 in
3629 2900 3794 2954 mini-

2201 2992 2302 3046 mis
2325 3008 2340 3056 ;
2362 2991 2513 3046 lauda
2556 3007 2825 3063 magnum.
2858 2991 2967 3045 Iloc
2995 2992 3170 3061 itaque
3200 3001 3399 3055 tenete,
3430 2990 3623 3047 fratres
3643 2992 3747 3046 mei
3771 3008 3791 3056 ;

2202 3097 2360 3139 nemo
2408 3096 2506 3136 vos
2553 3080 2623 3137 de
2672 3082 2774 3137 fide
2805 3083 3064 3150 excutiat,
3117 3092 3171 3137 et
3208 3082 3278 3137 de
3313 3097 3440 3137 sana
3481 3082 3718 3137 doctrina
3744 3082 3790 3135 ³.
3822 3099 3827 3104 ⁷

2200 3172 2300 3239 Qui
2345 3171 2472 3227 fecit
2518 3173 2571 3227 in
2608 3173 2747 3227 cmlo
2796 3173 3064 3241 angelum,
3094 3172 3205 3242 ipse
3242 3171 3367 3228 fecit
3404 3174 3455 3228 in
3495 3182 3633 3230 terra
3671 3189 3793 3227 ver-

2201 3264 2452 3319 ntienlum
2485 3282 2498 3318 :
2527 3263 2619 3319 sed
2649 3265 2894 3335 angelum
2942 3264 2993 3318 in
3024 3264 3161 3319 ctelo
3186 3278 3287 3334 pro
3317 3264 3642 3319 habitatione
3675 3279 3793 3319 ccc-

2201 3354 2343 3419 testi,
2374 3354 2720 3409 vermiculum
2764 3355 2816 3410 in
2849 3363 2988 3410 terra
3030 3369 3127 3425 pro
3153 3355 3478 3411 habitatione
3523 3357 3790 3412 terrestri.

2199 3447 2461 3518 Numquid
2488 3448 2732 3517 angelum
2761 3448 2884 3503 fecit
2912 3463 3100 3517 repere
3138 3448 3191 3503 in
3222 3463 3398 3513 eteno,
3425 3457 3482 3503 et
3520 3450 3783 3503 vermicu-

2199 3540 2306 3594 htm
2339 3540 2390 3594 in
2431 3539 2608 3594 ccclo?
2640 3538 2912 3594 Distribuit
2949 3538 3164 3593 sedibus
3199 3539 3563 3602 habitatores;
3609 3540 3791 3593 incor-

2199 3630 2501 3699 ruptionem
2559 3627 2883 3699 incorruptis
2936 3629 3152 3684 sedibus
3200 3630 3365 3695 dedit,
3419 3632 3787 3699 corruptibilia

2197 3720 2628 3791 Corruptibilibus
2677 3718 2827 3775 locis.
2866 3721 3055 3775 Totum
3106 3721 3341 3785 attende,
3402 3730 3570 3775 totum
3607 3721 3785 3776 lauda.

2198 3811 2297 3878 Qui
2324 3827 2451 3880 ergo
2478 3811 2735 3881 disposuit
2766 3812 3002 3867 membra
3034 3813 3332 3879 vermiculi,
3374 3829 3479 3867 non
3524 3814 3790 3884 gubernat

2201 3902 2412 3958 nubes?
2452 3902 2518 3957 Et
2557 3918 2721 3973 quare
2758 3903 2808 3957 in
2842 3918 2989 3957 mare
3034 3905 3201 3972 pluit?
3236 3905 3394 3972 Quasi
3435 3921 3540 3959 non
3583 3905 3691 3960 sint
3733 3906 3789 3960 in

2200 3996 2353 4057 mari,
2388 4012 2507 4066 qua:
2543 3996 2754 4049 alantur
2783 3996 2995 4066 pluvia;
3027 3998 3177 4066 quasi
3204 4014 3312 4052 non
3342 3998 3412 4051 ibi
3438 3998 3560 4053 fecit
3592 3999 3787 4067 pisces,

2198 4088 2348 4157 quasi
2377 4102 2480 4140 non
2508 4085 2579 4140 ibi
2608 4085 2730 4141 iecit
2755 4087 3023 4141 animalia.
3047 4088 3317 4142 Attendite
3353 4089 3623 4158 quontolo
3662 4102 3782 4143 cur-

2201 4188 2326 4233 runt
2352 4178 2524 4248 pisces
2548 4176 2612 4231 ad
2638 4192 2828 4247 aquam
2872 4176 3100 4232 dulcem.
3130 4177 3197 4231 Et
3221 4192 3406 4247 quare,
3437 4177 3626 4247 inquit,
3656 4178 3787 4247 pisct

2201 4271 2355 4341 plttit,
2385 4280 2439 4326 et
2465 4271 2593 4325 mihi
2620 4268 2906 4341 aliquando
2950 4284 3053 4325 non
3092 4270 3262 4341 pluit?
3293 4269 3359 4325 Ut
3395 4270 3598 4340 cogites
3638 4278 3692 4323 te
3734 4270 3787 4324 in

2200 4363 2416 4433 regione
2457 4375 2577 4417 esse
2619 4360 2839 4427 deserti,
2881 4369 2936 4414 et
2974 4363 3025 4413 iu
3064 4360 3491 4429 peregrinatione
3522 4360 3685 4424 vitat;
3734 4367 3789 4414 et

2199 4460 2495 4507 amarescat
2536 4450 2628 4506 tibi
2663 4451 2770 4504 vita
2804 4464 3060 4520 presens,
3108 4458 3165 4504 ut
3210 4449 3438 4506 futuram
3476 4449 3785 4512 desideres;

2200 4551 2292 4597 aut
2330 4552 2385 4595 ttt
2410 4540 2716 4611 ﬂagelleris,
2761 4550 2816 4596 et
2849 4541 3178 4609 eorripiaris,
3208 4551 3263 4595 et
3303 4541 3609 4610 corrigaris.
3641 4539 3785 4607 Quo.

2202 4632 2360 4687 modo
2383 4641 2561 4687 autem
2587 4632 2855 4687 distribuit
2878 4633 3094 4702 propria
3120 4632 3432 4703 regionum?
3460 4633 3620 4695 Ecce,
3663 4632 3787 4702 quia

2201 4724 2268 4781 de
2296 4724 2504 4781 Getulia
2537 4724 2695 4779 locuti
2722 4738 2925 4787 sumus,
2954 4725 3086 4792 pluit
3112 4725 3196 4780 hic
3217 4740 3383 4794 prope
3432 4726 3576 4780 omni
3620 4739 3786 4791 anno,

2200 4826 2257 4873 et
2283 4817 2427 4870 omni
2449 4831 2590 4870 anno
2610 4815 2701 4870 dat
2722 4814 3042 4871 frumentum
3076 4835 3089 4871 :
3122 4817 3320 4871 servari
3348 4815 3433 4870 hic
3462 4816 3786 4871 frumentum

2204 4924 2308 4963 non
2338 4916 2526 4978 potest,
2550 4908 2656 4962 cito
2680 4908 3074 4977 corrumpitur;
3105 4908 3227 4977 quia
3256 4908 3399 4963 omni
3430 4924 3573 4962 anno
3594 4908 3782 4963 datur:

2206 4998 2298 5061 ibi,
2322 4998 2445 5068 quia
2471 5012 2616 5064 raro,
2636 5007 2690 5052 et
2720 4998 2942 5051 multum
2973 4996 3148 5063 datur,
3182 5007 3235 5053 et
3264 4997 3354 5052 diu
3385 5009 3651 5054 servatur.
3683 4998 3790 5053 Sed

2202 5090 2339 5143 forte
2364 5098 2518 5159 putas
2555 5087 2674 5157 quia
2702 5088 2773 5143 ibi
2797 5088 2995 5144 deserit
3018 5089 3155 5145 Deus
3175 5089 3439 5157 homines,
3465 5101 3556 5144 aut
3578 5107 3685 5144 non
3720 5090 3788 5144 ibi

2204 5179 2495 5234 secundum
2520 5179 2903 5249 iucunditatem
2927 5196 3075 5234 suam
3101 5189 3155 5236 et
3172 5180 3387 5235 laudant
3409 5190 3464 5235 et
3486 5182 3791 5251 gloriﬁcant

2206 5271 2409 5325 Deum?
2442 5271 2796 5342 Apprehcndc
2835 5272 2957 5327 inde
2989 5271 3258 5339 Getulum,
3302 5287 3438 5342 pone
3481 5272 3621 5327 inter
3664 5274 3792 5329 istas

2204 5361 2423 5416 arbores
2446 5376 2723 5428 ammuas;
2753 5360 2933 5432 fugere
2960 5362 3085 5416 hinc
3122 5363 3251 5428 vult,
3286 5372 3341 5416 et
3369 5362 3546 5418 redire
3586 5363 3652 5417 ad
3691 5379 3793 5419 nu-

2269 5475 2286 5504 ι
2307 5479 2382 5521 Er.
2406 5472 2553 5535 Lugd.
2581 5481 2699 5522 Ven.
2721 5481 2773 5523 et
2792 5480 2922 5532 lov.,
2948 5474 3058 5537 qui.
3146 5482 3202 5537 tu.

2267 5537 2287 5603 ξ
2314 5537 2387 5603 sic
2406 5542 2515 5603 Mss.
2532 5542 2586 5584 Al
2602 5542 2698 5583 Am.
2719 5542 2886 5603 et._Er.,
2908 5536 3091 5587 astutia
3112 5536 3229 5597 sitit.
3248 5543 3299 5595 ut
3320 5543 3373 5587 tu
3392 5550 3451 5588 ne
3467 5536 3643 5592 sitires.
3659 5545 3792 5599 μιν..

2205 5596 2389 5644 aetolia
2413 5596 2529 5650 sitit.
2554 5609 2612 5645 ne
2630 5604 2680 5645 tu
2701 5596 2876 5647 sitircs.

2208 5658 2541 5769 “fugique
2565 5665 2693 5721 Mss,
2726 5672 2863 5709 nemo
2885 5658 3011 5710 vobis
3034 5660 3097 5711 de
3123 5658 3223 5725 [ide
3259 5663 3475 5712 excutiat
3504 5676 3674 5713 sanam
3712 5663 3795 5713 do-

2276 5783 2345 5843 (a)
2372 5788 2508 5832 t-‘ertc
2524 5782 2593 5832 sic
2607 5781 2887 5845 legendum,
2912 5797 3008 5846 qua
3021 5791 3232 5837 ametur
3250 5799 3338 5838 uer
3351 5799 3421 5846 se,
3446 5786 3564 5848 facit
3579 5792 3782 5839 mortem
