4038 6500
292 320 457 385 ,1945

300 441 435 503 ,ιιειιιι
457 435 722 492 Gctnliam
741 436 780 488 '.
798 430 1052 489 Omnibus
1076 446 1203 502 ergo
1229 430 1369 491 Deus
1391 432 1540 496 locis,
1563 430 1887 501 regionibus,

316 525 667 597 temporibus,
695 539 790 579 sua
826 540 1049 593 qumque
1089 521 1358 577 distribuit
1404 529 1459 575 et
1500 520 1785 575 ordinavit.
1823 518 1892 571 Et

300 604 529 687 longum
571 624 653 672 est
689 601 1107 670 commemorare
1153 612 1541 683 diligentiorem
1579 609 1888 665 considera-

314 713 511 766 tionem
540 710 777 765 omnium
810 722 1008 763 rerum.
1038 706 1168 775 Quis
1200 706 1342 759 illam
1380 703 1647 774 explicat?
1688 701 1891 758 Tamen

311 801 402 873 qui
441 801 627 855 oculos
657 798 873 861 habent,
915 798 1077 852 multa
1108 797 1176 851 ibi
1214 794 1397 850 vident
1430 812 1443 849 :
1476 808 1594 848 cum
1635 791 1885 856 viderint,

313 891 558 960 placent;
607 903 729 944 cum
768 886 1082 957 placuerint,
1118 884 1428 949 laudantur,
1481 898 1588 936 non
1645 890 1890 950 tanquam

312 982 447 1052 ipsa,
469 979 561 1035 sed
589 979 679 1035 ille
703 978 793 1049 qui
820 977 942 1033 fecit
970 995 984 1033 :
1013 977 1080 1031 ita
1102 974 1278 1031 omnia
1309 972 1598 1029 laudabunt
1619 971 1806 1026 Deum.

383 1074 471 1131 Η.
512 1072 638 1129 Ηωε
661 1069 1005 1127 considerans
1021 1068 1236 1138 spiritus
1257 1065 1556 1133 Prophetze,
1581 1078 1700 1116 eum
1728 1059 1893 1114 dixis-

314 1170 417 1226 set,
463 1160 629 1232 Ignis,
677 1159 894 1231 grando,
926 1160 1036 1223 nix,
1082 1156 1286 1228 glacies,
1312 1155 1519 1224 spiritus
1565 1150 1888 1217 tempestatis,

311 1268 432 1323 qua:
476 1251 654 1305 omnia
704 1250 910 1304 turbata
955 1248 1200 1302 videntur
1238 1243 1551 1315 quibusdam
1594 1241 1789 1306 stultis,
1830 1249 1883 1294 ct

311 1343 462 1410 quasi
482 1340 695 1411 casibus
714 1339 926 1409 agitari,
948 1337 1168 1403 addidit,
1192 1336 1319 1400 Quae
1335 1334 1525 1405 faciunt
1543 1331 1743 1391 verbum
1755 1331 1886 1400 ejus.

310 1435 425 1490 Non
453 1435 541 1487 tibi
572 1448 698 1503 ergo
742 1431 1018 1486 videantur
1054 1428 1264 1484 casibus
1305 1426 1527 1488 moveri,
1568 1440 1687 1495 qua:
1724 1424 1885 1477 verba

310 1526 404 1586 Dei
449 1525 673 1582 inomni
718 1532 863 1579 motu
904 1538 1001 1577 suo
1032 1520 1358 1576 deserviunt.
1405 1518 1522 1586 Quo
1566 1516 1678 1570 vult
1718 1514 1880 1579 Deus,

309 1619 437 1674 illuc
461 1617 597 1687 ignis
619 1619 662 1682 ²,
693 1616 819 1672 illuc
849 1615 1015 1669 fertur
1040 1613 1228 1677 nubes,
1252 1612 1363 1665 sive
1380 1609 1632 1679 pluviam,
1659 1607 1771 1661 sive
1807 1606 1886 1661 ni-

309 1723 452 1771 vem,
481 1706 597 1761 sive
623 1704 933 1776 grandinem
966 1712 1160 1772 portet.
1188 1701 1255 1755 Et
1281 1714 1445 1769 quare
1465 1696 1746 1767 aliquando
1780 1710 1891 1764 per-

306 1799 509 1854 cutiunt
540 1806 771 1851 montem
800 1794 1035 1857 fulmina,
1059 1803 1117 1848 et
1140 1806 1245 1846 non
1268 1789 1566 1860 percutiunt
1590 1787 1890 1842 latronem?

313 1891 699 1961 Quodcumque
750 1902 967 1959 possum
1007 1886 1184 1940 dicere
1213 1898 1308 1953 pro
1328 1891 1483 1951 captu
1513 1879 1707 1936 mentis
1730 1893 1885 1944 mea},

307 1993 560 2052 quantum
627 1984 763 2035 Deus
826 1980 1029 2035 donare
1069 1977 1358 2048 dignatur:
1392 1974 1621 2042 majores
1682 1972 1883 2038 majora

309 2075 571 2139 noverint,
604 2083 659 2129 et
686 2072 913 2141 amplius
956 2069 1284 2139 intelligant;
1329 2075 1382 2123 et
1420 2065 1511 2121 det
1548 2064 1699 2119 vobis
1747 2063 1885 2117 Deus

306 2169 427 2238 plus
451 2182 637 2236 sapere
663 2182 820 2236 quam
847 2164 985 2229 dico,
1016 2173 1188 2216 tamen
1210 2174 1329 2215 cum
1362 2155 1727 2228 temperantia,
1774 2155 1889 2209 sine

308 2258 551 2327 superbia
574 2274 585 2310 :
607 2271 818 2325 possum
837 2270 962 2324 ergo
979 2254 1000 2284 ³
1038 2268 1132 2322 pro
1151 2250 1367 2305 modulo
1383 2263 1502 2303 meo
1535 2246 1713 2302 dicere
1728 2261 1889 2316 quare

309 2349 607 2417 percutiant
626 2356 882 2409 montem,
909 2354 1088 2399 etnon
1112 2341 1412 2412 percutiant
1436 2339 1729 2393 latronem:
1767 2336 1889 2405 quia

308 2440 446 2494 forte
484 2437 662 2491 adhuc
687 2436 905 2492 latronis
953 2433 1355 2491 conversionem
1399 2429 1630 2500 quaerit;
1678 2435 1731 2481 et
1770 2425 1890 2480 ideo

307 2530 602 2599 percutitur
633 2543 788 2583 mons
817 2526 904 2596 qui
934 2540 1036 2580 non
1062 2525 1232 2587 timet,
1259 2532 1318 2578 ut
1346 2529 1583 2577 mutetur
1604 2520 1765 2572 homo
1799 2516 1889 2586 qui

311 2619 483 2675 timet.
516 2616 816 2689 Aliquando
842 2628 895 2671 et
917 2627 993 2683 tu,
1020 2630 1140 2670 cum
1167 2614 1262 2670 das
1287 2610 1645 2681 disciplinam,
1692 2616 1887 2666 terram

307 2714 455 2777 feris,
480 2721 539 2766 ut
563 2713 733 2767 infans
754 2718 1091 2781 expavescat.
1118 2708 1184 2764 Et
1206 2703 1489 2775 aliquando
1513 2702 1635 2759 ferit
1660 2710 1712 2756 et
1732 2714 1887 2770 quem

308 2806 422 2862 vult
447 2805 737 2859 hominem.
763 2803 866 2858 Sed
892 2802 1025 2857 dicis
1043 2801 1173 2856 mihi
1197 2818 1213 2853 :
1242 2800 1381 2854 Ecce
1406 2797 1528 2853 ferit
1560 2794 1889 2851 Innocentio-

308 2915 455 2965 rcm,
485 2906 539 2952 et
574 2896 789 2952 dimittit
833 2894 1245 2951 sceleratiorem.
1294 2891 1410 2946 Noli
1460 2889 1640 2944 mirari
1676 2904 1693 2941 :
1722 2885 1890 2941 unde-

306 3002 533 3057 cumque
576 3000 720 3040 mors
766 2984 853 3054 pio
895 2984 1030 3038 bona
1060 2993 1141 3037 est
1167 2982 1208 3039 ⁸.
1239 2980 1391 3037 Unde
1432 2987 1608 3034 autem
1656 2978 1762 3032 seis
1813 2975 1887 3030 illi

306 3075 658 3141 sceleratiori,
688 3075 730 3129 si
756 3091 814 3128 se
853 3084 1059 3127 mutare
1090 3072 1344 3138 noluerit,
1377 3069 1501 3139 quid
1529 3082 1805 3138 pinnarum
1838 3066 1889 3121 in

305 3166 517 3221 occulto
543 3165 825 3223 servetur?
875 3163 1062 3219 Nonne
1099 3161 1316 3216 mallent
1343 3159 1560 3213 fulmine
1589 3156 1798 3211 incendi
1827 3155 1849 3186 '
1871 3195 1887 3221 ,

304 3257 495 3327 quibus
522 3257 574 3311 in
606 3256 707 3311 fine
734 3257 938 3311 dicetur
970 3273 984 3309 :
1015 3253 1094 3309 Ite
1113 3255 1164 3307 in
1203 3254 1369 3323 ignem
1397 3262 1639 3306 internum
1662 3249 1681 3319 (
1702 3247 1887 3302 Matth.

305 3363 432 3410 xxv,
465 3348 526 3402 Η
556 3346 781 3417 )?Opus
803 3355 884 3400 est
912 3354 968 3400 ut
997 3345 1251 3399 innocens
1280 3344 1374 3398 sis.
1399 3341 1534 3411 Quid
1561 3341 1702 3396 enim
1726 3341 1749 3394 ?
1778 3355 1890 3395 ma-

308 3445 416 3500 lum
466 3453 549 3501 est
578 3445 710 3500 mori
751 3443 1043 3513 naufragio,
1089 3452 1142 3495 et
1184 3440 1381 3495 bonum
1411 3448 1492 3493 est
1535 3436 1668 3491 mori
1700 3435 1890 3489 febre?

306 3538 431 3592 Sive
481 3536 625 3603 inde,
667 3536 778 3590 sive
844 3534 964 3588 inde
1027 3533 1302 3597 moriatur,
1357 3546 1538 3600 quer
1589 3527 1761 3597 qualis
1822 3526 1894 3581 sit

306 3628 397 3697 qui
419 3628 677 3690 moritur;
714 3640 818 3695 quo
848 3633 966 3693 post
1004 3604 1437 3677 mortem‘iturus
1464 3627 1567 3681 est,
1601 3634 1705 3671 non
1753 3615 1892 3671 unde

306 3718 373 3775 de
417 3720 521 3775 vita
591 3718 847 3773 exiturus.
897 3716 1238 3783 Quacumque
1275 3712 1573 3776 occasione,
1618 3709 1739 3763 hinc
1777 3708 1891 3762 exi-

308 3807 409 3863 turi
448 3822 662 3870 sumus,
696 3806 894 3874 Quibus
921 3803 1149 3859 exitibus
1182 3810 1442 3871 martyres
1481 3799 1628 3853 exire
1684 3812 1894 3852 merue-

302 3901 466 3955 rant?
512 3897 764 3967 numquid
820 3895 1096 3962 febribus,
1168 3892 1435 3964 quomodo
1498 3891 1650 3947 multi
1709 3897 1895 3959 optant

310 4002 369 4046 ut
399 3990 548 4047 febre
577 3988 882 4047 solvantur?
911 3988 1014 4042 Alii
1042 4002 1146 4041 uno
1172 3986 1277 4041 ictu
1306 3984 1501 4057 gladii,
1529 3984 1617 4038 alii
1658 3981 1889 4053 ignibus,

306 4083 395 4146 alii
416 4084 622 4138 bestiis.
644 4082 713 4136 Et
728 4082 1114 4136 devoraverunt
1131 4078 1312 4133 bestia:
1333 4091 1557 4146 corpora
1577 4081 1892 4147 martyrum,

302 4187 361 4233 et
388 4190 495 4231 non
536 4175 826 4227 timuerunt
854 4188 921 4227 ne
953 4172 1187 4241 perirent
1206 4184 1430 4240 corpora
1477 4169 1735 4239 ipsorum.
1779 4166 1881 4223 Un-

306 4266 466 4336 dique
486 4264 627 4321 enim
658 4264 797 4317 Deus
829 4262 1045 4317 reducet
1066 4276 1289 4331 corpora
1314 4269 1618 4315 sanctorum
1650 4273 1887 4323 suorum,

307 4360 391 4414 cui
415 4357 591 4426 capilli
614 4356 780 4410 nostri
806 4354 1065 4411 numerati
1085 4362 1208 4408 sunt
1229 4352 1338 4424 (Id.
1372 4368 1426 4414 χ,
1452 4351 1567 4424 30).
1594 4349 1892 4418 thuaodo

307 4449 493 4513 voluit,
523 4455 633 4501 tres
655 4460 850 4517 pueros
869 4445 936 4502 ab
953 4445 1071 4515 igne
1093 4443 1329 4498 liberavit
1360 4441 1521 4513 (Dan.
1548 4457 1623 4505 ιιι,
1645 4439 1738 4506 ει,
1761 4440 1852 4508 95)
1878 4457 1892 4493 :

309 4539 563 4607 numquid
587 4538 705 4594 ideo
726 4536 1058 4595 Machaba‘os
1093 4536 1144 4590 in
1173 4536 1292 4605 igne
1313 4533 1549 4591 deseruit
1568 4532 1632 4601 (ll
1656 4530 1895 4587 Macltab.

310 4629 452 4701 vn)?
481 4629 603 4684 Illos
638 4636 820 4699 aperte
860 4628 1139 4691 liberavit,
1188 4627 1317 4681 istos
1357 4624 1565 4682 occulte
1597 4622 1895 4680 coronavit.

307 4721 467 4778 Novit
507 4721 665 4792 igitur
704 4719 842 4774 Deus
870 4719 995 4787 quid
1024 4728 1163 4788 agat.
1189 4718 1268 4772 'l‘u
1299 4718 1445 4780 time,
1477 4725 1529 4771 et
1558 4715 1729 4769 bonus
1755 4722 1894 4769 esto.

306 4813 689 4882 Undecumque
714 4810 940 4865 voluerit
967 4820 1024 4864 ut
1050 4825 1209 4864 exeas
1232 4809 1374 4871 hinc,
1399 4818 1639 4876 paratum
1663 4816 1715 4862 te
1760 4807 1899 4862 inve-

308 4903 440 4957 niat.
456 4902 741 4971 lnqnilinus
753 4900 891 4955 enim
906 4915 964 4955 es
978 4899 1147 4971 (Psal.
1165 4914 1349 4965 cxvut,
1369 4898 1479 4968 l9),
1497 4911 1601 4951 non
1625 4911 1901 4966 possessor

308 4995 518 5051 domus.
563 4994 759 5049 Locata
805 5002 888 5047 est
936 4992 1077 5047 enim
1143 4991 1234 5044 tibi
1274 4990 1505 5051 domus;
1558 4988 1749 5041 domus
1797 4988 1897 5042 ista

311 5088 403 5142 tibi
433 5088 600 5142 locata
644 5095 745 5151 est,
779 5102 881 5140 non
907 5085 1138 5147 donata;
1166 5083 1265 5137 etsi
1307 5082 1465 5145 nolis,
1505 5080 1759 5151 migrabis
1787 5096 1799 5131 :
1845 5090 1898 5134 et

304 5164 416 5234 non
447 5192 565 5232 eam
596 5177 682 5229 tali
703 5176 1011 5230 conditione
1030 5215 1044 5237 ,
1073 5172 1322 5242 accepisti
1347 5213 1363 5236 ,
1397 5180 1452 5225 ut
1478 5169 1629 5240 quasi
1657 5179 1896 5238 tempora

300 5254 457 5323 icerta
488 5267 578 5321 tibi
603 5267 725 5322 sint.
758 5265 892 5333 Quid
919 5264 1061 5320 dixit
1088 5263 1342 5318 Dominus
1373 5259 1776 5328 tuus?Quando
1804 5275 1899 5314 vo-

370 5400 394 5432 ⁴
420 5406 551 5457 t.ov.,
579 5399 645 5449 ad
663 5398 797 5447 nuda
818 5396 1017 5447 (:etulite
1045 5409 1062 5446 :
1085 5395 1485 5457 dissentientibus
1523 5394 1719 5443 caeteris
1740 5392 1895 5442 libris.

378 5463 401 5493 ¹
425 5467 499 5513 Er.
524 5455 671 5522 Lugd.
698 5468 817 5509 Ven.
854 5467 907 5508 et
926 5467 1057 5519 Lov.,
1076 5457 1190 5507 illuc
1214 5455 1494 5522 lucetignis.
1572 5461 1646 5522 _lt.

302 5526 311 5534 ‘
379 5523 399 5553 ³
431 5513 725 5584 ι.ιιει1.”νειι
749 5555 765 5580 ,
812 5528 971 5570 tamen
1012 5513 1122 5569 cum
1160 5513 1508 5581 temperantia,
1542 5515 1644 5567 sine
1672 5513 1900 5579 superbia

315 5595 504 5647 possum
527 5597 632 5647 ego,
661 5591 756 5632 etc.
854 5589 911 5631 Μ.

380 5646 399 5674 ι
422 5644 747 5702 ιιιεε.,’ὺοιιιιηι
770 5650 857 5693 est.

320 5765 346 5816 ὑ
379 5707 399 5736 ⁸
420 5709 490 5815 Siti
508 5698 609 5757 Mss.
640 5705 749 5755 Fdd.
770 5718 906 5765 vero,
931 5702 1128 5765 fulmine
1154 5702 1343 5753 incendi
1367 5700 1522 5767 potius
1553 5700 1764 5761 interire,
1796 5698 1898 5764 qvi-

351 5782 420 5816 llS.
445 5783 471 5816 ιε
493 5783 536 5816 C.

351 5782 420 5828 us,
445 5776 536 5818 etc.

1326 315 1723 373 ENARRATIO
1760 313 1825 371 ΙΝ
1866 310 2181 370 ΡΒΑιΔιωι
2218 312 2499 369 CXLVIII.

3445 317 3589 375 ιιιιο

1999 426 2164 489 luero,
2196 442 2318 482 cum
2347 427 2555 490 dixero,
2579 426 2780 497 Nigra;
2823 436 3037 495 paratus
3093 437 3232 483 esto.
3272 429 3496 501 Espello
3537 442 3591 487 te

1994 516 2062 572 de
2091 518 2342 588 hospitio,
2369 518 2466 574 sed
2490 518 2629 572 dabo
2654 520 2871 574 domum
2898 536 2911 573 :
2940 519 3228 589 inquilinus
3254 537 3316 576 es
3343 522 3395 576 in
3420 530 3585 589 terra,

1994 609 2101 663 eris
2123 622 2397 678 possessor
2422 609 2477 663 in
2503 610 2661 665 coelo.

2068 699 2153 755 12.
2193 699 2457 770 Quidquid
2508 716 2637 771 ergo
2673 701 2759 755 hic
2786 700 2977 757 accidit
3019 711 3206 757 contra
3255 702 3583 759 voluntatem

1994 801 2251 856 nostram,
2274 792 2527 846 noveritis
2550 809 2653 847 non
2675 793 2938 859 accidere,
2964 794 3062 848 nisi
3078 793 3143 848 de
3164 794 3435 850 voluntate
3463 796 3581 863 Dei,

1993 883 2061 939 de
2082 885 2405 954 providentia
2429 885 2612 954 ipsius,
2629 884 2697 941 de
2725 886 2910 941 ordine
2940 886 3127 956 ipsius,
3151 887 3217 941 de
3242 896 3371 942 nutu
3398 887 3583 957 ipsius,

1994 975 2063 1033 de
2108 976 2309 1046 legibus
2350 976 2516 1046 ipsius
2549 995 2562 1029 :
2594 985 2648 1032 et
2684 976 2728 1031 si
2778 992 2875 1032 nos
2913 993 3019 1031 non
3065 978 3407 1048 intelligimus
3457 978 3584 1049 quid

1995 1083 2160 1136 quare
2190 1068 2297 1134 fiat,
2323 1068 2514 1123 demus
2537 1068 2637 1123 hoc
2668 1069 3016 1138 providentia:
3043 1070 3229 1139 ipsius,
3253 1070 3374 1140 quia
3400 1086 3503 1125 non
3529 1071 3587 1125 fit

1992 1160 2111 1214 sine
2139 1175 2320 1225 causa,
2348 1169 2403 1216 et
2426 1177 2530 1215 non
2558 1162 3045 1230 blaSpbemabimus
3074 1163 3113 1215 ί.
3144 1164 3274 1216 Cum
3306 1163 3446 1217 enim
3472 1179 3586 1219 etn-

1994 1251 2229 1320 perimus
2249 1251 2514 1318 disputare
2543 1252 2608 1308 de
2637 1254 2888 1322 operibus
2910 1253 3023 1315 Dei,
3054 1252 3230 1321 Quare
3257 1253 3378 1318 hoc,
3416 1270 3583 1324 quare

1994 1340 2162 1402 illud;
2190 1350 2263 1407 et,
2301 1340 2415 1395 Non
2437 1342 2618 1396 debuit
2643 1344 2718 1397 sic
2741 1343 2934 1405 facere,
2961 1343 3099 1397 male
3148 1343 3271 1397 fecit
3317 1342 3460 1400 hoc:
3496 1345 3583 1399 ubi

1992 1442 2076 1493 est
2103 1432 2215 1484 laus
2244 1431 2379 1485 Dei?
2406 1432 2687 1487 Perdidiin
2712 1434 2955 1488 Alleluia.
2980 1433 3166 1488 Omnia
3181 1435 3257 1487 sic
3274 1433 3579 1499 considera,

1992 1523 2260 1592 quomodo
2293 1523 2502 1592 placeas
2529 1525 2657 1589 Deo,
2704 1534 2757 1579 et
2811 1525 2996 1579 laudes
3023 1527 3303 1581 artificem.
3346 1526 3487 1592 Quia
3531 1526 3576 1582 si

1995 1616 2221 1673 intrares
2246 1613 2380 1671 forte
2401 1616 2453 1672 in
2481 1616 2744 1671 officinam
2772 1618 2901 1671 fabri
2931 1617 3154 1681 ferrarii,
3202 1634 3306 1672 non
3359 1619 3586 1674 audi-res

1993 1706 2382 1776 reprehendere
2407 1707 2580 1773 folles,
2608 1709 2848 1774 incudcs,
2876 1709 3117 1763 malleos.
3163 1701 3232 1764 Et
3257 1710 3324 1765 da
3363 1711 3578 1778 imperi-

1994 1807 2103 1851 tum
2135 1797 2401 1853 hominem
2442 1797 2766 1852 nescientem
2809 1798 2931 1868 quid
2969 1814 3134 1868 quare
3174 1800 3263 1862 sit,
3305 1809 3358 1853 et
3405 1799 3584 1853 omnia

1992 1888 2354 1958 reprehendit.
2374 1888 2476 1943 Sed
2491 1889 2534 1943 si
2559 1905 2661 1943 non
2680 1890 2873 1944 habeat
2893 1890 3132 1958 peritiam
3153 1890 3390 1952 artificis,
3412 1902 3464 1945 et
3484 1890 3583 1945 ha-

1993 1979 2114 2035 beat
2137 1979 2325 2034 saltem
2362 1979 2844 2062 consderationem
2875 1980 3122 2047 hominis,
3147 1980 3272 2049 quid
3300 1981 3398 2034 sibi
3420 1980 3584 2035 dicit?

1991 2071 2232 2127 Nonsine
2250 2086 2406 2125 causa
2430 2070 2530 2126 hoc
2560 2072 2676 2127 loco
2698 2072 2849 2126 folles
2867 2072 3022 2140 positi
3038 2082 3157 2124 sunt
3177 2088 3191 2136 ;
3212 2071 3399 2126 artifex
3440 2075 3587 2126 novit

1991 2179 2175 2233 quare,
2208 2163 2307 2218 etsi
2337 2178 2437 2231 ego
2458 2177 2563 2217 non
2601 2163 2742 2215 novi.
2773 2161 2828 2219 lu
2874 2161 3083 2215 of‘tieina
3114 2178 3217 2216 non
3260 2163 3420 2217 audet
3443 2162 3585 2216 vitu-

1995 2270 2181 2325 perare
2203 2255 2440 2313 fabrum:
2472 2266 2524 2308 et
2549 2254 2707 2309 audet
2736 2254 3127 2323 reprehendere
3165 2255 3216 2309 in
3245 2252 3345 2308 hoc
3386 2254 3589 2309 nnmdo

1995 2347 2192 2402 Deum!
2224 2347 2382 2416 Ergo,
2412 2347 2857 2416 quemadmodum
2893 2347 3043 2417 ignis,
3075 2347 3291 2416 grando,
3336 2347 3444 2412 nix,
3470 2346 3587 2417 gla—

1992 2438 2108 2502 cies,
2141 2438 2349 2508 spiritus
2378 2439 2704 2507 tempestatis,
2733 2453 2846 2507 qua:
2875 2439 3069 2508 facitmt
3115 2437 3314 2492 uerbum
3343 2437 3487 2508 ejus;
3508 2437 3589 2492 sic

1992 2528 2169 2582 omnia
2191 2544 2311 2598 qua:
2356 2529 2506 2582 vanis
2551 2528 2797 2582 videntur
2839 2529 2890 2583 in
2934 2544 3108 2583 rerum
3152 2538 3335 2583 natura
3386 2538 3588 2583 temere

1993 2618 2105 2672 fieri
2130 2661 2146 2683 ,
2193 2636 2297 2673 non
2351 2620 2548 2674 faciunt
2590 2621 2688 2674 nisi
2724 2619 2943 2675 verbum
2966 2620 3105 2688 ejus,
3159 2620 3412 2690 quianon
3454 2618 3589 2671 fiunt

1992 2712 2093 2765 nisi
2117 2710 2266 2780 jussu
2286 2712 2422 2781 ejus.

2068 2802 2153 2856 15.
2188 2800 2336 2873 [vers.
2361 2800 2541 2872 941.]
2568 2799 2767 2856 Deinde
2790 2800 2939 2866 dicit,
2959 2809 3013 2854 ut
3036 2799 3317 2854 Dominum
3340 2797 3579 2853 laudent:

1993 2892 2194 2946 Montes
2228 2904 2274 2947 et
2304 2910 2474 2947 omnes
2497 2894 2649 2947 colles
2668 2935 2682 2957 ,
2706 2893 2844 2963 ligna
2868 2892 3129 2961 fructifera
3158 2901 3204 2946 et
3233 2908 3404 2946 omnes
3426 2891 3587 2956 cedri;

1994 2983 2162 3037 bustiat
2197 2993 2243 3037 et
2290 2985 2459 3037 omnia
2498 3000 2679 3054 pecora
2703 3024 2718 3046 ,
2749 2983 2948 3054 reptilia
2984 2992 3030 3036 et
3079 2982 3303 3036 volatilia
3342 2991 3583 3051 pennata.

1995 3075 2197 3132 Deinde
2242 3074 2308 3129 ad
2361 3074 2603 3128 homines
2655 3090 2668 3127 :
2709 3071 2872 3143 Reges
2917 3083 3065 3127 teme
3092 3082 3140 3126 et
3169 3088 3340 3126 omnes
3369 3071 3584 3140 populi,

1993 3168 2246 3238 principes
2275 3177 2321 3217 et
2347 3181 2519 3218 onmes
2556 3165 2756 3235 judices
2785 3172 2933 3217 terra:
2958 3180 2978 3228 ;
3013 3164 3223 3231 juvenes
3250 3171 3296 3215 et
3324 3162 3540 3231 virgines
3565 3201 3584 3228 ,

1992 3259 2213 3313 seniores
2241 3274 2354 3309 cum
2371 3256 2661 3326 junioribus
2690 3256 2895 3308 laudent
2922 3271 3098 3308 nomen
3140 3254 3366 3307 Domini.
3399 3253 3586 3323 Expli-

1994 3360 2109 3406 cata
2141 3359 2219 3405 est
2248 3350 2364 3403 laus
2385 3348 2452 3402 de
2478 3347 2638 3411 cmlo,
2667 3346 2927 3416 explicata
2950 3357 3033 3400 est
3054 3346 3165 3399 laus
3195 3345 3261 3398 de
3290 3355 3457 3399 terra.

2071 3444 2137 3497 Μ
2184 3441 2332 3514 [vers.
2365 3439 2475 3512 13.]
2503 3441 2633 3506 Quia
2662 3440 2939 3492 (imitatum
2966 3447 3037 3491 est
3067 3455 3244 3491 nomen
3273 3440 3388 3508 ejus
3407 3438 3584 3492 solius.

1995 3535 2163 3590 Nemo
2216 3533 2493 3587 hominum
2542 3541 2745 3603 qumrat
2788 3531 3022 3585 exaltare
3062 3546 3253 3586 nomen
3296 3547 3468 3585 suum.
3492 3530 3587 3585 Vis

1994 3625 2254 3683 exaltari?
2302 3623 2380 3678 llli
2429 3634 2484 3679 te
2538 3623 2705 3678 subde
2730 3664 2743 3687 ,
2774 3623 2864 3692 qui
2911 3637 3016 3677 non
3049 3630 3225 3691 potest
3264 3620 3528 3676 humiliari
3564 3638 3579 3675 :

1997 3718 2291 3775 Exaltatnm
2315 3727 2387 3771 est
2417 3734 2595 3770 nomen
2621 3717 2732 3785 ejns
2755 3716 2931 3769 solius.

2071 3812 2156 3865 15.
2208 3808 2374 3881 [vers.
2408 3807 2537 3880 14.]
2587 3806 2847 3879 Confessio
2893 3808 3003 3876 ejus
3053 3807 3105 3860 in
3154 3818 3289 3860 terra
3315 3816 3361 3859 et
3389 3804 3517 3859 cmlo
3539 3807 3583 3858 '.

1996 3904 2132 3970 Quid
2184 3912 2294 3967 est,
2346 3902 2603 3972 Confessio
2648 3903 2755 3971 ejus
2802 3901 2856 3953 in
2902 3910 3035 3953 terra
3062 3910 3108 3953 et
3150 3900 3317 3954 celo?
3342 3914 3443 3968 qua
3474 3898 3587 3967 ipse

1998 3995 2323 4050 conﬁtetur?
2373 3993 2523 4056 Non;
2553 3991 2645 4047 scd
2676 4006 2777 4061 qua
2808 3990 2953 4045 illum
2998 3991 3173 4046 omnia
3229 3991 3585 4055 confitentur,

2000 4087 2179 4142 omnia
2224 4087 2457 4140 clamant
2488 4103 2502 4140 :
2534 4083 2769 4137 omnium
2800 4082 3140 4152 pulchritudo
3169 4081 3398 4150 quodam
3427 4080 3588 4135 modo

2001 4194 2099 4234 vox
2126 4194 2310 4233 eorum
2339 4186 2420 4231 est
2451 4218 2465 4241 ,
2519 4176 2886 4229 confitentium
2918 4175 3104 4229 Deum.
3156 4174 3362 4228 Clamat
3390 4172 3585 4228 ccelutn

2002 4271 2113 4325 Deo
2143 4288 2154 4323 :
2188 4270 2266 4322 Tu
2294 4284 2378 4322 me
2409 4267 2574 4321 fecisti
2598 4310 2613 4332 ,
2642 4281 2746 4318 non
2774 4281 2892 4333 ego.
2922 4265 3129 4319 Clamat
3172 4272 3312 4318 terra
3346 4281 3360 4315 :
3392 4263 3469 4318 Tu
3502 4279 3587 4319 me

2000 4361 2304 4426 cnndidisti,
2336 4375 2439 4414 non
2464 4374 2581 4429 ego.
2613 4358 2891 4426 Quomodo
2915 4358 3147 4410 clamant
3194 4355 3330 4409 ista?
3357 4354 3581 4422 Quando

2000 4453 2428 4517 considerantur,
2459 4460 2513 4506 et
2566 4451 2666 4504 hoc
2716 4449 3013 4513 invenitur;
3039 4464 3104 4502 ex
3147 4457 3232 4502 tua
3275 4446 3588 4502 considera~

2005 4546 2147 4599 tione
2170 4545 2422 4607 clamant,
2450 4558 2512 4596 ex
2541 4557 2672 4596 voce
2699 4549 2783 4595 tua
2823 4541 3073 4595 clatnant.
3106 4537 3364 4610 Confessio
3389 4539 3498 4608 ejus
3535 4538 3589 4590 in

2004 4647 2137 4690 terra
2163 4644 2210 4689 et
2236 4636 2381 4688 calo.
2411 4632 2641 4687 Attende
2669 4633 2884 4696 coelum,
2918 4630 3198 4701 pulchrum
3223 4640 3305 4685 est
3328 4647 3343 4695 ;
3376 4630 3591 4685 attende

2004 4738 2218 4792 terram,
2246 4727 2463 4796 pulchra
2502 4734 2586 4781 est
2613 4741 2627 4778 :
2658 4735 2940 4794 utrumque
2961 4725 3118 4779 simul
3141 4723 3291 4778 valde
3313 4723 3588 4792 pulchrum

2003 4828 2107 4873 est.
2134 4818 2248 4888 Ipse
2275 4816 2401 4871 fecit
2421 4858 2435 4880 ,
2466 4817 2580 4885 ipse
2626 4816 2762 4884 regit
2788 4855 2807 4881 ,
2838 4816 3001 4884 ipsius
3032 4824 3158 4868 nntu
3204 4813 3587 4883 gubernantur,

2005 4912 2118 4981 ipse
2149 4910 2342 4980 trajieit
2370 4919 2607 4979 tempora
2637 4949 2651 4971 ,
2683 4919 2952 4964 momenta
3000 4908 3113 4975 ipse
3166 4906 3419 4959 instaurat
3449 4947 3464 4969 ,
3497 4920 3591 4974 per

2004 5006 2236 5073 seipsum
2278 5003 2554 5056 instaurat.
2586 5000 2775 5056 Omnia
2817 5001 2837 5031 ³
2862 5014 2989 5067 ergo
3033 4999 3128 5051 ista
3157 4996 3369 5051 laudant
3400 4998 3547 5051 illum
3570 5041 3587 5065 ,

2005 5095 2117 5149 sive
2144 5094 2194 5146 in
2223 5102 2362 5145 statu
2390 5133 2404 5156 ,
2448 5092 2560 5145 sive
2589 5092 2638 5146 in
2669 5103 2812 5144 motu
2839 5131 2852 5151 ,
2883 5090 2994 5142 sive
3021 5088 3088 5142 de
3129 5098 3268 5142 terra
3294 5088 3545 5142 deorsum
3570 5129 3587 5153 ,

2007 5188 2119 5241 sive
2144 5187 2211 5240 de
2241 5184 2378 5239 coelo
2404 5200 2636 5245 sursum,
2663 5184 2776 5236 sive
2801 5182 2851 5233 in
2882 5188 3163 5243 vetustate,
3196 5178 3307 5235 sive
3335 5179 3386 5233 in
3424 5194 3586 5233 rinio-

2003 5279 2235 5333 mtione.
2253 5276 2385 5332 Cum
2408 5276 2553 5329 vides
2578 5276 2690 5327 haec
2707 5282 2760 5328 et
2779 5272 2998 5342 gaudes,
3013 5280 3063 5326 et
3079 5271 3399 5325 attollerisin
3421 5270 3589 5324 artifi-

2005 5386 2143 5434 cem,
2163 5379 2216 5422 et
2237 5368 2512 5422 invisibilia
2532 5366 2667 5433 ejus,
2684 5380 2780 5433 per
2794 5380 2855 5417 ea
2873 5379 2989 5433 qua:
3008 5363 3141 5418 facta
3161 5372 3305 5428 sunt,
3321 5362 3586 5417 intellecta

2005 5461 2271 5516 conlueris
2290 5460 2462 5529 (Rom.
2482 5473 2519 5519 ι,
2542 5456 2655 5525 20),
2673 5455 2930 5526 Confessio
2953 5456 3065 5523 ejus
3087 5454 3140 5507 in
3167 5462 3299 5508 terra
3315 5462 3360 5507 et
3372 5454 3519 5517 calo;
3536 5453 3587 5508 id

2071 5578 2083 5605 ¹
2115 5581 2162 5621 In
2186 5563 2674 5633 B.,'blasp.'temamns.
2704 5576 2776 5618 Er.
2803 5567 2950 5631 Lugd.
2974 5576 3095 5616 Ven.
3129 5575 3181 5617 et
3205 5574 3334 5627 l.ov.,
3367 5565 3589 5630 blasphe-

2062 5634 2257 5681 '.bimus.
2359 5641 2413 5679 at.

2062 5652 2079 5681 ο.
2123 5634 2133 5643 ’
2245 5670 2257 5681 .
2359 5641 2413 5679 Μ.

2005 5634 2314 5744 mitbiiguftss.
2331 5695 2465 5756 juxta
2485 5700 2611 5740 LXX.
2640 5693 2747 5740 t’dil.
2779 5704 2913 5756 vero,
2938 5690 2985 5739 in
3009 5687 3129 5756 cmlo
3150 5696 3194 5738 et
3212 5687 3263 5737 in
3282 5694 3433 5740 terra.

2076 5761 2094 5791 ³
2117 5764 2249 5819 Mss,
2273 5751 2359 5820 per
2376 5755 2532 5819 ipsum
2551 5767 2725 5803 Ollllltft.
2748 5762 2868 5813 Ergo
2896 5754 2986 5804 ista
3005 5751 3221 5811 laudant,
3248 5760 3346 5801 etc.
