4038 6512
446 314 607 371 19W

462 437 579 494 est,
610 425 882 482 conﬁteris
934 426 982 479 ei
1031 423 1098 479 de
1141 422 1301 477 rebus
1327 420 1574 482 terrenis,
1597 419 1868 474 eonﬁteris
1894 420 1942 474 ei
1982 420 2051 475 de

469 518 631 573 rebus
651 517 977 573 cmlestibus.
1009 515 1076 570 Et
1100 514 1222 584 quia
1254 513 1368 582 ipse
1399 511 1523 565 fecit
1549 511 1752 574 omnia,
1781 520 1835 564 et
1864 511 2053 565 melius

467 609 561 664 illo
604 625 706 664 non
750 619 833 663 est
878 606 1111 677 aliquid,
1157 604 1411 675 quidquid
1440 603 1600 670 fecit,
1633 604 1768 657 intra
1804 601 1879 675 (a)
1906 603 2053 658 illum

465 716 548 754 est
566 717 580 765 ;
595 711 649 755 et
673 698 925 770 quidquid
946 700 996 752 in
1016 697 1100 752 his
1118 697 1211 751 tibi
1231 696 1422 766 placet,
1446 696 1620 749 minus
1641 702 1895 764 estquam
1918 693 2051 762 ipse.

464 792 582 848 Non
609 806 737 861 ergo
759 792 828 845 ita
857 790 949 844 tibi
980 791 1185 860 placeat
1204 788 1343 859 quod
1377 787 1497 842 fecit
1521 827 1537 852 ,
1567 794 1622 840 ut
1651 785 1875 841 recedas
1893 785 1961 839 ab
1988 799 2055 839 eo

462 885 552 954 qui
581 884 733 948 fecit;
776 882 869 938 sed
898 882 943 937 si
977 897 1126 936 amas
1149 880 1289 951 quod
1334 880 1458 935 fecit
1481 921 1496 944 ,
1527 878 1693 933 multo
1732 876 1901 947 magis
1930 892 2053 931 eum

464 977 554 1044 qui
583 975 729 1031 fecit.
761 974 815 1031 Si
851 974 1066 1043 pulchra
1095 983 1220 1026 sunt
1244 987 1362 1042 qua:
1385 970 1527 1035 fecit,
1556 980 1757 1039 quanto
1783 966 2055 1038 pulchrior

463 1078 540 1121 est
566 1069 654 1139 qui
682 1067 847 1122 fecit?
872 1064 1135 1137 Confessio
1160 1065 1269 1137 ejus
1297 1066 1349 1117 in
1376 1072 1507 1117 terra
1538 1071 1584 1116 et
1611 1062 1754 1115 (σξιο.

537 1161 624 1216 16.
665 1161 729 1213 Et
758 1158 998 1214 exaltabit
1024 1174 1183 1212 cornu
1209 1155 1386 1227 populi
1411 1156 1508 1210 sui.
1556 1155 1692 1209 Ecce
1737 1153 1881 1224 quod
1926 1168 2056 1225 pro-

465 1251 755 1320 phetaliant
781 1252 1006 1321 Aggaaus
1044 1260 1098 1303 et
1143 1247 1449 1301 Zacharias.
1490 1245 1647 1300 Modo
1675 1260 1840 1299 cornu
1870 1244 2052 1315 populi

466 1344 633 1411 ipsius
656 1342 852 1395 humile
873 1352 954 1397 est
980 1342 1033 1395 in
1055 1341 1278 1403 trituris,
1311 1340 1362 1393 in
1387 1338 1833 1402 tribulationibus,
1861 1337 1912 1391 iu
1937 1346 2054 1391 ten-

466 1435 755 1488 tationihus
780 1477 795 1500 ,
836 1435 887 1488 in
921 1433 1164 1488 tunsione
1192 1442 1463 1502 pectorum
1501 1448 1515 1485 :
1549 1430 1762 1501 quando
1812 1429 2054 1506 exaltabit

464 1543 621 1580 conm
644 1516 824 1597 βορειιὶ
850 1528 928 1579 sui
945 1527 971 1578 ?
1015 1524 1238 1593 Quando
1268 1523 1475 1581 venerit
1522 1522 1634 1591 ipse
1666 1522 1921 1575 Dominus
1952 1564 1968 1586 ,
1999 1529 2056 1575 et

465 1628 615 1672 ortus
643 1617 800 1672 fuerit
820 1618 897 1671 sol
930 1626 1145 1672 noster:
1177 1630 1281 1669 non
1314 1616 1412 1668 iste
1441 1613 1529 1683 qui
1552 1613 1719 1668 oculis
1748 1612 1976 1677 videtur,
1999 1618 2055 1667 et

462 1711 634 1764 oritur
659 1725 821 1780 super
855 1692 1032 1763 bonos
1056 1717 1109 1763 et
1137 1708 1305 1762 malos
1331 1706 1351 1774 (
1378 1706 1560 1760 Matth.
1606 1721 1659 1770 v,
1694 1704 1800 1776 45)
1823 1722 1836 1770 ;
1869 1704 1961 1759 sed
1988 1704 2055 1759 de

462 1814 570 1869 quo
591 1802 803 1864 dicitur,
848 1798 997 1853 Vobis
1021 1799 1107 1869 qui
1132 1798 1312 1851 timetis
1339 1796 1501 1851 Deum
1530 1837 1546 1863 ,
1578 1796 1768 1851 orietur
1787 1796 1867 1849 sol
1895 1795 2055 1866 justi-

465 1895 551 1947 αὔτε
577 1936 591 1956 ,
619 1903 666 1947 et
695 1895 887 1946 sanitas
912 1892 964 1944 in
994 1891 1172 1960 pennis
1202 1890 1311 1960 ejus
1337 1890 1355 1958 (
1381 1888 1610 1942 Malach.
1645 1904 1694 1941 tv
1717 1929 1731 1953 ,
1763 1887 1838 1960 Ξ)
1865 1904 1878 1952 ;
1909 1898 1960 1941 et
1987 1887 2055 1943 de

464 1999 572 2053 quo
598 1984 786 2037 dieturi
819 1992 942 2036 sunt
966 1981 1177 2050 superbi
1207 1989 1259 2034 et
1288 1980 1430 2048 impii
1456 2021 1469 2043 ,
1496 1977 1721 2049 .Lnstitia:
1749 1980 1915 2031 lunien
1947 1995 2047 2031 non

467 2077 597 2130 lua‘it
640 2076 780 2128 nobis
812 2117 824 2136 ,
856 2085 903 2127 el
949 2073 1031 2126 sol
1070 2090 1168 2126 non
1201 2082 1273 2126 est
1310 2083 1447 2126 ortus
1476 2071 1618 2125 nobis
1661 2074 1678 2141 (
1713 2072 1841 2141 Sap.
1870 2088 1921 2136 v,
1954 2072 1987 2126 6
2013 2076 2053 2142 ).

466 2170 584 2238 Ipsa
613 2169 712 2223 erit
741 2178 896 2220 testas
923 2175 1123 2219 nostra.
1156 2164 1309 2218 Modo
1335 2164 1536 2218 fructus
1576 2163 1968 2231 perhibemqu
2002 2163 2053 2217 iu

462 2259 645 2314 radice
677 2274 779 2311 non
829 2267 1120 2327 apparent;
1163 2255 1394 2309 alti-udis
1436 2254 1586 2324 quasi
1619 2254 1798 2307 aridas
1835 2253 2056 2308 arbores

467 2368 561 2422 per
592 2351 840 2405 hiemem.
874 2350 973 2417 Qui
1006 2365 1110 2402 non
1149 2347 1295 2401 novit
1325 2346 1535 2413 videre,
1568 2346 1770 2399 aridam
1802 2355 1949 2414 putat
1975 2347 2054 2400 vi-

467 2456 574 2500 tem
606 2463 620 2498 :
649 2454 701 2497 et
728 2443 862 2498 forte
887 2443 1035 2512 juxta
1067 2450 1148 2496 est
1190 2457 1307 2510 qua:
1336 2455 1460 2494 vere
1498 2440 1673 2502 aruit;
1704 2439 1905 2493 similes
1933 2448 2056 2493 sunt

466 2535 637 2588 amba:
683 2549 777 2603 per
803 2532 1031 2587 hiemem
1079 2549 1092 2585 :
1142 2532 1227 2585 illa
1259 2530 1388 2584 vivit
1417 2572 1430 2594 ,
1462 2530 1549 2582 illa
1577 2539 1779 2583 mortua
1811 2538 1927 2590 est;
1960 2528 2054 2582 sed

466 2626 609 2679 illius
640 2626 741 2679 vita
765 2634 819 2679 et
848 2625 990 2679 illius
1012 2638 1156 2678 mors
1183 2624 1235 2677 in
1262 2620 1573 2677 abscondito
1596 2630 1677 2675 est
1708 2638 1720 2674 :
1746 2628 1903 2673 aestas
1931 2636 2059 2690 pro~

467 2719 632 2782 cedit,
664 2718 769 2771 vita
803 2716 941 2770 illius
962 2715 1301 2779 clariﬁcatur,
1324 2730 1469 2767 mors
1492 2714 1632 2767 illius
1653 2712 2053 2777 manifestatur;

468 2810 707 2881 procedit
729 2810 900 2863 honor
932 2810 1198 2869 foliorum,
1230 2806 1527 2875 fecunditas
1557 2805 1817 2859 fructuum
1844 2820 1857 2866 ;
1891 2806 2056 2858 vcsti-

469 2912 557 2956 tur
585 2902 705 2954 vitis
737 2902 786 2954 in
821 2900 952 2953 facie
973 2941 986 2962 ,
1015 2915 1077 2952 ex
1107 2915 1171 2951 eo
1202 2896 1339 2965 quod
1379 2894 1539 2950 habet
1590 2896 1639 2948 in
1673 2896 1869 2948 radice.
1919 2895 2057 2963 Erga

465 2992 651 3056 modo,
681 2993 888 3050 fratres,
922 2988 1052 3041 tales
1079 3000 1282 3049 sumus,
1311 2986 1494 3055 quales
1517 2995 1634 3037 sunt
1664 2985 1748 3037 alii
1773 2983 2014 3038 homines
2040 3000 2053 3037 :

464 3083 736 3153 qnmuodn
766 3090 1073 3145 nascuntur,
1098 3077 1413 3133 manducant
1440 3120 1454 3142 ,
1485 3076 1663 3129 bibunt
1692 3118 1705 3138 ,
1731 3075 2053 3141 vestiuntur,

466 3175 768 3242 transigunt
821 3174 981 3225 vitam
1035 3172 1236 3234 istam;
1283 3167 1361 3223 sic
1407 3175 1461 3221 et
1514 3167 1704 3220 sancti.
1760 3165 2057 3236 Aliquando

467 3268 579 3339 ipsa
614 3282 699 3320 res
736 3266 930 3333 deripit
962 3263 1220 3326 homines,
1253 3271 1304 3315 et
1335 3260 1518 3315 dicunt
1546 3276 1560 3312 :
1596 3260 1732 3313 Ecce
1753 3259 1872 3328 quia
1896 3261 2059 3326 cmpit

466 3376 588 3415 esse
632 3360 957 3414 christianos
980 3400 995 3422 ,
1036 3354 1289 3425 numquid
1325 3370 1427 3407 non
1468 3352 1517 3406 ci
1566 3352 1712 3406 dolet
1735 3359 1894 3420 caput
1918 3351 1941 3403 ?
1966 3359 2056 3403 aut

464 3456 585 3523 quia
617 3453 935 3505 christiauus
975 3460 1050 3503 est
1076 3492 1090 3512 ,
1140 3446 1262 3517 quid
1296 3446 1457 3500 habet
1486 3446 1600 3515 plus
1642 3461 1670 3497 a
1701 3444 1825 3497 me?
1849 3443 1892 3497 0
1937 3443 2056 3496 vitis

466 3546 634 3607 arida,
662 3543 889 3597 alti-udis
916 3542 1061 3606 juxta
1094 3550 1142 3592 te
1184 3540 1340 3593 \‘item
1370 3538 1564 3590 undam
1598 3537 1649 3588 in
1682 3536 1928 3598 hiberno,
1962 3534 2054 3588 scd

469 3651 576 3693 non
606 3634 827 3687 aridam.
854 3630 1032 3685 .lEstas
1054 3630 1230 3685 veniet
1258 3629 1296 3693 ί,
1332 3628 1511 3693 veniet
1558 3626 1811 3679 Dominus
1836 3667 1851 3690 ,
1886 3625 2057 3679 honor

468 3737 673 3786 noster.
706 3725 794 3793 qui
819 3723 1015 3777 latebat
1040 3722 1090 3775 in
1124 3720 1339 3786 radice;
1368 3727 1421 3772 et
1467 3726 1590 3771 tunc
1629 3717 1870 3772 exaltabit
1894 3733 2055 3770 cornu

471 3816 648 3887 populi
673 3818 751 3868 sui
781 3857 795 3880 ,
827 3821 947 3883 post
973 3812 1330 3881 captivitatem
1374 3810 1425 3863 in
1458 3823 1559 3878 qua
1604 3807 1899 3862 mortaliter
1926 3806 2046 3861 vivi-

468 3922 608 3961 mus.
644 3904 794 3962 Unde
817 3904 951 3958 dicit
979 3901 1267 3971 Apostolus
1298 3917 1311 3952 :
1344 3898 1518 3953 Nolite
1544 3908 1661 3951 ante
1689 3905 1882 3967 tempus
1903 3896 2055 3966 quid-

466 4014 619 4068 quam
660 3997 898 4068 judicare
920 4037 934 4059 ,
986 3994 1141 4047 donec
1172 3991 1333 4045 veniat
1372 3988 1619 4043 Dominus
1641 4030 1654 4053 ,
1685 3996 1731 4042 et
1760 3988 2058 4042 illuminabit

469 4088 762 4142 abscondita
783 4085 1135 4146 tenebrarum;
1160 4092 1204 4136 et
1225 4092 1342 4135 tunc
1359 4082 1472 4134 laus
1490 4081 1582 4134 erit
1608 4080 1875 4155 unicuique
1897 4096 1929 4132 a
1954 4078 2058 4134 Deo

468 4182 489 4253 (
520 4181 535 4233 l
568 4180 684 4234 Cor.
714 4194 786 4244 iv,
810 4177 910 4250 5).
939 4176 1045 4231 Sed
1075 4174 1210 4229 dicis
1249 4172 1377 4227 mihi
1404 4189 1417 4225 :
1450 4170 1550 4227 Ubi
1578 4180 1659 4225 est
1697 4170 1845 4224 radix
1893 4185 2008 4225 mea
2035 4172 2059 4225 ?

466 4272 559 4330 ubi
586 4279 669 4325 est
691 4269 893 4324 fructus
920 4265 1181 4322 mens?Si
1226 4263 1403 4318 credis
1427 4305 1442 4330 ,
1476 4262 1616 4315 nosti
1660 4261 1747 4314 ubi
1778 4268 1861 4315 0.".
1902 4260 2054 4314 radix

472 4375 580 4419 tua.
609 4364 680 4419 Ibi
702 4371 783 4418 est
803 4362 967 4427 enim,
994 4359 1080 4413 ubi
1111 4366 1192 4413 est
1214 4356 1342 4411 ﬁdes
1363 4364 1472 4419 tua,
1496 4354 1583 4408 ubi
1611 4367 1736 4423 spes
1755 4362 1838 4407 est
1860 4361 1915 4406 et
1931 4352 2061 4407 cita-

471 4456 603 4518 ritas
629 4466 734 4509 tua.
766 4453 899 4507 Audi
944 4450 1256 4519 Apostolum
1289 4464 1302 4499 :
1349 4447 1541 4501 Mortui
1569 4446 1700 4498 enim
1729 4446 1864 4498 estis.
1897 4443 2057 4511 Quasi

471 4561 571 4614 per
599 4544 826 4597 hiemem
850 4540 1044 4594 mortui
1071 4537 1391 4608 apparebant
1416 4553 1430 4600 ;
1458 4535 1578 4590 andi
1602 4536 1722 4604 quia
1742 4534 1926 4588 vivunt
1954 4550 1967 4586 :
1992 4532 2060 4587 Et

470 4636 575 4689 rita
600 4643 762 4687 vestra
790 4631 1084 4686 abscondita
1114 4638 1187 4682 est
1211 4645 1323 4681 cum
1347 4625 1547 4682 Christo
1573 4627 1625 4678 in
1648 4626 1778 4680 Deo.
1805 4626 1941 4678 Ecce
1971 4625 2057 4679 ubi

474 4726 639 4786 habes
688 4722 941 4777 radicem.
999 4719 1222 4788 Quando
1268 4733 1395 4787 ergo
1461 4716 1664 4771 honore
1726 4716 2060 4770 ornaberis?

474 4815 689 4886 quando
718 4813 1085 4869 lceundaberis
1118 4811 1330 4865 fructu“!
1358 4808 1491 4863 Audi
1522 4808 1670 4863 illum
1701 4817 2010 4877 sequentem
2042 4824 2056 4860 :

473 4906 602 4961 Cum
628 4906 860 4961 Christus
887 4903 1202 4974 apparuerit,
1227 4902 1327 4955 vita
1352 4909 1533 4961 vestra,
1564 4908 1681 4953 tunc
1707 4908 1750 4952 et
1780 4914 1865 4951 vos
1893 4915 2061 4967 appa-

475 4998 645 5053 rebitis
672 5013 785 5051 cum
810 4998 921 5066 ipso
950 4996 1000 5049 in
1030 4995 1194 5066 gloria
1220 4992 1451 5063 (Coloss.
1487 5006 1539 5046 ιιι
1561 5032 1577 5059 ,
1609 4993 1674 5056 ὃ,
1702 4988 1767 5062 4)
1821 4989 1886 5043 Et
1916 4990 2062 5043 θεαὶ-

470 5090 597 5144 tabit
622 5104 776 5142 cornu
805 5086 980 5155 populi
1009 5086 1108 5139 sui.

549 5183 637 5237 17.
683 5178 918 5249 Hymnus
967 5176 1197 5231 omnibus
1240 5174 1427 5229 sanctis
1472 5174 1598 5243 ejus.
1650 5173 1887 5243 llymuus
1916 5171 2063 5227 scitis

475 5276 601 5345 quid
633 5274 755 5329 est?
778 5272 980 5327 Cantus
1001 5281 1083 5326 est
1110 5286 1228 5325 cum
1253 5268 1407 5324 laude
1434 5267 1544 5321 Dei.
1575 5268 1629 5320 St
1658 5264 1840 5319 laudas
1873 5266 2059 5327 Deum,

479 5377 535 5422 et
563 5382 667 5421 non
693 5375 894 5428 cantas,
931 5379 1035 5417 non
1065 5362 1199 5415 dicis
1230 5360 1484 5431 hymnum
1515 5373 1528 5410 :
1557 5357 1600 5411 si
1630 5364 1835 5419 cantas,
1866 5363 1919 5408 et
1958 5369 2062 5406 non

482 5459 668 5513 laudas
699 5458 862 5512 Deum
889 5497 903 5520 ,
955 5470 1059 5508 non
1089 5453 1223 5507 dicis
1254 5452 1509 5522 hymnum
1558 5465 1572 5501 :
1618 5446 1663 5501 si
1710 5445 1895 5499 laudas
1922 5443 2064 5499 aliud

526 5633 667 5701 _'_sic
687 5638 791 5701 uss.
815 5637 867 5679 At
887 5628 1016 5701 F4l(l.,
1041 5627 1126 5679 sed
1151 5639 1242 5677 non
1261 5623 1453 5676 arilam
1477 5634 1561 5686 per
1584 5617 1761 5701 llr-statis
1786 5616 1892 5669 vim
1911 5621 1966 5670 Et
1982 5627 2064 5673 oe-

485 5697 583 5751 θύει
602 5697 841 5750 Domitius,
860 5699 957 5740 κιρ.
1324 5716 1325 5719 η
1590 5697 1599 5704 ’
1624 5714 1631 5725 ι

543 5754 615 5814 (υ)
641 5752 786 5803 Forte
800 5787 815 5812 ,
842 5752 986 5817 infra.

1709 308 1766 363 S.
1807 305 2173 366 AUGUSTINI
2212 308 2509 370 EPISCOPI

3609 324 3749 382 I958

2165 425 2306 494 quod
2335 442 2439 481 non
2470 428 2700 497 pertinet
2722 427 2788 483 ad
2819 429 3028 486 laudem
3061 430 3176 498 Dei,
3209 433 3310 489 etsi
3337 436 3605 494 cantando
3624 438 3745 496 lau-

2164 517 2279 580 des,
2308 533 2411 572 non
2437 519 2572 575 dicis
2593 519 2867 591 hymnum.
2902 521 3141 594 Hymnus
3165 540 3292 596 ergo
3313 527 3411 581 tria
3438 528 3536 583 ista
3566 530 3743 597 habet,

2163 617 2217 663 ct
2245 619 2480 677 cantum,
2508 622 2559 666 et
2585 611 2820 679 laudem,
2847 622 2902 667 et
2932 615 3046 669 Dei.
3093 614 3234 673 Laus
3259 633 3389 688 ergo
3416 619 3506 674 Dei
3536 619 3588 675 in
3618 636 3748 676 can-

2162 700 2288 766 tico,
2318 699 2548 774 hymnus
2571 702 2785 757 dicitur.
2814 704 2951 772 Quid
2982 713 3239 777 estergo,
3268 707 3502 780 Hymnus
3518 712 3749 768 omnibus

2159 790 2348 844 sanctis
2375 792 2527 862 ejus?
2552 793 2827 864 Accipiant
2853 797 3022 851 sancti
3066 797 3181 867 ejus
3228 798 3481 870 hymnum
3506 842 3520 866 ,
3570 802 3747 858 dicant

2158 881 2326 935 sancti
2377 882 2494 951 ejus
2526 882 2819 955 hymnum;
2858 887 2977 957 quia
3022 886 3126 942 hoc
3173 898 3257 944 est
3307 891 3447 960 quod
3478 896 3744 962 accepturi

2159 981 2281 1026 sunt
2300 972 2350 1027 in
2364 972 2488 1037 ﬁne,
2509 974 2762 1046 hymnum
2791 978 3196 1047 sempiternum.
3226 979 3349 1035 Ideo
3364 983 3468 1036 alio
3488 982 3604 1038 loco
3621 984 3749 1038 dicit

2161 1063 2417 1133 psalmus,
2440 1064 2760 1133 Sacrificium
2779 1067 2943 1122 laudis
2966 1069 3264 1139 gloriﬁcabit
3282 1088 3394 1137 me;
3417 1081 3460 1125 et
3480 1073 3549 1125 ibi
3576 1083 3649 1127 est
3670 1075 3747 1128 via

2157 1168 2259 1222 qua
2286 1154 2546 1207 ostendam
2576 1155 2654 1208 illi
2677 1158 2901 1211 salutare
2924 1174 3088 1211 meum
3121 1159 3289 1227 (Psal.
3316 1177 3464 1228 xux,
3491 1162 3586 1232 9.5)
3620 1180 3634 1214 :
3666 1171 3741 1229 et,

2161 1243 2304 1299 Beati
2330 1247 2416 1317 qui
2444 1248 2670 1301 habitant
2695 1250 2746 1302 in
2785 1249 2936 1303 domo
2980 1261 3065 1304 tua
3090 1267 3110 1315 ;
3147 1252 3199 1304 in
3230 1254 3419 1307 sa'eula
3447 1254 3748 1308 swculorum

2159 1336 2436 1391 laudabunt
2458 1347 2505 1392 te
2527 1341 2542 1406 (
2566 1337 2711 1394 Psal.
2740 1356 2963 1405 Lxxxm,
2992 1339 3081 1411 5).
3109 1342 3219 1397 lloc
3246 1352 3348 1407 est,
3378 1344 3612 1415 Hymnus
3635 1363 3743 1399 om-

2159 1428 2304 1483 nibus
2330 1432 2519 1485 sanctis
2546 1433 2678 1502 ejus.
2706 1432 2804 1500 Qui
2830 1442 2955 1487 sunt
2980 1436 3146 1489 sancti
3173 1435 3327 1505 ejus?
3354 1436 3403 1489 F
3404 1438 3504 1491 iliis
3534 1437 3701 1492 Israel
3727 1481 3744 1506 ,

2160 1521 2347 1591 papula
2398 1523 2831 1593 appropinquanti
2878 1524 2992 1578 sibi.
3040 1524 3207 1580 Nemo
3260 1526 3405 1581 dicat
3438 1546 3451 1581 :
3482 1528 3599 1582 Non
3629 1543 3744 1584 sum

2161 1612 2302 1666 ﬁlius
2329 1612 2511 1668 Israel.
2555 1614 2631 1669 Ne
2679 1615 2874 1683 putetis
2917 1616 3131 1671 Judaaos
3159 1616 3296 1673 ﬁlios
3321 1617 3482 1673 Israel
3512 1635 3633 1675 esse
3658 1663 3673 1685 ,
3694 1630 3746 1675 et

2160 1717 2261 1757 nos
2292 1719 2395 1757 non
2428 1719 2546 1758 csse
2593 1704 2731 1759 ﬁlios
2760 1706 2919 1760 Israel
2948 1723 2963 1760 :
2994 1707 3165 1761 audeo
3193 1708 3343 1763 vobis
3388 1710 3567 1766 dicere
3593 1753 3608 1776 ,
3637 1710 3745 1766 fra-

2162 1803 2271 1847 trcs
2302 1794 2439 1859 mei;
2471 1794 2541 1847 illi
2566 1811 2668 1849 non
2699 1805 2843 1861 sunt,
2875 1807 2929 1851 et
2956 1814 3051 1852 nos
3079 1814 3284 1855 sumus.
3315 1800 3505 1855 Audite
3534 1818 3703 1872 quare
3729 1822 3743 1859 :

2159 1886 2281 1955 quia
2312 1886 2481 1955 major
2509 1896 2593 1941 est
2637 1899 2792 1943 natus
2818 1889 3110 1943 secundum
3160 1892 3439 1959 spiritum,
3472 1909 3631 1962 quam
3656 1910 3747 1947 na-

2162 1983 2247 2029 tus
2276 1974 2568 2029 secundum
2597 1991 2834 2031 carnem.
2881 1977 3032 2034 Unde
3078 1979 3281 2035 Israel?
3321 1981 3395 2035 Ex
3439 1982 3743 2049 Abraham;

2160 2068 2280 2137 quia
2307 2067 2449 2122 Isaae
2471 2083 2533 2123 ex
2559 2068 2853 2129 Abraham.
2875 2069 3033 2124 Israel
3056 2087 3122 2125 ex
3146 2071 3307 2126 Isaac.
3332 2073 3613 2140 Quomodo
3642 2075 3747 2144 pla-

2161 2162 2269 2216 cuit
2293 2162 2402 2216 Deo
2438 2162 2751 2216 Abraham?
2775 2162 2999 2216 Credidit
3028 2173 3195 2218 autem
3238 2165 3493 2218 Abraham
3535 2165 3676 2231 Deo,
3703 2176 3749 2221 et

2161 2253 2453 2323 deputatum
2479 2264 2550 2307 est
2584 2254 2661 2308 illi
2686 2254 2754 2306 ad
2767 2255 3023 2324 justitiam
3049 2255 3067 2326 (
3094 2254 3243 2309 Rom.
3276 2273 3352 2323 Iv,
3382 2257 3416 2312 ὅ
3436 2257 3475 2329 ).
3500 2258 3748 2329 Quisquis

2161 2342 2395 2398 imitatus
2423 2344 2575 2398 fuerit
2605 2344 2870 2398 Abraham
2898 2388 2911 2410 ,
2942 2344 3082 2399 ﬁlius
3105 2356 3185 2399 est
3208 2348 3433 2399 Abrahaz
3464 2365 3476 2400 :
3504 2349 3744 2417 quisquis

2160 2436 2560 2507 degeneraverit
2601 2452 2631 2491 a
2678 2436 2780 2491 ﬁde
2827 2438 3125 2499 Abraham,
3160 2439 3389 2506 perdidit
3434 2442 3742 2509 progeniem

2161 2529 2413 2584 Abrahae.
2439 2529 2607 2584 Judaei
2628 2529 3115 2600 degeneraverunt;
3142 2532 3483 2595 perdiderunt
3513 2550 3527 2585 :
3559 2532 3745 2587 imitati

2159 2638 2346 2677 smnus
2396 2637 2527 2688 nos;
2560 2622 2886 2676 invenimus.
2916 2622 3050 2676 Audi
3088 2623 3208 2690 quia
3238 2623 3312 2676 illi
3364 2623 3745 2692 perdiderunt:

2160 2714 2284 2783 quid
2336 2714 2439 2768 illis
2490 2714 2617 2768 dicit
2663 2714 2918 2769 Dominus
2981 2713 3279 2768 dicentibus
3321 2757 3335 2779 ,
3410 2714 3533 2768 Filii
3577 2732 3749 2769 sumus

2159 2806 2378 2861 Abraha:
2398 2807 2423 2859 ?
2457 2807 2583 2862 Ausi
2609 2817 2730 2861 sunt
2756 2816 3026 2861 ostentare
3056 2822 3114 2861 se
3138 2849 3153 2871 ,
3185 2816 3238 2861 ct
3263 2807 3466 2874 erigere
3487 2808 3748 2863 cervicem

2159 2897 2226 2953 de
2255 2899 2535 2952 nobilitate
2559 2899 2771 2968 generis
2796 2898 2957 2967 justi;
2982 2907 3035 2952 et
3061 2899 3184 2968 quid
3231 2899 3337 2952 illis
3366 2899 3620 2953 Dominus
3643 2901 3666 2957 ?
3692 2900 3750 2954 Si

2160 2991 2257 3058 lilii
2296 2990 2514 3044 Abraha:
2559 2992 2730 3044 essetis
2755 3033 2767 3050 .
2802 2995 2938 3060 facta
2991 2991 3209 3044 Abraha!
3255 2992 3497 3062 fecissetis
3544 2992 3747 3059 (Joan.

2160 3096 2270 3141 vui.
2301 3081 2387 3143 35,
2423 3080 2548 3149 39).
2580 3079 2636 3134 Si
2666 3096 2792 3151 ergo
2823 3079 3168 3151 perdiderunt
3199 3081 3294 3150 ipsi
3322 3082 3462 3151 quod
3494 3083 3583 3136 lilii
3629 3090 3751 3137 suat

2162 3169 2408 3232 Abrahm,
2434 3169 2732 3224 invenimus
2772 3186 2868 3225 nos
2894 3179 2952 3224 ut
2980 3170 3071 3224 ﬁlii
3116 3172 3288 3225 simus
3327 3172 3575 3227 Abrahae.
3620 3170 3749 3228 Cre-

2164 3261 2342 3317 deadn
2370 3263 2567 3332 quippe
2593 3262 2892 3317 invenimus
2916 3263 3054 3332 quod
3089 3262 3161 3317 illi
3186 3278 3290 3316 non
3321 3263 3591 3317 credendo
3616 3265 3752 3318 ami-

2159 3364 2343 3409 serunt
2365 3372 2379 3409 :
2398 3355 2519 3424 quia
2541 3354 2749 3408 credidit
2769 3355 3020 3408 Abraham
3045 3353 3175 3422 Deo,
3199 3365 3245 3408 et
3265 3355 3558 3424 deputatum
3582 3368 3656 3411 est
3677 3357 3753 3412 illi

2159 3446 2504 3516 adjustiliam.
2523 3446 2778 3499 lltsemen
2800 3445 3023 3499 Abraha:
3045 3444 3287 3501 Christus
3308 3445 3502 3515 (σαῖσι.
3527 3464 3603 3510 tu,
3630 3448 3744 3518 16),

2160 3549 2211 3593 et
2244 3540 2295 3592 in
2325 3539 2536 3592 Christo
2557 3555 2652 3591 uos
2677 3554 2892 3606 sumps;
2923 3547 2977 3593 et
3001 3554 3064 3593 ex
3099 3537 3258 3593 Israel
3281 3540 3528 3609 populus,
3559 3540 3626 3595 de
3647 3556 3750 3611 quo

2163 3631 2356 3699 populo
2385 3629 2571 3694 Maria,
2603 3628 2670 3683 de
2700 3645 2801 3698 qua
2825 3630 2987 3683 Maria
3015 3629 3257 3684 Christus
3277 3673 3291 3696 ,
3325 3632 3376 3683 in
3405 3647 3512 3700 quo
3538 3631 3752 3686 Christo

2163 3738 2258 3776 nos
2283 3739 2295 3775 :
2317 3735 2445 3789 ergo
2475 3721 2567 3774 lilii
2597 3719 2754 3775 Israel
2779 3736 2895 3775 uos.
2920 3721 2987 3775 Et
3010 3721 3278 3791 quomodo
3301 3721 3523 3787 addidit,
3557 3732 3614 3777 ut
3638 3723 3750 3779 dis-

2160 3823 2403 3868 cerneret
2435 3812 2569 3866 nos?
2591 3812 2741 3866 Filiis
2769 3811 2952 3877 Israel,
2978 3814 3169 3884 populo
3186 3816 3615 3884 appropinquanti
3636 3816 3748 3869 sibi.

2161 3904 2433 3958 Attendite
2456 3903 2671 3958 Indicos
2696 3921 2709 3957 :
2733 3904 2776 3958 si
2802 3904 3155 3974 propinquant
3180 3947 3195 3969 ,
3228 3904 3325 3976 ipsi
3353 3914 3496 3959 sunt.
3522 3906 3590 3960 Et
3617 3903 3753 3962 forte

2163 3999 2537 4068 propinquant,
2571 3997 2697 4051 dicit
2726 3996 2852 4050 mihi
2882 3997 3073 4066 aliquis
3102 4014 3115 4049 :
3146 3997 3380 4067 quotidie
3409 4010 3462 4052 et
3489 3998 3586 4068 ipsi
3621 4013 3751 4054 cau-

2163 4098 2269 4142 taut
2302 4088 2564 4158 psalmum
2596 4129 2610 4154 ,
2643 4096 2698 4141 et
2735 4097 2949 4142 cantant
2981 4086 3207 4159 hymnos
3246 4088 3360 4141 Dci.
3402 4087 3519 4142 Non
3560 4088 3751 4143 auditis

2161 4181 2284 4250 quid
2313 4181 2389 4234 eis
2418 4180 2557 4233 dixit
2601 4178 2903 4250 propheta?
2935 4177 3165 4248 Populus
3202 4179 3283 4231 hic
3309 4178 3455 4231 labiis
3481 4196 3562 4232 me
3589 4179 3751 4231 hono-

2161 4280 2274 4333 rat;
2304 4286 2391 4323 cor
2419 4280 2586 4322 autent
2614 4286 2788 4323 eorum
2819 4270 2967 4339 longe
2990 4278 3061 4321 est
3087 4285 3118 4320 a
3144 4285 3221 4321 me
3247 4268 3266 4340 (
3288 4267 3410 4321 lsai.
3445 4284 3589 4334 nix,
3618 4269 3685 4323 15
3708 4269 3747 4339 ).

2161 4361 2218 4417 Si
2249 4361 2458 4419 illorum
2486 4376 2581 4414 cor
2607 4362 2761 4430 longe
2789 4368 2869 4414 est
2896 4402 2909 4425 ,
2941 4368 3181 4413 nostrum
3210 4370 3387 4413 autem
3432 4375 3528 4413 cor
3570 4360 3750 4429 proxi-

2164 4477 2307 4516 mum
2338 4470 2453 4527 est;
2483 4459 2604 4530 quia
2635 4458 2905 4514 credimus
2930 4499 2944 4524 ,
2978 4457 3099 4528 quia
3127 4471 3405 4527 speramus
3433 4498 3447 4518 ,
3476 4454 3600 4525 quia
3628 4453 3749 4509 dili-

2162 4553 2334 4620 gimus
2355 4593 2369 4613 .
2401 4551 2521 4621 quia
2552 4549 2766 4604 Christo
2812 4549 3045 4619 adjuncti
3094 4563 3278 4603 sumus
3301 4590 3316 4613 ,
3356 4547 3477 4617 quia
3512 4546 3751 4603 membra

2164 4642 2329 4711 ipsius
2359 4641 2477 4695 facti
2522 4656 2706 4695 sumus
2739 4659 2751 4696 :
2799 4638 3062 4710 numquid
3101 4639 3337 4694 membra
3371 4639 3528 4709 longe
3571 4646 3695 4692 sunt
3720 4653 3749 4691 a

2164 4733 2375 4802 capite?
2401 4733 2456 4787 Si
2483 4743 2662 4787 essent
2694 4733 2866 4801 longe,
2891 4742 2944 4786 et
2964 4730 3130 4786 divisa
3159 4741 3356 4796 essent,
3388 4747 3492 4784 non
3522 4732 3748 4785 diceret:

2165 4826 2301 4879 Ecce
2327 4842 2417 4895 ego
2445 4825 2694 4879 vobiscum
2730 4842 2840 4878 sum
2867 4841 3023 4894 usque
3051 4825 3119 4876 ad
3144 4824 3625 4876 consummationem
3655 4838 3751 4876 sa:-

2164 4917 2266 4970 culi
2298 4915 2521 4987 (Matth.
2556 4932 2736 4978 xxvm,
2769 4916 2839 4971 ΞΟ
2862 4915 2904 4986 ).
2933 4914 2987 4970 Si
3031 4925 3273 4982 separata
3313 4923 3512 4978 essent,
3545 4930 3649 4966 non
3688 4912 3750 4967 de

2165 5011 2302 5066 caelo
2327 5010 2525 5065 diceret
2554 5026 2567 5062 :
2600 5010 2777 5072 Saule,
2810 5006 2998 5072 Suule,
3030 5006 3151 5078 quid
3176 5023 3253 5058 me
3279 5006 3587 5075 persequeris
3621 5005 3749 5075 (Act.

2168 5116 2247 5165 ix,
2276 5100 2385 5171 4)?
2412 5098 2465 5154 Si
2498 5114 2601 5153 non
2643 5100 2695 5153 in
2722 5096 2874 5152 nobis
2904 5108 3042 5151 esset
3073 5139 3086 5161 ,
3117 5113 3221 5150 non
3244 5095 3481 5161 diceret,
3515 5095 3714 5152 Esuriri
3734 5136 3749 5159 ,

2168 5199 2212 5245 et
2260 5190 2466 5244 dedistis
2518 5190 2640 5242 mihi
2693 5187 3000 5241 manducare
3048 5204 3066 5241 :
3115 5198 3169 5243 et
3205 5203 3323 5241 cum
3357 5187 3598 5241 dicerent
3641 5187 3752 5251 illi.

2172 5284 2387 5350 Quando
2413 5292 2459 5336 te
2487 5282 2699 5335 vidimus
2724 5280 3066 5335 esurientem?
3097 5281 3367 5349 respondit
3385 5322 3399 5344 ,
3424 5279 3551 5334 Cum
3580 5281 3670 5333 uni
3694 5295 3754 5332 ex

2169 5375 2391 5429 minimis
2413 5375 2533 5427 meis
2562 5373 2771 5446 fecistis,
2803 5372 2927 5425 mihi
2956 5372 3142 5444 fecistis
3190 5370 3417 5442 (Matth.
3472 5387 3597 5437 xxv,
3646 5370 3713 5424 55
3736 5410 3750 5431 .

2171 5468 2260 5531 57,
2295 5465 2418 5538 40).
2447 5464 2588 5520 Ecce
2616 5464 2840 5535 populus
2865 5504 2882 5530 ,
2929 5478 3054 5518 ecce
3083 5462 3515 5535 approlinquans
3558 5461 3750 5525 lsrael;

2171 5567 2370 5615 etcum
2394 5558 2486 5614 illo
2515 5556 2675 5611 modo
2700 5571 2816 5627 spe,
2851 5563 3031 5626 postea
3055 5570 3114 5609 re
