4080 6478
361 303 506 384 m9

363 426 1930 450 _________________________.

788 511 870 574 ιΝ
910 471 1285 572 PSALMUM
1325 507 1583 570 cxux

945 628 1357 686 ENARIlATIO.

877 761 1047 803 Sl-ZBIO
1074 763 1140 802 AD
1165 760 1422 802 POPULllI.

440 863 492 917 l.
521 857 690 934 (vers.
718 857 810 932 l.]
838 859 1136 916 Laudemus
1162 857 1440 912 Dominum
1470 853 1594 908 etin
1617 865 1747 905 voce
1765 890 1782 917 ,
1806 857 1858 903 et
1884 849 1936 904 in

365 949 661 1014 intellectu,
689 962 740 1005 et
765 949 814 1004 in
835 965 996 1019 opere
1026 948 1198 1013 bono;
1223 957 1274 1002 et
1299 947 1433 1000 sicut
1459 959 1555 997 nos
1583 942 1822 994 hortatur
1841 937 1939 992 iste

363 1042 624 1110 psalmus,
655 1049 928 1095 cantemus
954 1039 1001 1094 ei
1023 1039 1283 1093 canticum
1312 1050 1524 1090 novum.
1557 1032 1646 1088 Sic
1667 1030 1808 1086 enim
1829 1042 1938 1084 etn-

365 1132 442 1201 pit
477 1150 490 1184 :
521 1132 734 1186 Caritate
771 1129 988 1184 Domino
1021 1131 1276 1182 canticum
1317 1143 1514 1181 novum.
1547 1123 1709 1177 Vetus
1742 1121 1935 1184 humo,

351 1215 522 1277 vetus
550 1225 810 1276 canticum
845 1239 859 1276 :
893 1236 1060 1274 novus
1087 1220 1265 1286 homo,
1295 1231 1488 1272 novum
1516 1213 1798 1269 canticum.
1835 1209 1938 1263 Ve-

364 1325 451 1368 tus
479 1313 896 1376 Testamentum,
919 1323 1069 1368 vetus
1085 1314 1345 1367 canticum
1371 1327 1384 1365 :
1406 1309 1609 1364 Novum
1632 1305 1940 1362 Testamen-

349 1409 502 1472 tum,
531 1421 727 1460 novum
753 1407 1036 1461 canticum.
1063 1404 1119 1460 lu
1145 1403 1318 1459 Veteri
1349 1402 1686 1457 Testamento
1717 1395 1941 1466 promis-

361 1498 546 1555 sioncs
585 1508 708 1554 sunt
757 1499 1073 1569 temporales
1099 1505 1153 1552 et
1181 1506 1422 1552 terrenae.
1453 1493 1700 1564 Quisquis
1729 1501 1938 1546 terrena

362 1591 558 1664 diligit,
589 1601 740 1647 vetus
764 1591 1027 1647 canticum
1065 1599 1242 1646 cantat
1266 1607 1280 1645 :
1309 1587 1397 1660 qui
1436 1588 1546 1641 vult
1572 1595 1788 1642 cantare
1808 1599 1938 1638 can-

353 1681 529 1737 ticum
557 1697 752 1737 novum
778 1725 794 1748 ,
822 1682 1004 1750 diligat
1050 1691 1266 1737 acterna.
1297 1680 1414 1749 ipsa
1439 1678 1653 1735 dilectio
1695 1691 1828 1732 nova
1857 1685 1941 1732 est

361 1782 418 1828 et
461 1785 658 1831 mterna
691 1792 707 1829 :
737 1775 856 1831 ideo
885 1791 1098 1845 seraper
1123 1789 1254 1830 nova
1280 1815 1296 1840 ,
1326 1773 1448 1844 quia
1496 1784 1760 1840 nunquam
1796 1777 1942 1824 vele-

361 1865 546 1930 rascit.
598 1865 726 1919 Nam
756 1867 799 1919 si
830 1867 966 1920 bene
1006 1865 1310 1920 consideres
1333 1906 1349 1929 ,
1382 1863 1653 1932 antiquum
1684 1869 1764 1915 est
1796 1860 1895 1912 hoc
1921 1873 1937 1912 :

361 1955 635 2024 quomodo
661 1971 787 2026 ergo
811 1965 894 2010 est
918 1955 1151 2010 novum?
1171 1953 1454 2022 Numquid,
1481 1952 1672 2006 fratres
1691 1949 1815 2011 mei,
1832 1948 1940 2002 vita

355 2054 567 2106 aeterna
596 2047 752 2101 modo
772 2057 892 2101 nata
920 2045 1039 2102 est?
1065 2045 1180 2099 Vita
1211 2055 1407 2100 teterna
1434 2042 1546 2112 ipse
1565 2040 1808 2096 Christus
1835 2045 1939 2106 est,

351 2147 422 2192 'ct
452 2139 744 2194 secundum
769 2139 1094 2193 divinitatem
1123 2153 1225 2192 non
1257 2135 1414 2192 modo
1443 2142 1596 2190 natus
1623 2141 1703 2188 est
1730 2149 1744 2186 :
1774 2131 1894 2202 quia
1919 2171 1938 2198 ,

363 2231 434 2285 In
465 2233 710 2303 principio
735 2242 839 2286 erat
875 2229 1109 2296 Verbum,
1141 2239 1185 2284 et
1220 2227 1432 2282 Verbum
1457 2236 1563 2282 erat
1587 2223 1727 2296 apud
1751 2222 1940 2290 Deum,

365 2334 412 2375 et
435 2323 570 2378 Deus
589 2331 695 2377 erat
723 2321 934 2376 Verbum
956 2339 976 2376 :
993 2321 1085 2376 hoc
1113 2329 1216 2374 erat
1239 2321 1290 2374 in
1320 2319 1566 2391 principio
1589 2315 1726 2387 apud
1755 2314 1938 2368 Deum.

371 2411 557 2466 Omnia
583 2430 673 2484 per
713 2415 877 2485 ipsum
908 2415 1042 2484 facta
1065 2421 1222 2479 sunt,
1259 2421 1304 2481 et
1350 2411 1457 2466 sine
1483 2409 1592 2480 ipso
1633 2411 1824 2481 factum
1869 2415 1943 2461 est

363 2505 497 2558 nihil
521 2503 541 2574 (
555 2502 710 2558 Joan.
738 2520 776 2572 ι,
810 2505 951 2576 1-5).
979 2503 1034 2560 Si
1063 2519 1181 2574 quae
1205 2518 1297 2572 per
1322 2503 1492 2572 ipsum
1514 2501 1647 2554 facta
1680 2508 1823 2562 sunt,
1847 2513 1943 2553 an-

365 2593 510 2661 tiqua
538 2604 692 2660 sunt;
722 2593 846 2665 quid
876 2604 958 2648 est
983 2595 1118 2664 ipse,
1142 2609 1235 2664 per
1256 2608 1412 2664 quem
1443 2591 1575 2646 facta
1601 2590 1761 2647 sunt?
1781 2588 1937 2658 Quid,

367 2685 472 2739 nisi
503 2696 755 2751 aeternus,
788 2697 841 2742 et
869 2687 1010 2742 Patri
1034 2687 1366 2741 coaeternus?
1394 2685 1496 2740 Sed
1530 2700 1626 2739 nos
1653 2681 1856 2752 delapsi
1889 2683 1940 2736 in

367 2777 640 2844 peccatum
665 2818 680 2841 ,
731 2779 1069 2847 pervenimus
1111 2777 1176 2831 ad
1205 2786 1534 2834 vetustatem.
1567 2775 1756 2832 Nostra
1798 2774 1939 2830 enim

367 2879 472 2918 vos
505 2872 586 2919 est
613 2866 663 2919 in
695 2867 784 2922 illo
813 2867 1016 2936 psalmo
1042 2867 1128 2922 ubi
1155 2867 1346 2922 dicitur
1368 2883 1486 2921 cum
1517 2868 1712 2936 gemitu
1745 2884 1759 2921 :
1788 2865 1942 2919 Inue-

353 2953 520 3008 "tcravi
561 2956 612 3010 in
636 2958 864 3011 omnibus
901 2958 1118 3012 inimicis
1143 2959 1266 3012 meis
1303 2957 1324 3030 (
1347 2957 1484 3013 Psal.
1510 2975 1580 3024 vt,
1613 2957 1646 3012 8
1671 2963 1708 3026 ).
1737 2957 1944 3014 lnvete-

353 3041 502 3100 ravit
533 3047 691 3100 homo
735 3034 832 3118 per
866 3058 1136 3118 peceatum
1165 3091 1181 3116 ,
1227 3050 1512 3105 innovatur
1559 3065 1652 3120 per
1694 3052 1938 3120 gratiam.

361 3137 567 3193 Omnes
604 3153 732 3208 ergo
757 3141 843 3208 qui
877 3141 1193 3193 innuvantur
1229 3141 1278 3193 in
1308 3137 1520 3194 Christo
1543 3181 1558 3203 ,
1591 3149 1648 3194 ut
1685 3141 1750 3196 ad
1781 3143 1941 3195 vitam

362 3235 618 3282 aeternam
662 3228 914 3299 incipiant
955 3229 1255 3300 pertinere,
1295 3229 1558 3284 canticum
1587 3246 1780 3286 novqu
1809 3246 1939 3286 can-

365 3327 501 3372 tant.

435 3409 492 3464 2.
524 3411 588 3464 Et
613 3409 715 3466 hoc
737 3411 1000 3466 canticum
1032 3411 1177 3483 pacis
1205 3419 1283 3466 est
1304 3454 1319 3478 ,
1347 3412 1613 3467 canticum
1641 3411 1742 3467 hoc
1761 3411 1941 3467 chario

364 3505 490 3558 tatis
515 3515 614 3559 est.
645 3504 894 3574 Quisquis
923 3520 979 3560 se
999 3521 1028 3558 a
1053 3505 1426 3574 conjunctione
1453 3516 1754 3558 sanctorum
1781 3520 1940 3574 sepa—

361 3605 480 3660 rat,
526 3609 629 3648 non
669 3604 847 3649 cantat
886 3595 1150 3649 canticum
1185 3611 1396 3650 novum.
1429 3595 1657 3650 Secutus
1685 3605 1767 3650 est
1795 3595 1941 3649 enim

361 3696 600 3741 veterem
645 3685 1075 3751 animositatem,
1117 3702 1222 3740 non
1269 3701 1458 3740 novam
1501 3687 1833 3739 charitatem.
1883 3685 1940 3739 ln

363 3791 499 3832 nova
527 3777 784 3832 charitate
811 3776 935 3845 quid
959 3776 1074 3831 est?
1100 3775 1229 3840 Pax,
1257 3777 1526 3830 vinculum
1551 3787 1748 3830 sancta:
1771 3776 1942 3830 socie-

361 3873 508 3932 tatis.
533 3885 790 3940 compago
815 3871 1138 3938 Spiritnalis,
1167 3869 1447 3925 aadilieinm
1473 3870 1542 3925 de
1569 3869 1834 3938 lapidibus
1862 3869 1940 3924 vi-

361 3969 464 4019 vis.
487 3961 584 4019 Ubi
614 3971 696 4016 est
720 3961 856 4016 hoc?
886 3963 998 4015 Non
1028 3961 1078 4015 in
1107 3975 1213 4014 uno
1238 3961 1379 4030 loco,
1401 3959 1494 4015 sed
1521 3975 1615 4029 per
1636 3959 1941 4015 universum

361 4055 550 4109 orbem
580 4062 862 4109 terrarum.
893 4051 1029 4106 Audi
1057 4051 1157 4106 hoc
1185 4053 1252 4106 de
1278 4051 1382 4105 alio
1410 4053 1612 4121 psalmo
1637 4069 1649 4105 :
1675 4051 1752 4106 sic
1779 4051 1942 4118 dicit,
1971 4109 1974 4112 ,

363 4145 577 4198 Caritate
621 4143 842 4198 Domino
885 4143 1136 4197 canticum
1183 4159 1401 4207 nouum;
1444 4153 1642 4197 cantate
1684 4143 1940 4210 Domino,

359 4225 528 4294 omnis
567 4247 700 4290 terra
739 4235 907 4306 (Psol.
941 4249 1064 4299 xcv,
1101 4237 1172 4304 Ι).
1205 4234 1280 4288 Ex
1328 4235 1427 4288 hoc
1471 4235 1784 4304 intelligitur
1818 4237 1943 4304 quia

362 4331 451 4399 qui
485 4345 589 4384 non
619 4345 738 4383 cum
765 4330 910 4382 enini
939 4339 1076 4384 terra
1104 4337 1315 4392 cantat,
1341 4327 1606 4381 canticum
1634 4335 1786 4381 vetus
1811 4341 1942 4381 can-

365 4431 463 4488 tat,
493 4423 741 4492 quaelibet
767 4421 926 4476 verba
949 4421 1016 4475 de
1041 4437 1136 4475 ore
1157 4421 1272 4488 eius
1295 4419 1604 4490 procedant.
1634 4418 1770 4487 Quid
1796 4417 1942 4474 enim

364 4515 584 4574 attendo
610 4515 733 4585 quid
765 4525 952 4575 sonet.
988 4529 1107 4571 cum
1135 4513 1289 4568 video
1328 4512 1456 4583 quid
1499 4511 1728 4582 cogitet?
1757 4511 1820 4566 Et
1849 4517 1904 4565 tu
1923 4553 1940 4580 ,

363 4607 562 4676 inquis,
591 4606 739 4661 vides
767 4603 890 4674 quid
921 4602 1156 4673 cogitet?
1183 4603 1344 4657 Facta
1373 4601 1629 4662 indicant.
1652 4602 1783 4657 Nam
1812 4617 1943 4656 ocn-

367 4695 451 4752 lus
477 4695 528 4749 in
559 4694 936 4749 conscientiam
965 4709 1070 4746 non
1099 4701 1358 4760 penetrat.
1395 4693 1624 4748 Attendo
1649 4691 1772 4762 quid
1801 4699 1941 4762 agat,

365 4797 420 4842 et
446 4787 516 4840 ibi
549 4785 787 4853 intelligo
815 4783 941 4852 quid
971 4783 1188 4852 Cogitet.
1232 4783 1414 4852 Neque
1439 4785 1579 4837 enim
1605 4783 1651 4838 si
1677 4784 1905 4855 quisque
1925 4827 1942 4850 ,

367 4875 520 4930 verbi
549 4874 716 4945 gratia
738 4914 755 4940 ,
785 4871 1250 4939 comprehenderit
1280 4873 1550 4928 hominem
1582 4873 1636 4927 in
1669 4873 1810 4928 furto
1830 4916 1846 4940 ,
1889 4876 1942 4929 in

370 4967 658 5022 homicidio
678 5008 692 5031 ,
723 4965 774 5018 in
812 4965 1072 5025 adulterio
1091 5006 1106 5029 ,
1133 4964 1482 5034 cogitationes
1510 4966 1676 5034 ipsius
1703 4967 1754 5020 in
1781 4967 1944 5023 corde

367 5061 545 5124 videt,
577 5060 668 5114 sed
711 5059 760 5112 in
805 5057 973 5114 laetis.
1015 5058 1151 5112 Sunt
1175 5057 1415 5128 quiedam
1437 5061 1720 5130 qumintus
1743 5062 1942 5126 latent;

369 5152 462 5207 sed
493 5160 616 5204 sunt
645 5161 698 5206 et
724 5151 886 5214 multa
913 5165 1030 5220 quze
1065 5149 1359 5230 procedunt
1381 5151 1432 5205 in
1458 5167 1616 5222 opera
1639 5194 1654 5218 ,
1687 5163 1740 5208 et
1771 5155 1943 5208 mani.

371 5243 503 5299 festa
535 5241 664 5296 ﬁunt
691 5241 849 5298 etiam
879 5241 1202 5302 hominibus.
1230 5241 1362 5298 Ctnn
1392 5257 1519 5314 ergo
1543 5253 1722 5302 essent
1753 5245 1825 5300 illi
1851 5247 1941 5316 qui

371 5349 430 5390 se
458 5350 486 5388 a
513 5349 768 5404 compage
795 5332 990 5388 Christi
1032 5333 1308 5388 eharitatis
1352 5343 1404 5388 et
1447 5335 1702 5390 societate
1746 5349 1942 5392 sancta:

369 5425 624 5483 Ecclesim
646 5433 980 5494 separarum,
1012 5425 1133 5478 mali
1157 5426 1298 5479 intus
1319 5425 1456 5494 apud
1491 5442 1570 5493 se,
1596 5444 1698 5482 nou
1725 5439 1944 5485 noverat

371 5517 472 5578 nisi
505 5517 660 5572 Deus.
691 5515 848 5571 V'enit
872 5518 1124 5582 tentatio;
1158 5519 1421 5586 separavit
1450 5521 1565 5573 illos
1589 5521 1626 5586 ί,
1651 5532 1704 5576 et
1735 5523 1942 5591 patefe-

369 5609 444 5664 cit
471 5607 774 5664 hominibns
803 5607 944 5676 quod
975 5617 1198 5662 noverat
1227 5609 1386 5663 Dens.
1427 5609 1540 5664 Non
1567 5613 1708 5666 enim
1741 5615 1942 5670 fructus

367 5753 370 5756 .
436 5726 544 5786 ιεξο
571 5733 666 5782 Au),
695 5729 746 5778 et
905 5730 958 5772 ,ιι
980 5729 1054 5772 Er.
1081 5731 1130 5774 et
1155 5730 1286 5786 Loth,
1312 5734 1550 5792 “(perarit
1571 5727 1695 5779 illos.

1425 271 1820 354 minusne
1857 289 1922 346 ιιι
1961 288 2279 348 νειωιυιι
2317 293 2544 350 cxux.

3477 301 3617 358 19.30

2046 403 2343 458 ostenditur
2367 406 2467 462 nisi
2499 407 2551 462 in
2578 406 2748 463 factis.
2778 407 2928 464 Unde
2952 407 3150 465 dictum
3178 419 3258 464 cst
3281 427 3295 463 :
3327 410 3409 464 Ex
3435 413 3619 481 [facti-

2043 494 2133 547 bus
2161 510 2333 548 eorum
2360 498 2670 567 cognoscetis
2694 515 2778 554 eos
2807 495 3019 570 (Matth.
3048 514 3142 565 vn,
3169 499 3278 568 16).
3311 500 3452 556 Dixit
3474 503 3614 556 enim

2043 583 2299 640 Dominus
2324 583 2390 640 ad
2417 581 2672 656 quosdam
2697 629 2713 653 ,
2740 589 2828 658 qui
2859 589 3035 644 ovium
3066 590 3256 643 vestitu
3283 606 3342 644 se
3371 591 3614 658 induunt,

2041 673 2186 732 intus
2208 683 2383 730 autem
2411 687 2536 731 sunt
2565 677 2671 748 lupi
2701 694 2947 748 rapaces;
2981 689 3035 738 ct
3077 697 3143 736 ne
3185 681 3320 736 forte
3361 681 3616 752 fragilitas

2044 763 2270 818 humana
2295 765 2606 836 dignoscere
2629 783 2732 824 non
2757 781 2931 840 posset
2955 771 3134 842 lupum
3159 773 3256 827 sub
3276 775 3430 828 ovina
3456 773 3612 843 pelle,

2042 855 2152 910 ait:
2182 857 2264 911 Ea:
2305 859 2550 930 fructibus
2597 878 2770 916 eorum
2813 865 3119 934 cognoscetis
3165 882 3267 918 eos.
3317 865 3616 934 Quaerimus

2043 945 2248 1003 fructus
2276 949 2570 1018 charitatis,
2604 951 2902 1008 invenimus
2928 955 3107 1025 spinas
3131 955 3501 1011 dissensionis.
3531 955 3616 1012 Es:

2043 1038 2288 1108 fructibus
2316 1034 2484 1096 eorum
2512 1045 2814 1114 cognoscetis
2837 1062 2942 1100 eos.
2971 1046 3110 1118 Ergo
3137 1051 3400 1102 camicum
3431 1063 3614 1102 eorum

2043 1141 2194 1188 vetus
2223 1148 2302 1188 εει
2329 1153 2341 1190 :
2366 1146 2642 1192 cantemus
2671 1154 2768 1192 nos
2793 1138 3058 1194 canticum
3088 1156 3303 1194 novum.
3329 1139 3446 1194 Jam
3475 1140 3614 1193 dixi-

2043 1239 2191 1287 mus,
2223 1225 2428 1291 fratres,
2458 1230 2632 1282 omnis
2684 1239 2822 1284 terra
2865 1239 3044 1285 cantat
3085 1231 3346 1284 canticum
3398 1245 3614 1283 novum.

2043 1316 2141 1384 Qui
2169 1333 2288 1372 cum
2315 1320 2458 1374 mnni
2491 1329 2628 1374 terra
2657 1338 2762 1376 non
2789 1331 2966 1376 cantat
2991 1323 3253 1376 canticum
3281 1337 3472 1376 novum
3495 1364 3507 1383 ,
3539 1321 3618 1374 di-

2042 1418 2128 1462 eat
2166 1408 2306 1478 quod
2349 1411 2494 1476 vult,
2525 1412 2716 1482 linguis
2741 1426 2896 1484 sonet
2921 1414 3164 1478 Alleluia,
3195 1413 3336 1467 dicat
3367 1422 3472 1466 tota
3504 1412 3616 1476 dic,

2042 1498 2182 1554 dicat
2209 1509 2314 1554 tota
2345 1509 2530 1568 nocte;
2563 1518 2666 1566 non
2695 1505 2848 1560 valde
2869 1521 3026 1559 aures
3051 1521 3181 1559 mea:
3211 1505 3528 1560 inclinantur
3549 1504 3614 1557 ad

2037 1585 2227 1644 vocem
2257 1591 2520 1646 cantantis
2541 1633 2558 1658 ,
2589 1592 2682 1646 sed
2709 1610 2890 1662 quer
2921 1611 3098 1650 mores
3126 1595 3416 1664 OpCI‘attliS.
3445 1593 3618 1647 luter-

2043 1694 2174 1751 rogo
2198 1682 2338 1736 enim
2361 1722 2376 1747 ,
2405 1691 2458 1736 et
2487 1682 2606 1737 dico
2627 1699 2640 1735 :
2665 1682 2801 1749 Quid
2832 1693 2914 1738 est
2952 1685 3090 1754 quod
3119 1685 3340 1738 cautas?
3371 1684 3616 1752 Respon-

2044 1771 2135 1828 det
2163 1789 2175 1828 :
2211 1772 2457 1827 Alleluia.
2486 1772 2619 1838 Quid
2647 1783 2749 1838 est,
2773 1773 3032 1828 Alleluia?
3053 1773 3290 1830 Lauda'e
3314 1775 3616 1828 Domiumn.

2037 1851 2212 1930 Veni,
2227 1863 2382 1918 simul
2417 1861 2691 1917 laudemus
2721 1863 3024 1917 Dominum.
3056 1863 3110 1918 Si
3141 1875 3192 1917 tn
3223 1863 3406 1918 laudas
3435 1865 3616 1918 Duni-

2045 1970 2170 2008 num
2198 1965 2254 2010 et
2278 1969 2376 2026 ego
2407 1955 2564 2009 laudo
2594 1955 2870 2009 Dominum
2895 1957 2945 2020 ¹;
2976 1955 3210 2027 quarcin
3233 1955 3492 2009 disctirdia
3527 1970 3616 2008 su-

2045 2046 2196 2100 mus?
2226 2045 2469 2100 Charitas
2499 2047 2674 2102 laudat
2705 2048 3019 2116 Dominum,
3061 2047 3324 2102 discordia
3372 2045 3619 2114 blasphe-

2046 2145 2156 2192 mat
2183 2138 2486 2214 Dominum.

2117 2229 2168 2286 5.
2215 2229 2282 2286 Et
2309 2231 2464 2284 vultis
2497 2229 2606 2300 jam
2638 2245 2797 2286 nosse
2826 2230 2911 2285 ubi
2942 2231 3168 2294 cantetis
3211 2231 3477 2286 canticum
3521 2244 3622 2284 no-

2044 2323 2204 2376 vum?
2237 2321 2365 2390 Quae
2390 2321 2627 2376 dicturus
2653 2334 2732 2376 est
2761 2323 2811 2376 in
2849 2323 2962 2393 ipso
2995 2323 3208 2378 Psalmo
3230 2363 3246 2390 ,
3282 2322 3455 2376 videte
3485 2337 3620 2388 quo-

2041 2411 2204 2488 ‘modo
2224 2410 2369 2472 ﬁant,
2392 2421 2446 2466 et
2472 2411 2556 2466 ubi
2583 2411 2732 2478 fiant;
2757 2421 2932 2466 utrum
2961 2429 3053 2482 per
3074 2428 3259 2466 omnes
3281 2423 3466 2482 gentes
3489 2417 3616 2466 tiant

2047 2502 2145 2555 ista
2165 2544 2180 2564 ,
2208 2515 2274 2555 an
2307 2501 2358 2556 in
2387 2517 2490 2556 una
2517 2503 2692 2572 aliqua
2725 2513 2875 2566 parte
2906 2497 3164 2557 terrarum
3201 2523 3214 2558 :
3245 2513 3298 2557 et
3343 2504 3464 2556 hinc
3507 2504 3619 2571 plc-

2047 2593 2166 2647 nius
2196 2593 2498 2664 intelligetis
2527 2595 2590 2648 ad
2620 2611 2778 2664 quem
2807 2595 3065 2664 pertineat
3092 2595 3354 2650 canticum
3399 2610 3614 2646 novum.

2044 2683 2160 2738 Jam
2188 2687 2399 2756 quidem
2423 2687 2758 2742 manifestum
2786 2696 2867 2754 est
2889 2685 3015 2740 illud
3040 2686 3178 2757 quod
3202 2685 3268 2741 de
3293 2687 3398 2740 alio
3422 2685 3624 2754 psalmo

2045 2778 2488 2844 commemoravi,
2512 2777 2724 2832 Cantate
2756 2777 2972 2832 Domino
3000 2778 3254 2832 canticum
3293 2793 3476 2830 novum
3507 2791 3524 2830 :
3559 2776 3624 2831 Ει

2045 2875 2103 2920 ut
2127 2868 2430 2923 ostenderet
2458 2869 2508 2922 in
2535 2869 2744 2923 cantico
2775 2884 2914 2924 novo
2939 2883 3060 2924 esse
3087 2861 3316 2922 fructum
3345 2867 3624 2922 charitatis

2046 2967 2100 3012 et
2127 2959 2358 3023 unitatis,
2389 2959 2623 3024 addidit,
2647 2959 2855 3016 Cantate
2886 2959 3102 3014 Domino
3123 3001 3138 3028 ,
3162 2960 3322 3014 omnis
3347 2969 3498 3014 terra.
3520 2959 3625 3014 Ne-

2047 3065 2134 3104 mo
2159 3067 2217 3105 se
2247 3062 2478 3120 separet,
2509 3068 2666 3107 nemo
2697 3068 2754 3107 se
2781 3051 3049 3122 disjuugat
3077 3070 3090 3106 :
3123 3051 3354 3106 triticum
3382 3067 3458 3114 es,
3492 3050 3626 3106 ferto

2046 3142 2252 3211 paleam
2278 3156 2556 3212 quousque
2582 3144 2887 3196 ventiletur.
2919 3143 2994 3196 De
3021 3158 3143 3196 arca
3176 3143 3254 3196 vis
3277 3143 3485 3196 excuti?
3513 3141 3624 3196 i'isi

2049 3233 2279 3288 triticum
2311 3249 2460 3288 esses
2479 3236 2499 3266 ²
2530 3233 2659 3289 foris
2686 3234 2754 3288 ab
2781 3249 2925 3298 area,
2960 3235 3257 3289 invenirent
3292 3245 3344 3289 te
3367 3233 3622 3300 volatiua,

2047 3332 2100 3379 et
2128 3324 2436 3394 colligerent
2477 3334 2527 3378 te
2555 3323 2664 3394 (Id.
2691 3340 2743 3378 ιιι
2771 3367 2786 3390 ,
2818 3323 2930 3393 12).
2961 3325 3112 3380 Adde
3139 3325 3260 3392 quia
3291 3339 3356 3377 eo
3380 3325 3494 3392 ipso
3519 3339 3628 3394 quo

2047 3413 2274 3467 discedis
2294 3413 2313 3444 ³
2335 3423 2385 3467 et
2408 3414 2574 3478 volas,
2605 3415 2808 3483 paleam
2838 3423 2887 3468 te
2913 3429 3034 3468 esse
3061 3413 3262 3467 indicas
3285 3430 3299 3466 :
3325 3422 3378 3468 et
3403 3413 3522 3482 quia
3547 3412 3626 3468 lc-

2049 3506 2128 3582 vis
2157 3515 2296 3570 eras,
2321 3507 2465 3559 venit
2493 3514 2700 3570 ventus,
2730 3515 2784 3561 et
2808 3507 2873 3559 de
2900 3507 2999 3562 sub
3030 3505 3250 3576 pedibus
3285 3506 3441 3559 boum
3469 3505 3622 3560 abla-

2050 3607 2132 3650 tus
2157 3612 2236 3652 es.
2279 3597 2378 3666 Qui
2427 3607 2600 3650 autent
2652 3598 2882 3652 triticum
2927 3608 3084 3660 sunt,
3115 3597 3294 3652 ferunt
3345 3598 3623 3662 trituram;

2047 3688 2295 3758 gaudent,
2331 3689 2453 3760 quia
2482 3705 2644 3764 grana
2674 3697 2825 3754 sunt,
2853 3699 3073 3758 gemunt
3102 3689 3240 3742 inter
3266 3689 3492 3758 paleam,
3520 3704 3625 3742 ex-

2049 3789 2287 3846 spectant
2329 3779 2732 3841 venti'atorcm,
2774 3795 2929 3847 quem
2961 3789 3286 3848 cognoscunt
3319 3779 3626 3848 redempto-

2049 3885 2183 3925 rem.
2221 3867 2432 3926 Caritate
2475 3869 2696 3924 Domino
2732 3871 2980 3923 canticum
3028 3886 3210 3923 novum
3240 3885 3257 3922 :
3284 3867 3394 3921 laus
3426 3873 3535 3938 ejus
3573 3869 3625 3921 in

2051 3959 2278 4014 Ecclesia
2305 3969 2615 4013 sanctorum.
2651 3961 2774 4014 llaec
2800 3969 2882 4015 est
2909 3959 3148 4014 Ecclesia
3175 3971 3502 4030 sanetornm,
3523 3957 3629 4020 Ec-

2047 4049 2206 4102 clesia
2239 4049 2620 4103 l'rtnnentorum
2668 4059 2779 4104 toto
2818 4059 3082 4106 terrarum
3120 4050 3250 4104 orbe
3278 4049 3625 4114 dill‘usormn;

2047 4156 2145 4212 per
2170 4156 2354 4211 agrum
2392 4141 2600 4196 Domini
2637 4141 2897 4196 seminata
2920 4185 2934 4208 ,
2963 4142 3104 4211 quod
3135 4153 3217 4198 est
3247 4143 3332 4196 hic
3360 4141 3586 4195 mundus
3608 4179 3629 4214 ι

2049 4235 2165 4304 ipso
2196 4235 2424 4289 Domino
2449 4245 2747 4306 exponcnte
2765 4277 2780 4300 ,
2817 4251 2937 4290 cum
2969 4235 3036 4288 de
3064 4235 3358 4289 seminante
3386 4234 3628 4288 diceret:

2048 4327 2182 4394 Quia
2214 4344 2233 4378 ι
2274 4326 2434 4382 homo
2459 4328 2740 4380 seminavit
2764 4325 2956 4380 bontun
2989 4341 3170 4390 semen
3204 4326 3254 4380 in
3282 4341 3409 4394 agro
3434 4339 3552 4388 suo,
3576 4332 3630 4384 et

2050 4417 2190 4472 venit
2216 4415 2482 4480 inimicus,
2511 4426 2564 4471 et
2586 4417 3022 4486 superseminavit
3045 4399 3278 4482 zizania;
3307 4426 3358 4470 et
3383 4415 3631 4472 dixerunt

2049 4509 2192 4566 servi
2223 4509 2609 4579 patrifamilias,
2633 4507 2820 4562 Nonne
2849 4509 3042 4562 bonum
3066 4524 3248 4564 semen
3275 4505 3550 4561 seminasd
3577 4505 3631 4568 in

2049 4599 2180 4673 'agro
2209 4602 2332 4656 tuo?
2361 4601 2502 4656 unde
2532 4600 2617 4656 hic
2644 4613 2763 4655 sunt
2795 4602 3033 4655 zizania?
3058 4601 3352 4672 Respondit
3381 4601 3489 4660 ille,
3522 4599 3630 4654 Ini.

2052 4693 2220 4746 micns
2250 4691 2409 4747 homo
2433 4693 2533 4748 hoc
2555 4692 2698 4748 fecit.
2729 4693 3050 4749 »νοιιιρτυιιι
3069 4695 3320 4764 colligere
3337 4693 3558 4757 zizania,
3578 4701 3633 4748 et

2051 4787 2379 4852 compescuit
2427 4786 2546 4840 illos
2589 4785 2814 4840 dicens:
2851 4805 2869 4838 ι
2905 4785 3073 4840 Sinite
3120 4795 3342 4858 utraque
3387 4797 3633 4838 crescere

2054 4891 2220 4946 usque
2245 4875 2310 4928 ad
2342 4891 2604 4941 messem;
2637 4885 2689 4929 ct
2716 4876 2767 4930 in
2801 4885 3040 4944 tempore
3068 4875 3261 4929 messis
3290 4875 3461 4928 dicam
3491 4889 3632 4928 mes.

2053 4969 2282 5030 Sorihus.
2312 4967 2559 5036 Colligite
2589 4969 2813 5038 primum
2841 4968 3061 5032 zizania,
3094 4976 3147 5022 et
3167 4967 3376 5037 alligate
3403 4965 3630 5020 fascicu-

2053 5059 2133 5112 los
2168 5057 2232 5112 ad
2270 5058 2689 5114 comhurcmlum
2726 5074 2825 5116 ea:
2869 5059 3100 5112 triticum
3130 5067 3306 5112 autem
3338 5072 3512 5112 meum
3543 5071 3632 5112 rev

2055 5151 2232 5220 ponite
2264 5151 2316 5205 in
2347 5152 2560 5204 horreo.
2594 5169 2612 5200 ι
2653 5149 2839 5202 Postea
2879 5149 3360 5220 interrogaverunt.
3384 5164 3504 5202 eum
3546 5147 3631 5201 di.

2051 5243 2239 5310 scipnli
2285 5241 2522 5296 dicentes
2551 5259 2564 5294 :
2589 5239 2764 5293 Narra
2795 5242 2934 5294 nobis
2978 5241 3268 5311 purabolum
3295 5241 3629 5294 zizaniorum.

2053 5333 2121 5390 Et
2147 5335 2258 5404 ipse
2279 5333 2500 5403 exponit
2524 5331 2722 5394 omnia,
2752 5337 2808 5386 ut
2836 5332 3011 5386 nullus
3042 5330 3203 5386 homo
3232 5329 3380 5386 cordi
3409 5343 3507 5384 suo
3537 5329 3633 5382 tri-

2055 5513 2058 5516 -
2117 5489 2133 5554 ξ
2169 5488 2239 5536 sic
2259 5494 2363 5536 stas.
2399 5493 2454 5536 Αι
2470 5485 2602 5544 ιιιιειη
2627 5492 2674 5536 et
2693 5499 2780 5554 ego
2801 5485 3011 5554 laudabo
3033 5486 3304 5554 nuntiarth
3328 5493 3502 5554 puare.
3529 5489 3633 5554 etc;

2114 5551 2134 5581 ²
2162 5557 2259 5597 Αιιι,
2279 5558 2331 5599 et
2352 5555 2457 5598 Eia:
2483 5557 2550 5609 De
2571 5561 2690 5598 area
2720 5545 2812 5598 'ria:
2846 5548 3126 5609 excutiaris,
3159 5547 3202 5598 si
3237 5545 3452 5598 triticum
3471 5558 3541 5594 es.
3581 5545 3631 5598 Si

2047 5609 2262 5672 triticum
2283 5623 2386 5661 esse
2412 5608 2532 5672 foris
2553 5609 2774 5672 abiarea,
2805 5618 2904 5660 etc.

2115 5674 2135 5702 ³
2161 5671 2346 5784 i‘tlliqtiot
2369 5665 2495 5734 uss“
2525 5685 2582 5724 eo
2619 5671 2724 5736 ipso
2743 5665 2838 5735 quo
2879 5672 3096 5733 cxcedis,
3141 5679 3236 5722 etc.
3277 5669 3466 5730 Castori,
3491 5665 3626 5732 quod

2115 5747 2168 5784 cc
2205 5747 2264 5784 is.

2051 5747 2264 5792 επεαιης.
