  <div class='ocr_page' id='page_1' title='image "/cluster/home/n/w/nwhite01/storage/ocr_20150623/37/hvd.32044015471477/469.png"; bbox 0 0 4038 6520; ppageno 0'>
   <div class='ocr_carea' id='block_1_1' title="bbox 441 371 572 426">
    <p class='ocr_par' dir='ltr' id='par_1_1' title="bbox 441 371 572 426">
     <span class='ocr_line' id='line_1_1' title="bbox 441 371 572 426; baseline 0.008 -2"><span class='ocrx_word' id='word_1_1' title='bbox 441 371 572 426; x_wconf 72' lang='grc'><strong>1931</strong></span> 
     </span>
    </p>
   </div>
   <div class='ocr_carea' id='block_1_2' title="bbox 439 459 2013 552">
    <p class='ocr_par' dir='ltr' id='par_1_2' title="bbox 439 459 2013 552">
     <span class='ocr_line' id='line_1_2' title="bbox 439 459 2013 552; baseline -0.017 -13"><span class='ocrx_word' id='word_1_2' title='bbox 439 485 566 539; x_wconf 88' lang='lat' dir='ltr'><strong>buat</strong></span> <span class='ocrx_word' id='word_1_3' title='bbox 606 479 746 552; x_wconf 89' lang='lat' dir='ltr'><strong>quod</strong></span> <span class='ocrx_word' id='word_1_4' title='bbox 792 478 864 532; x_wconf 92' lang='lat' dir='ltr'><strong>ibi</strong></span> <span class='ocrx_word' id='word_1_5' title='bbox 913 473 1267 537; x_wconf 86' lang='lat' dir='ltr'><strong>intellexerit,</strong></span> <span class='ocrx_word' id='word_1_6' title='bbox 1295 469 1387 524; x_wconf 90' lang='lat' dir='ltr'><strong>sed</strong></span> <span class='ocrx_word' id='word_1_7' title='bbox 1420 469 1668 535; x_wconf 74' lang='lat' dir='ltr'><strong>Magistro</strong></span> <span class='ocrx_word' id='word_1_8' title='bbox 1695 459 1815 523; x_wconf 69' lang='lat' dir='ltr'><strong>«eli</strong></span> <span class='ocrx_word' id='word_1_9' title='bbox 1846 481 2013 533; x_wconf 82' lang='lat' dir='ltr'><strong>expo-</strong></span> 
     </span>
    </p>
   </div>
   <div class='ocr_carea' id='block_1_3' title="bbox 441 555 2016 633">
    <p class='ocr_par' dir='ltr' id='par_1_3' title="bbox 441 555 2016 633">
     <span class='ocr_line' id='line_1_3' title="bbox 441 555 2016 633; baseline -0.013 -6"><span class='ocrx_word' id='word_1_10' title='bbox 441 573 609 628; x_wconf 89' lang='lat' dir='ltr'><strong>nenti.</strong></span> <span class='ocrx_word' id='word_1_11' title='bbox 645 571 811 625; x_wconf 77' lang='lat' dir='ltr'><strong>Nemo</strong></span> <span class='ocrx_word' id='word_1_12' title='bbox 841 567 980 621; x_wconf 88' lang='lat' dir='ltr'><strong>dieat</strong></span> <span class='ocrx_word' id='word_1_13' title='bbox 1007 585 1019 618; x_wconf 91' lang='lat'><strong>:</strong></span> <span class='ocrx_word' id='word_1_14' title='bbox 1048 562 1308 633; x_wconf 76' lang='lat' dir='ltr'><strong>Exposuit</strong></span> <span class='ocrx_word' id='word_1_15' title='bbox 1333 561 1433 615; x_wconf 88' lang='lat' dir='ltr'><strong>sibi</strong></span> <span class='ocrx_word' id='word_1_16' title='bbox 1461 559 1726 630; x_wconf 88' lang='lat' dir='ltr'><strong>quomodo</strong></span> <span class='ocrx_word' id='word_1_17' title='bbox 1746 557 1928 611; x_wconf 80' lang='lat' dir='ltr'><strong>voluit.</strong></span> <span class='ocrx_word' id='word_1_18' title='bbox 1961 555 2016 609; x_wconf 88' lang='lat' dir='ltr'><strong>Si</strong></span> 
     </span>
    </p>
   </div>
   <div class='ocr_carea' id='block_1_4' title="bbox 421 648 2019 736">
    <p class='ocr_par' dir='ltr' id='par_1_4' title="bbox 421 648 2019 736">
     <span class='ocr_line' id='line_1_4' title="bbox 421 648 2019 736; baseline -0.01 -19"><span class='ocrx_word' id='word_1_19' title='bbox 421 661 746 736; x_wconf 71' lang='lat' dir='ltr'><strong>parabolam</strong></span> <span class='ocrx_word' id='word_1_20' title='bbox 769 657 1042 730; x_wconf 81' lang='lat' dir='ltr'><strong>propheta:</strong></span> <span class='ocrx_word' id='word_1_21' title='bbox 1062 661 1353 724; x_wconf 85' lang='lat' dir='ltr'><strong>exponeret</strong></span> <span class='ocrx_word' id='word_1_22' title='bbox 1379 651 1656 716; x_wconf 84' lang='lat' dir='ltr'><strong>Dominus,</strong></span> <span class='ocrx_word' id='word_1_23' title='bbox 1675 648 1886 717; x_wconf 82' lang='lat' dir='ltr'><strong>quando</strong></span> <span class='ocrx_word' id='word_1_24' title='bbox 1905 648 2019 736; x_wconf 83' lang='lat' dir='ltr'><strong>ipse</strong></span> 
     </span>
    </p>
   </div>
   <div class='ocr_carea' id='block_1_5' title="bbox 443 735 2012 822">
    <p class='ocr_par' dir='ltr' id='par_1_5' title="bbox 443 735 2012 822">
     <span class='ocr_line' id='line_1_5' title="bbox 443 735 2012 822; baseline -0.013 -13"><span class='ocrx_word' id='word_1_25' title='bbox 443 767 538 822; x_wconf 85' lang='lat' dir='ltr'><strong>per</strong></span> <span class='ocrx_word' id='word_1_26' title='bbox 565 766 657 805; x_wconf 90' lang='lat' dir='ltr'><strong>eos</strong></span> <span class='ocrx_word' id='word_1_27' title='bbox 687 745 1000 815; x_wconf 86' lang='lat' dir='ltr'><strong>loquebatur</strong></span> <span class='ocrx_word' id='word_1_28' title='bbox 1028 744 1169 815; x_wconf 89' lang='lat' dir='ltr'><strong>quod</strong></span> <span class='ocrx_word' id='word_1_29' title='bbox 1197 741 1480 805; x_wconf 89' lang='lat' dir='ltr'><strong>dicebant;</strong></span> <span class='ocrx_word' id='word_1_30' title='bbox 1512 739 1628 810; x_wconf 87' lang='lat' dir='ltr'><strong>quis</strong></span> <span class='ocrx_word' id='word_1_31' title='bbox 1667 737 1888 795; x_wconf 89' lang='lat' dir='ltr'><strong>auderet</strong></span> <span class='ocrx_word' id='word_1_32' title='bbox 1933 735 2012 790; x_wconf 88' lang='lat' dir='ltr'><strong>di-</strong></span> 
     </span>
    </p>
   </div>
   <div class='ocr_carea' id='block_1_6' title="bbox 441 825 2020 904">
    <p class='ocr_par' dir='ltr' id='par_1_6' title="bbox 441 825 2020 904">
     <span class='ocr_line' id='line_1_6' title="bbox 441 825 2020 904; baseline -0.011 -5"><span class='ocrx_word' id='word_1_33' title='bbox 441 859 585 904; x_wconf 87' lang='lat' dir='ltr'><strong>cere,</strong></span> <span class='ocrx_word' id='word_1_34' title='bbox 616 857 721 895; x_wconf 92' lang='lat' dir='ltr'><strong>non</strong></span> <span class='ocrx_word' id='word_1_35' title='bbox 753 841 830 895; x_wconf 92' lang='lat' dir='ltr'><strong>sic</strong></span> <span class='ocrx_word' id='word_1_36' title='bbox 853 838 1051 892; x_wconf 81' lang='lat' dir='ltr'><strong>debere</strong></span> <span class='ocrx_word' id='word_1_37' title='bbox 1076 833 1380 904; x_wconf 88' lang='lat' dir='ltr'><strong>exponere?</strong></span> <span class='ocrx_word' id='word_1_38' title='bbox 1405 831 1566 885; x_wconf 84' lang='lat' dir='ltr'><strong>Multo</strong></span> <span class='ocrx_word' id='word_1_39' title='bbox 1592 830 1780 899; x_wconf 85' lang='lat' dir='ltr'><strong>magis,</strong></span> <span class='ocrx_word' id='word_1_40' title='bbox 1807 825 2020 897; x_wconf 86' lang='lat' dir='ltr'><strong>quando</strong></span> 
     </span>
    </p>
   </div>
   <div class='ocr_carea' id='block_1_7' title="bbox 443 919 2018 1002">
    <p class='ocr_par' dir='ltr' id='par_1_7' title="bbox 443 919 2018 1002">
     <span class='ocr_line' id='line_1_7' title="bbox 443 919 2018 1002; baseline -0.013 -14"><span class='ocrx_word' id='word_1_41' title='bbox 443 934 556 1002; x_wconf 90' lang='lat' dir='ltr'><strong>ipse</strong></span> <span class='ocrx_word' id='word_1_42' title='bbox 585 931 828 1002; x_wconf 83' lang='lat' dir='ltr'><strong>exposuit</strong></span> <span class='ocrx_word' id='word_1_43' title='bbox 851 927 990 1000; x_wconf 89' lang='lat' dir='ltr'><strong>quod</strong></span> <span class='ocrx_word' id='word_1_44' title='bbox 1015 925 1287 997; x_wconf 84' lang='lat' dir='ltr'><strong>proposuit</strong></span> <span class='ocrx_word' id='word_1_45' title='bbox 1316 924 1448 993; x_wconf 85' lang='lat' dir='ltr'><strong>ipse,</strong></span> <span class='ocrx_word' id='word_1_46' title='bbox 1473 922 1591 990; x_wconf 83' lang='lat' dir='ltr'><strong>quis</strong></span> <span class='ocrx_word' id='word_1_47' title='bbox 1620 919 1779 974; x_wconf 85' lang='lat' dir='ltr'><strong>audet</strong></span> <span class='ocrx_word' id='word_1_48' title='bbox 1807 928 2018 973; x_wconf 88' lang='lat' dir='ltr'><strong>contra-</strong></span> 
     </span>
    </p>
   </div>
   <div class='ocr_carea' id='block_1_8' title="bbox 443 1010 2018 1084">
    <p class='ocr_par' dir='ltr' id='par_1_8' title="bbox 443 1010 2018 1084">
     <span class='ocr_line' id='line_1_8' title="bbox 443 1010 2018 1084; baseline -0.01 -6"><span class='ocrx_word' id='word_1_49' title='bbox 443 1025 623 1080; x_wconf 86' lang='lat' dir='ltr'><strong>dicere</strong></span> <span class='ocrx_word' id='word_1_50' title='bbox 648 1021 941 1076; x_wconf 70' lang='lat' dir='ltr'><strong>manifesta:</strong></span> <span class='ocrx_word' id='word_1_51' title='bbox 961 1017 1207 1074; x_wconf 79' lang='lat' dir='ltr'><strong>veritati?</strong></span> <span class='ocrx_word' id='word_1_52' title='bbox 1234 1015 1366 1070; x_wconf 91' lang='lat' dir='ltr'><strong>Cum</strong></span> <span class='ocrx_word' id='word_1_53' title='bbox 1397 1028 1528 1084; x_wconf 82' lang='lat' dir='ltr'><strong>ergo</strong></span> <span class='ocrx_word' id='word_1_54' title='bbox 1551 1012 1687 1065; x_wconf 91' lang='lat' dir='ltr'><strong>hanc</strong></span> <span class='ocrx_word' id='word_1_55' title='bbox 1713 1010 2018 1080; x_wconf 88' lang='lat' dir='ltr'><strong>parabolam</strong></span> 
     </span>
    </p>
   </div>
   <div class='ocr_carea' id='block_1_9' title="bbox 446 1101 2022 1180">
    <p class='ocr_par' dir='ltr' id='par_1_9' title="bbox 446 1101 2022 1180">
     <span class='ocr_line' id='line_1_9' title="bbox 446 1101 2022 1180; baseline -0.01 -11"><span class='ocrx_word' id='word_1_56' title='bbox 446 1114 702 1169; x_wconf 86' lang='lat' dir='ltr'><strong>Dominus</strong></span> <span class='ocrx_word' id='word_1_57' title='bbox 728 1118 1039 1180; x_wconf 80' lang='lat' dir='ltr'><strong>exponeret,</strong></span> <span class='ocrx_word' id='word_1_58' title='bbox 1069 1109 1161 1172; x_wconf 92' lang='lat' dir='ltr'><strong>ait,</strong></span> <span class='ocrx_word' id='word_1_59' title='bbox 1189 1107 1291 1174; x_wconf 82' lang='lat' dir='ltr'><strong>Qui</strong></span> <span class='ocrx_word' id='word_1_60' title='bbox 1307 1115 1476 1158; x_wconf 84' lang='lat' dir='ltr'><strong>autem</strong></span> <span class='ocrx_word' id='word_1_61' title='bbox 1507 1104 1714 1160; x_wconf 79' lang='lat' dir='ltr'><strong>seminat</strong></span> <span class='ocrx_word' id='word_1_62' title='bbox 1742 1101 1927 1154; x_wconf 86' lang='lat' dir='ltr'><strong>bonum</strong></span> <span class='ocrx_word' id='word_1_63' title='bbox 1951 1117 2022 1155; x_wconf 90' lang='lat' dir='ltr'><strong>se-</strong></span> 
     </span>
    </p>
   </div>
   <div class='ocr_carea' id='block_1_10' title="bbox 444 1189 2020 1269">
    <p class='ocr_par' dir='ltr' id='par_1_10' title="bbox 444 1189 2020 1269">
     <span class='ocr_line' id='line_1_10' title="bbox 444 1189 2020 1269; baseline -0.01 -11"><span class='ocrx_word' id='word_1_64' title='bbox 444 1221 579 1269; x_wconf 86' lang='lat' dir='ltr'><strong>men,</strong></span> <span class='ocrx_word' id='word_1_65' title='bbox 607 1213 677 1258; x_wconf 84' lang='lat' dir='ltr'><strong>est</strong></span> <span class='ocrx_word' id='word_1_66' title='bbox 706 1202 871 1255; x_wconf 85' lang='lat' dir='ltr'><strong>Filius</strong></span> <span class='ocrx_word' id='word_1_67' title='bbox 897 1198 1112 1253; x_wconf 81' lang='lat' dir='ltr'><strong>hominis</strong></span> <span class='ocrx_word' id='word_1_68' title='bbox 1136 1213 1154 1251; x_wconf 91' lang='lat'><strong><em>:</em></strong></span> <span class='ocrx_word' id='word_1_69' title='bbox 1176 1213 1234 1251; x_wconf 91' lang='lat' dir='ltr'><strong>se</strong></span> <span class='ocrx_word' id='word_1_70' title='bbox 1265 1197 1444 1265; x_wconf 88' lang='lat' dir='ltr'><strong>utique</strong></span> <span class='ocrx_word' id='word_1_71' title='bbox 1479 1194 1875 1248; x_wconf 81' lang='lat' dir='ltr'><strong>demonstrans.</strong></span> <span class='ocrx_word' id='word_1_72' title='bbox 1914 1189 2020 1244; x_wconf 85' lang='lat' dir='ltr'><strong>Bo-</strong></span> 
     </span>
    </p>
   </div>
   <div class='ocr_carea' id='block_1_11' title="bbox 447 1285 2025 1362">
    <p class='ocr_par' dir='ltr' id='par_1_11' title="bbox 447 1285 2025 1362">
     <span class='ocr_line' id='line_1_11' title="bbox 447 1285 2025 1362; baseline -0.01 -10"><span class='ocrx_word' id='word_1_73' title='bbox 447 1315 568 1352; x_wconf 83' lang='lat' dir='ltr'><strong>num</strong></span> <span class='ocrx_word' id='word_1_74' title='bbox 587 1314 700 1351; x_wconf 76' lang='lat' dir='ltr'><strong>vero</strong></span> <span class='ocrx_word' id='word_1_75' title='bbox 723 1313 911 1358; x_wconf 86' lang='lat' dir='ltr'><strong>semen,</strong></span> <span class='ocrx_word' id='word_1_76' title='bbox 937 1293 1031 1362; x_wconf 89' lang='lat' dir='ltr'><strong>ﬁlii</strong></span> <span class='ocrx_word' id='word_1_77' title='bbox 1052 1301 1172 1346; x_wconf 79' lang='lat' dir='ltr'><strong>sunt</strong></span> <span class='ocrx_word' id='word_1_78' title='bbox 1195 1291 1372 1361; x_wconf 82' lang='lat' dir='ltr'><strong>regni:</strong></span> <span class='ocrx_word' id='word_1_79' title='bbox 1397 1290 1508 1359; x_wconf 91' lang='lat' dir='ltr'><strong>ipsa</strong></span> <span class='ocrx_word' id='word_1_80' title='bbox 1538 1296 1620 1341; x_wconf 90' lang='lat' dir='ltr'><strong>est</strong></span> <span class='ocrx_word' id='word_1_81' title='bbox 1646 1285 1880 1342; x_wconf 86' lang='lat' dir='ltr'><strong>Ecclesia</strong></span> <span class='ocrx_word' id='word_1_82' title='bbox 1903 1299 2025 1338; x_wconf 89' lang='lat' dir='ltr'><strong>san—</strong></span> 
     </span>
    </p>
   </div>
   <div class='ocr_carea' id='block_1_12' title="bbox 446 1374 2024 1447">
    <p class='ocr_par' dir='ltr' id='par_1_12' title="bbox 446 1374 2024 1447">
     <span class='ocr_line' id='line_1_12' title="bbox 446 1374 2024 1447; baseline -0.009 -7"><span class='ocrx_word' id='word_1_83' title='bbox 446 1397 674 1440; x_wconf 88' lang='lat' dir='ltr'><strong>ctorum.</strong></span> <span class='ocrx_word' id='word_1_84' title='bbox 708 1383 920 1438; x_wconf 79' lang='lat' dir='ltr'><strong>Zizania</strong></span> <span class='ocrx_word' id='word_1_85' title='bbox 946 1393 1133 1447; x_wconf 75' lang='lat' dir='ltr'><strong>autem,</strong></span> <span class='ocrx_word' id='word_1_86' title='bbox 1168 1381 1262 1447; x_wconf 83' lang='lat' dir='ltr'><strong>ﬁlii</strong></span> <span class='ocrx_word' id='word_1_87' title='bbox 1289 1390 1401 1432; x_wconf 80' lang='lat' dir='ltr'><strong>sunt</strong></span> <span class='ocrx_word' id='word_1_88' title='bbox 1434 1377 1660 1446; x_wconf 83' lang='lat' dir='ltr'><strong>maligni.</strong></span> <span class='ocrx_word' id='word_1_89' title='bbox 1686 1376 1820 1445; x_wconf 83' lang='lat' dir='ltr'><strong>Ager</strong></span> <span class='ocrx_word' id='word_1_90' title='bbox 1844 1383 1914 1429; x_wconf 85' lang='lat' dir='ltr'><strong>est</strong></span> <span class='ocrx_word' id='word_1_91' title='bbox 1944 1374 2024 1426; x_wconf 86' lang='lat' dir='ltr'><strong>hic</strong></span> 
     </span>
    </p>
   </div>
   <div class='ocr_carea' id='block_1_13' title="bbox 448 1463 2022 1548">
    <p class='ocr_par' dir='ltr' id='par_1_13' title="bbox 448 1463 2022 1548">
     <span class='ocr_line' id='line_1_13' title="bbox 448 1463 2022 1548; baseline -0.011 -14"><span class='ocrx_word' id='word_1_92' title='bbox 448 1479 667 1534; x_wconf 83' lang='lat' dir='ltr'><strong>mundus</strong></span> <span class='ocrx_word' id='word_1_93' title='bbox 695 1476 909 1548; x_wconf 81' lang='lat' dir='ltr'><strong>(Matth.</strong></span> <span class='ocrx_word' id='word_1_94' title='bbox 936 1491 1051 1540; x_wconf 82' lang='lat' dir='ltr'><strong>xm,</strong></span> <span class='ocrx_word' id='word_1_95' title='bbox 1073 1474 1269 1534; x_wconf 70' lang='lat'><strong>24-50.</strong></span> <span class='ocrx_word' id='word_1_96' title='bbox 1300 1471 1513 1539; x_wconf 75' lang='lat'><strong>56-38).</strong></span> <span class='ocrx_word' id='word_1_97' title='bbox 1543 1469 1656 1523; x_wconf 79' lang='lat' dir='ltr'><strong>Iam</strong></span> <span class='ocrx_word' id='word_1_98' title='bbox 1679 1466 1885 1530; x_wconf 83' lang='lat' dir='ltr'><strong>videte,</strong></span> <span class='ocrx_word' id='word_1_99' title='bbox 1916 1463 2022 1518; x_wconf 84' lang='lat' dir='ltr'><strong>fra-</strong></span> 
     </span>
    </p>
   </div>
   <div class='ocr_carea' id='block_1_14' title="bbox 449 1555 2021 1640">
    <p class='ocr_par' dir='ltr' id='par_1_14' title="bbox 449 1555 2021 1640">
     <span class='ocr_line' id='line_1_14' title="bbox 449 1555 2021 1640; baseline -0.011 -15"><span class='ocrx_word' id='word_1_100' title='bbox 449 1581 581 1638; x_wconf 90' lang='lat' dir='ltr'><strong>tres,</strong></span> <span class='ocrx_word' id='word_1_101' title='bbox 604 1571 722 1640; x_wconf 88' lang='lat' dir='ltr'><strong>quia</strong></span> <span class='ocrx_word' id='word_1_102' title='bbox 752 1585 845 1638; x_wconf 90' lang='lat' dir='ltr'><strong>per</strong></span> <span class='ocrx_word' id='word_1_103' title='bbox 871 1566 1125 1622; x_wconf 90' lang='lat' dir='ltr'><strong>mundum</strong></span> <span class='ocrx_word' id='word_1_104' title='bbox 1156 1555 1471 1619; x_wconf 73' lang='lat' dir='ltr'><strong>seminabitu</strong></span> <span class='ocrx_word' id='word_1_105' title='bbox 1493 1569 1571 1614; x_wconf 92' lang='lat' dir='ltr'><strong>est</strong></span> <span class='ocrx_word' id='word_1_106' title='bbox 1597 1561 1791 1613; x_wconf 83' lang='lat' dir='ltr'><strong>bonum</strong></span> <span class='ocrx_word' id='word_1_107' title='bbox 1816 1572 2021 1622; x_wconf 81' lang='lat' dir='ltr'><strong>semen,</strong></span> 
     </span>
    </p>
   </div>
   <div class='ocr_carea' id='block_1_15' title="bbox 443 1648 2021 1735">
    <p class='ocr_par' dir='ltr' id='par_1_15' title="bbox 443 1648 2021 1735">
     <span class='ocr_line' id='line_1_15' title="bbox 443 1648 2021 1735; baseline -0.01 -17"><span class='ocrx_word' id='word_1_108' title='bbox 443 1652 504 1719; x_wconf 78' lang='lat' dir='ltr'><strong>et</strong></span> <span class='ocrx_word' id='word_1_109' title='bbox 548 1679 643 1735; x_wconf 92' lang='lat' dir='ltr'><strong>per</strong></span> <span class='ocrx_word' id='word_1_110' title='bbox 681 1660 931 1716; x_wconf 89' lang='lat' dir='ltr'><strong>mundum</strong></span> <span class='ocrx_word' id='word_1_111' title='bbox 975 1657 1233 1715; x_wconf 81' lang='lat' dir='ltr'><strong>seminata</strong></span> <span class='ocrx_word' id='word_1_112' title='bbox 1259 1663 1383 1708; x_wconf 90' lang='lat' dir='ltr'><strong>sunt</strong></span> <span class='ocrx_word' id='word_1_113' title='bbox 1407 1652 1630 1706; x_wconf 83' lang='lat' dir='ltr'><strong>zizania.</strong></span> <span class='ocrx_word' id='word_1_114' title='bbox 1664 1648 1930 1720; x_wconf 86' lang='lat' dir='ltr'><strong>Numquid</strong></span> <span class='ocrx_word' id='word_1_115' title='bbox 1970 1650 2021 1703; x_wconf 91' lang='lat' dir='ltr'><strong>in</strong></span> 
     </span>
    </p>
   </div>
   <div class='ocr_carea' id='block_1_16' title="bbox 450 1739 2025 1823">
    <p class='ocr_par' dir='ltr' id='par_1_16' title="bbox 450 1739 2025 1823">
     <span class='ocr_line' id='line_1_16' title="bbox 450 1739 2025 1823; baseline -0.008 -17"><span class='ocrx_word' id='word_1_116' title='bbox 450 1764 601 1823; x_wconf 90' lang='lat' dir='ltr'><strong>parte</strong></span> <span class='ocrx_word' id='word_1_117' title='bbox 645 1753 876 1807; x_wconf 89' lang='lat' dir='ltr'><strong>triticum</strong></span> <span class='ocrx_word' id='word_1_118' title='bbox 900 1793 917 1818; x_wconf 91' lang='lat'><strong>,</strong></span> <span class='ocrx_word' id='word_1_119' title='bbox 947 1760 1001 1805; x_wconf 93' lang='lat' dir='ltr'><strong>ct</strong></span> <span class='ocrx_word' id='word_1_120' title='bbox 1027 1749 1082 1804; x_wconf 90' lang='lat' dir='ltr'><strong>in</strong></span> <span class='ocrx_word' id='word_1_121' title='bbox 1109 1756 1258 1819; x_wconf 88' lang='lat' dir='ltr'><strong>parte</strong></span> <span class='ocrx_word' id='word_1_122' title='bbox 1296 1744 1532 1803; x_wconf 75' lang='lat' dir='ltr'><strong>aizania?</strong></span> <span class='ocrx_word' id='word_1_123' title='bbox 1560 1744 1661 1798; x_wconf 86' lang='lat' dir='ltr'><strong>Per</strong></span> <span class='ocrx_word' id='word_1_124' title='bbox 1690 1751 1856 1796; x_wconf 90' lang='lat' dir='ltr'><strong>totum</strong></span> <span class='ocrx_word' id='word_1_125' title='bbox 1889 1739 2025 1794; x_wconf 88' lang='lat' dir='ltr'><strong>triti-</strong></span> 
     </span>
    </p>
   </div>
   <div class='ocr_carea' id='block_1_17' title="bbox 447 1830 2026 1914">
    <p class='ocr_par' dir='ltr' id='par_1_17' title="bbox 447 1830 2026 1914">
     <span class='ocr_line' id='line_1_17' title="bbox 447 1830 2026 1914; baseline -0.012 -15"><span class='ocrx_word' id='word_1_126' title='bbox 447 1860 594 1911; x_wconf 85' lang='lat' dir='ltr'><strong>cum,</strong></span> <span class='ocrx_word' id='word_1_127' title='bbox 623 1855 675 1900; x_wconf 88' lang='lat' dir='ltr'><strong>et</strong></span> <span class='ocrx_word' id='word_1_128' title='bbox 705 1859 799 1914; x_wconf 87' lang='lat' dir='ltr'><strong>per</strong></span> <span class='ocrx_word' id='word_1_129' title='bbox 825 1852 996 1898; x_wconf 88' lang='lat' dir='ltr'><strong>totum</strong></span> <span class='ocrx_word' id='word_1_130' title='bbox 1016 1837 1240 1892; x_wconf 77' lang='lat' dir='ltr'><strong>zizan-ia.</strong></span> <span class='ocrx_word' id='word_1_131' title='bbox 1271 1837 1412 1906; x_wconf 77' lang='lat' dir='ltr'><strong>Ager</strong></span> <span class='ocrx_word' id='word_1_132' title='bbox 1443 1833 1647 1889; x_wconf 87' lang='lat' dir='ltr'><strong>Domini</strong></span> <span class='ocrx_word' id='word_1_133' title='bbox 1672 1830 1902 1887; x_wconf 78' lang='lat' dir='ltr'><strong>mundus</strong></span> <span class='ocrx_word' id='word_1_134' title='bbox 1921 1839 2026 1896; x_wconf 78' lang='lat' dir='ltr'><strong>est,</strong></span> 
     </span>
    </p>
   </div>
   <div class='ocr_carea' id='block_1_18' title="bbox 452 1921 2026 2000">
    <p class='ocr_par' dir='ltr' id='par_1_18' title="bbox 452 1921 2026 2000">
     <span class='ocr_line' id='line_1_18' title="bbox 452 1921 2026 2000; baseline -0.01 -10"><span class='ocrx_word' id='word_1_135' title='bbox 452 1951 557 1990; x_wconf 89' lang='lat' dir='ltr'><strong>non</strong></span> <span class='ocrx_word' id='word_1_136' title='bbox 591 1934 791 1990; x_wconf 77' lang='lat' dir='ltr'><strong>Africa.</strong></span> <span class='ocrx_word' id='word_1_137' title='bbox 836 1932 948 1986; x_wconf 76' lang='lat' dir='ltr'><strong>Non</strong></span> <span class='ocrx_word' id='word_1_138' title='bbox 979 1927 1246 2000; x_wconf 90' lang='lat' dir='ltr'><strong>quomodo</strong></span> <span class='ocrx_word' id='word_1_139' title='bbox 1280 1935 1434 1982; x_wconf 73' lang='lat' dir='ltr'><strong>terra:</strong></span> <span class='ocrx_word' id='word_1_140' title='bbox 1466 1925 1582 1980; x_wconf 69' lang='lat' dir='ltr'><strong>ista:</strong></span> <span class='ocrx_word' id='word_1_141' title='bbox 1604 1925 1619 1955; x_wconf 80' lang='grc'>¹</span> <span class='ocrx_word' id='word_1_142' title='bbox 1645 1941 1658 1977; x_wconf 92' lang='lat'>:</span> <span class='ocrx_word' id='word_1_143' title='bbox 1690 1923 1898 1978; x_wconf 86' lang='lat' dir='ltr'><strong>Getulia</strong></span> <span class='ocrx_word' id='word_1_144' title='bbox 1925 1921 2026 1976; x_wconf 92' lang='lat' dir='ltr'><strong>fert</strong></span> 
     </span>
    </p>
   </div>
   <div class='ocr_carea' id='block_1_19' title="bbox 449 2013 2026 2097">
    <p class='ocr_par' dir='ltr' id='par_1_19' title="bbox 449 2013 2026 2097">
     <span class='ocr_line' id='line_1_19' title="bbox 449 2013 2026 2097; baseline -0.008 -15"><span class='ocrx_word' id='word_1_145' title='bbox 449 2043 771 2097; x_wconf 73' lang='lat' dir='ltr'><strong>sexagenum</strong></span> <span class='ocrx_word' id='word_1_146' title='bbox 801 2034 890 2078; x_wconf 92' lang='lat' dir='ltr'><strong>aut</strong></span> <span class='ocrx_word' id='word_1_147' title='bbox 914 2031 1231 2087; x_wconf 89' lang='lat' dir='ltr'><strong>centenum,</strong></span> <span class='ocrx_word' id='word_1_148' title='bbox 1261 2028 1316 2073; x_wconf 89' lang='lat' dir='ltr'><strong>et</strong></span> <span class='ocrx_word' id='word_1_149' title='bbox 1357 2017 1600 2073; x_wconf 85' lang='lat' dir='ltr'><strong>Numidia</strong></span> <span class='ocrx_word' id='word_1_150' title='bbox 1648 2017 1750 2072; x_wconf 90' lang='lat' dir='ltr'><strong>fert</strong></span> <span class='ocrx_word' id='word_1_151' title='bbox 1791 2013 2026 2069; x_wconf 86' lang='lat' dir='ltr'><strong>denum:</strong></span> 
     </span>
    </p>
   </div>
   <div class='ocr_carea' id='block_1_20' title="bbox 454 2105 2024 2182">
    <p class='ocr_par' dir='ltr' id='par_1_20' title="bbox 454 2105 2024 2182">
     <span class='ocr_line' id='line_1_20' title="bbox 454 2105 2024 2182; baseline -0.008 -12"><span class='ocrx_word' id='word_1_152' title='bbox 454 2132 559 2170; x_wconf 91' lang='lat' dir='ltr'><strong>non</strong></span> <span class='ocrx_word' id='word_1_153' title='bbox 589 2116 666 2172; x_wconf 86' lang='lat' dir='ltr'><strong>sie</strong></span> <span class='ocrx_word' id='word_1_154' title='bbox 696 2125 778 2170; x_wconf 90' lang='lat' dir='ltr'><strong>est</strong></span> <span class='ocrx_word' id='word_1_155' title='bbox 807 2115 913 2168; x_wconf 89' lang='lat' dir='ltr'><strong>Deo</strong></span> <span class='ocrx_word' id='word_1_156' title='bbox 942 2128 1068 2182; x_wconf 82' lang='lat' dir='ltr'><strong>ager</strong></span> <span class='ocrx_word' id='word_1_157' title='bbox 1097 2126 1244 2166; x_wconf 89' lang='lat' dir='ltr'><strong>suus.</strong></span> <span class='ocrx_word' id='word_1_158' title='bbox 1275 2109 1479 2179; x_wconf 89' lang='lat' dir='ltr'><strong>Ubique</strong></span> <span class='ocrx_word' id='word_1_159' title='bbox 1506 2107 1576 2161; x_wconf 90' lang='lat' dir='ltr'><strong>illi</strong></span> <span class='ocrx_word' id='word_1_160' title='bbox 1608 2106 1772 2162; x_wconf 90' lang='lat' dir='ltr'><strong>fertur</strong></span> <span class='ocrx_word' id='word_1_161' title='bbox 1798 2105 2024 2171; x_wconf 81' lang='lat' dir='ltr'><strong>fructus,</strong></span> 
     </span>
    </p>
   </div>
   <div class='ocr_carea' id='block_1_21' title="bbox 454 2199 2024 2274">
    <p class='ocr_par' dir='ltr' id='par_1_21' title="bbox 454 2199 2024 2274">
     <span class='ocr_line' id='line_1_21' title="bbox 454 2199 2024 2274; baseline -0.009 -13"><span class='ocrx_word' id='word_1_162' title='bbox 454 2217 506 2261; x_wconf 89' lang='lat' dir='ltr'><strong>et</strong></span> <span class='ocrx_word' id='word_1_163' title='bbox 554 2215 845 2270; x_wconf 82' lang='lat' dir='ltr'><strong>centenus,</strong></span> <span class='ocrx_word' id='word_1_164' title='bbox 869 2214 924 2258; x_wconf 91' lang='lat' dir='ltr'><strong>et</strong></span> <span class='ocrx_word' id='word_1_165' title='bbox 961 2217 1289 2274; x_wconf 81' lang='lat' dir='ltr'><strong>sexagenos,</strong></span> <span class='ocrx_word' id='word_1_166' title='bbox 1317 2209 1370 2256; x_wconf 90' lang='lat' dir='ltr'><strong>et</strong></span> <span class='ocrx_word' id='word_1_167' title='bbox 1419 2199 1690 2254; x_wconf 80' lang='lat' dir='ltr'><strong>tricenas:</strong></span> <span class='ocrx_word' id='word_1_168' title='bbox 1722 2204 1776 2250; x_wconf 90' lang='lat' dir='ltr'><strong>tu</strong></span> <span class='ocrx_word' id='word_1_169' title='bbox 1821 2203 2024 2250; x_wconf 88' lang='lat' dir='ltr'><strong>tantum</strong></span> 
     </span>
    </p>
   </div>
   <div class='ocr_carea' id='block_1_22' title="bbox 455 2287 2025 2367">
    <p class='ocr_par' dir='ltr' id='par_1_22' title="bbox 455 2287 2025 2367">
     <span class='ocr_line' id='line_1_22' title="bbox 455 2287 2025 2367; baseline -0.008 -15"><span class='ocrx_word' id='word_1_170' title='bbox 455 2297 577 2353; x_wconf 84' lang='lat' dir='ltr'><strong>vide</strong></span> <span class='ocrx_word' id='word_1_171' title='bbox 603 2296 726 2367; x_wconf 91' lang='lat' dir='ltr'><strong>quid</strong></span> <span class='ocrx_word' id='word_1_172' title='bbox 753 2296 884 2350; x_wconf 84' lang='lat' dir='ltr'><strong>velis</strong></span> <span class='ocrx_word' id='word_1_173' title='bbox 913 2310 1032 2350; x_wconf 84' lang='lat' dir='ltr'><strong>esse</strong></span> <span class='ocrx_word' id='word_1_174' title='bbox 1053 2336 1066 2358; x_wconf 93' lang='lat'><strong>,</strong></span> <span class='ocrx_word' id='word_1_175' title='bbox 1093 2295 1136 2348; x_wconf 92' lang='lat' dir='ltr'><strong>si</strong></span> <span class='ocrx_word' id='word_1_176' title='bbox 1181 2291 1382 2363; x_wconf 60' lang='lat' dir='ltr'><strong>cogitas</strong></span> <span class='ocrx_word' id='word_1_177' title='bbox 1425 2290 1491 2344; x_wconf 89' lang='lat' dir='ltr'><strong>ad</strong></span> <span class='ocrx_word' id='word_1_178' title='bbox 1540 2289 1746 2343; x_wconf 87' lang='lat' dir='ltr'><strong>Domini</strong></span> <span class='ocrx_word' id='word_1_179' title='bbox 1797 2287 2025 2343; x_wconf 86' lang='lat' dir='ltr'><strong>fructum</strong></span> 
     </span>
    </p>
   </div>
   <div class='ocr_carea' id='block_1_23' title="bbox 453 2366 2028 2460">
    <p class='ocr_par' dir='ltr' id='par_1_23' title="bbox 453 2366 2028 2460">
     <span class='ocr_line' id='line_1_23' title="bbox 453 2366 2028 2460; baseline -0.006 -20"><span class='ocrx_word' id='word_1_180' title='bbox 453 2366 720 2460; x_wconf 73' lang='lat' dir='ltr'><strong>pertinere</strong></span> <span class='ocrx_word' id='word_1_181' title='bbox 745 2390 790 2444; x_wconf 78' lang='lat'><strong>&#39;.</strong></span> <span class='ocrx_word' id='word_1_182' title='bbox 812 2388 952 2457; x_wconf 80' lang='lat' dir='ltr'><strong>Ergo</strong></span> <span class='ocrx_word' id='word_1_183' title='bbox 974 2386 1212 2441; x_wconf 81' lang='lat' dir='ltr'><strong>Ecclesia</strong></span> <span class='ocrx_word' id='word_1_184' title='bbox 1231 2393 1554 2448; x_wconf 85' lang='lat' dir='ltr'><strong>sanctorum,</strong></span> <span class='ocrx_word' id='word_1_185' title='bbox 1577 2380 1818 2436; x_wconf 80' lang='lat' dir='ltr'><strong>Ecclesia</strong></span> <span class='ocrx_word' id='word_1_186' title='bbox 1847 2366 2028 2434; x_wconf 79' lang='lat' dir='ltr'><strong>catho-</strong></span> 
     </span>
    </p>
   </div>
   <div class='ocr_carea' id='block_1_24' title="bbox 455 2467 2032 2534">
    <p class='ocr_par' dir='ltr' id='par_1_24' title="bbox 455 2467 2032 2534">
     <span class='ocr_line' id='line_1_24' title="bbox 455 2467 2032 2534; baseline -0.008 -1"><span class='ocrx_word' id='word_1_187' title='bbox 455 2479 554 2534; x_wconf 85' lang='lat' dir='ltr'><strong>lica</strong></span> <span class='ocrx_word' id='word_1_188' title='bbox 580 2488 678 2534; x_wconf 91' lang='lat' dir='ltr'><strong>est.</strong></span> <span class='ocrx_word' id='word_1_189' title='bbox 709 2478 945 2534; x_wconf 81' lang='lat' dir='ltr'><strong>Ecclesia</strong></span> <span class='ocrx_word' id='word_1_190' title='bbox 976 2485 1277 2530; x_wconf 83' lang='lat' dir='ltr'><strong>sanctorum</strong></span> <span class='ocrx_word' id='word_1_191' title='bbox 1307 2491 1410 2527; x_wconf 93' lang='lat' dir='ltr'><strong>non</strong></span> <span class='ocrx_word' id='word_1_192' title='bbox 1443 2480 1523 2526; x_wconf 92' lang='lat' dir='ltr'><strong>est</strong></span> <span class='ocrx_word' id='word_1_193' title='bbox 1551 2470 1788 2526; x_wconf 81' lang='lat' dir='ltr'><strong>Ecclesia</strong></span> <span class='ocrx_word' id='word_1_194' title='bbox 1817 2467 2032 2523; x_wconf 73' lang='lat' dir='ltr'><strong>lucreti-</strong></span> 
     </span>
    </p>
   </div>
   <div class='ocr_carea' id='block_1_25' title="bbox 452 2559 2030 2636">
    <p class='ocr_par' dir='ltr' id='par_1_25' title="bbox 452 2559 2030 2636">
     <span class='ocr_line' id='line_1_25' title="bbox 452 2559 2030 2636; baseline -0.008 -10"><span class='ocrx_word' id='word_1_195' title='bbox 452 2586 657 2626; x_wconf 78' lang='lat' dir='ltr'><strong>Corum.</strong></span> <span class='ocrx_word' id='word_1_196' title='bbox 681 2570 914 2626; x_wconf 82' lang='lat' dir='ltr'><strong>Ecclesia</strong></span> <span class='ocrx_word' id='word_1_197' title='bbox 946 2576 1248 2622; x_wconf 81' lang='lat' dir='ltr'><strong>sanctorum</strong></span> <span class='ocrx_word' id='word_1_198' title='bbox 1281 2566 1366 2620; x_wconf 88' lang='lat' dir='ltr'><strong>illa</strong></span> <span class='ocrx_word' id='word_1_199' title='bbox 1396 2575 1476 2620; x_wconf 90' lang='lat' dir='ltr'><strong>est</strong></span> <span class='ocrx_word' id='word_1_200' title='bbox 1501 2579 1658 2636; x_wconf 87' lang='lat' dir='ltr'><strong>quam</strong></span> <span class='ocrx_word' id='word_1_201' title='bbox 1688 2559 2030 2633; x_wconf 67' lang='lat' dir='ltr'><strong>praesignavit</strong></span> 
     </span>
    </p>
   </div>
   <div class='ocr_carea' id='block_1_26' title="bbox 454 2649 2027 2728">
    <p class='ocr_par' dir='ltr' id='par_1_26' title="bbox 454 2649 2027 2728">
     <span class='ocr_line' id='line_1_26' title="bbox 454 2649 2027 2728; baseline -0.006 -14"><span class='ocrx_word' id='word_1_202' title='bbox 454 2659 597 2715; x_wconf 87' lang='lat' dir='ltr'><strong>Deus</strong></span> <span class='ocrx_word' id='word_1_203' title='bbox 622 2668 904 2728; x_wconf 86' lang='lat' dir='ltr'><strong>antequam</strong></span> <span class='ocrx_word' id='word_1_204' title='bbox 937 2655 1238 2720; x_wconf 79' lang='lat' dir='ltr'><strong>videretur;</strong></span> <span class='ocrx_word' id='word_1_205' title='bbox 1270 2667 1325 2710; x_wconf 82' lang='lat' dir='ltr'><strong>et</strong></span> <span class='ocrx_word' id='word_1_206' title='bbox 1354 2653 1612 2717; x_wconf 87' lang='lat' dir='ltr'><strong>exhibuit,</strong></span> <span class='ocrx_word' id='word_1_207' title='bbox 1647 2660 1704 2706; x_wconf 87' lang='lat' dir='ltr'><strong>ut</strong></span> <span class='ocrx_word' id='word_1_208' title='bbox 1731 2649 2027 2707; x_wconf 83' lang='lat' dir='ltr'><strong>videretur.</strong></span> 
     </span>
    </p>
   </div>
   <div class='ocr_carea' id='block_1_27' title="bbox 451 2742 2066 2808">
    <p class='ocr_par' dir='ltr' id='par_1_27' title="bbox 451 2742 2066 2808">
     <span class='ocr_line' id='line_1_27' title="bbox 451 2742 2066 2808; baseline -0.006 -2"><span class='ocrx_word' id='word_1_209' title='bbox 451 2751 690 2807; x_wconf 83' lang='lat' dir='ltr'><strong>Ecclesia</strong></span> <span class='ocrx_word' id='word_1_210' title='bbox 720 2761 1022 2807; x_wconf 86' lang='lat' dir='ltr'><strong>sanctorum</strong></span> <span class='ocrx_word' id='word_1_211' title='bbox 1049 2758 1165 2803; x_wconf 89' lang='lat' dir='ltr'><strong>erat</strong></span> <span class='ocrx_word' id='word_1_212' title='bbox 1191 2756 1346 2803; x_wconf 82' lang='lat' dir='ltr'><strong>antea</strong></span> <span class='ocrx_word' id='word_1_213' title='bbox 1374 2746 1426 2800; x_wconf 93' lang='lat' dir='ltr'><strong>in</strong></span> <span class='ocrx_word' id='word_1_214' title='bbox 1449 2743 1721 2801; x_wconf 87' lang='lat' dir='ltr'><strong>codicibus</strong></span> <span class='ocrx_word' id='word_1_215' title='bbox 1741 2785 1754 2808; x_wconf 92' lang='lat'><strong>,</strong></span> <span class='ocrx_word' id='word_1_216' title='bbox 1786 2743 1945 2798; x_wconf 91' lang='lat' dir='ltr'><strong>modo</strong></span> <span class='ocrx_word' id='word_1_217' title='bbox 1974 2742 2026 2797; x_wconf 90' lang='lat' dir='ltr'><strong>in</strong></span> <span class='ocrx_word' id='word_1_218' title='bbox 2063 2757 2066 2759; x_wconf 66' lang='lat'><strong><em>’</em></strong></span> 
     </span>
    </p>
   </div>
   <div class='ocr_carea' id='block_1_28' title="bbox 453 2834 2030 2914">
    <p class='ocr_par' dir='ltr' id='par_1_28' title="bbox 453 2834 2030 2914">
     <span class='ocr_line' id='line_1_28' title="bbox 453 2834 2030 2914; baseline -0.006 -14"><span class='ocrx_word' id='word_1_219' title='bbox 453 2847 699 2914; x_wconf 72' lang='lat' dir='ltr'><strong>gentibus</strong></span> <span class='ocrx_word' id='word_1_220' title='bbox 727 2863 739 2898; x_wconf 91' lang='lat'>:</span> <span class='ocrx_word' id='word_1_221' title='bbox 770 2844 1004 2899; x_wconf 89' lang='lat' dir='ltr'><strong>Ecclesia</strong></span> <span class='ocrx_word' id='word_1_222' title='bbox 1033 2853 1336 2897; x_wconf 87' lang='lat' dir='ltr'><strong>sanctorum</strong></span> <span class='ocrx_word' id='word_1_223' title='bbox 1367 2847 1522 2894; x_wconf 90' lang='lat' dir='ltr'><strong>antea</strong></span> <span class='ocrx_word' id='word_1_224' title='bbox 1551 2834 1919 2892; x_wconf 85' lang='lat' dir='ltr'><strong>tantummodo</strong></span> <span class='ocrx_word' id='word_1_225' title='bbox 1949 2835 2030 2890; x_wconf 88' lang='lat' dir='ltr'><strong>le-</strong></span> 
     </span>
    </p>
   </div>
   <div class='ocr_carea' id='block_1_29' title="bbox 453 2925 2028 3003">
    <p class='ocr_par' dir='ltr' id='par_1_29' title="bbox 453 2925 2028 3003">
     <span class='ocr_line' id='line_1_29' title="bbox 453 2925 2028 3003; baseline -0.007 -14"><span class='ocrx_word' id='word_1_226' title='bbox 453 2935 694 3003; x_wconf 83' lang='lat' dir='ltr'><strong>gebatur.</strong></span> <span class='ocrx_word' id='word_1_227' title='bbox 725 2949 862 2988; x_wconf 92' lang='lat' dir='ltr'><strong>nunc</strong></span> <span class='ocrx_word' id='word_1_228' title='bbox 900 2941 954 2987; x_wconf 90' lang='lat' dir='ltr'><strong>et</strong></span> <span class='ocrx_word' id='word_1_229' title='bbox 997 2933 1208 3003; x_wconf 83' lang='lat' dir='ltr'><strong>legitur,</strong></span> <span class='ocrx_word' id='word_1_230' title='bbox 1248 2941 1302 2984; x_wconf 92' lang='lat' dir='ltr'><strong>et</strong></span> <span class='ocrx_word' id='word_1_231' title='bbox 1331 2929 1560 2984; x_wconf 89' lang='lat' dir='ltr'><strong>videtur.</strong></span> <span class='ocrx_word' id='word_1_232' title='bbox 1605 2925 1828 2997; x_wconf 82' lang='lat' dir='ltr'><strong>Quando</strong></span> <span class='ocrx_word' id='word_1_233' title='bbox 1859 2925 2028 2979; x_wconf 88' lang='lat' dir='ltr'><strong>solum</strong></span> 
     </span>
    </p>
   </div>
   <div class='ocr_carea' id='block_1_30' title="bbox 452 3016 2025 3095">
    <p class='ocr_par' dir='ltr' id='par_1_30' title="bbox 452 3016 2025 3095">
     <span class='ocr_line' id='line_1_30' title="bbox 452 3016 2025 3095; baseline -0.004 -17"><span class='ocrx_word' id='word_1_234' title='bbox 452 3025 744 3095; x_wconf 79' lang='lat' dir='ltr'><strong>legebatur,</strong></span> <span class='ocrx_word' id='word_1_235' title='bbox 762 3023 1103 3080; x_wconf 86' lang='lat' dir='ltr'><strong>credebatur:</strong></span> <span class='ocrx_word' id='word_1_236' title='bbox 1126 3022 1284 3076; x_wconf 87' lang='lat' dir='ltr'><strong>modo</strong></span> <span class='ocrx_word' id='word_1_237' title='bbox 1299 3021 1528 3087; x_wconf 90' lang='lat' dir='ltr'><strong>videtur,</strong></span> <span class='ocrx_word' id='word_1_238' title='bbox 1546 3029 1601 3075; x_wconf 90' lang='lat' dir='ltr'><strong>et</strong></span> <span class='ocrx_word' id='word_1_239' title='bbox 1619 3016 2025 3075; x_wconf 83' lang='lat' dir='ltr'><strong>contradicitur!</strong></span> 
     </span>
    </p>
   </div>
   <div class='ocr_carea' id='block_1_31' title="bbox 452 3113 1371 3184">
    <p class='ocr_par' dir='ltr' id='par_1_31' title="bbox 452 3113 1371 3184">
     <span class='ocr_line' id='line_1_31' title="bbox 452 3113 1371 3184; baseline -0.001 -17"><span class='ocrx_word' id='word_1_240' title='bbox 452 3113 589 3168; x_wconf 82' lang='lat' dir='ltr'><strong>Laus</strong></span> <span class='ocrx_word' id='word_1_241' title='bbox 617 3117 725 3184; x_wconf 83' lang='lat' dir='ltr'><strong>ejus</strong></span> <span class='ocrx_word' id='word_1_242' title='bbox 755 3115 806 3168; x_wconf 84' lang='lat' dir='ltr'><strong>in</strong></span> <span class='ocrx_word' id='word_1_243' title='bbox 833 3115 1041 3168; x_wconf 79' lang='lat' dir='ltr'><strong>ecclesia</strong></span> <span class='ocrx_word' id='word_1_244' title='bbox 1064 3122 1371 3170; x_wconf 79' lang='lat' dir='ltr'><strong>sanctorum.</strong></span> 
     </span>
    </p>
   </div>
   <div class='ocr_carea' id='block_1_32' title="bbox 523 3199 2028 3279">
    <p class='ocr_par' dir='ltr' id='par_1_32' title="bbox 523 3199 2028 3279">
     <span class='ocr_line' id='line_1_32' title="bbox 523 3199 2028 3279; baseline -0.004 -18"><span class='ocrx_word' id='word_1_245' title='bbox 523 3208 576 3261; x_wconf 72' lang='grc'><strong>4.</strong></span> <span class='ocrx_word' id='word_1_246' title='bbox 607 3205 756 3279; x_wconf 81' lang='lat' dir='ltr'><strong>[vers.</strong></span> <span class='ocrx_word' id='word_1_247' title='bbox 783 3205 863 3278; x_wconf 75' lang='lat'><strong>2.]</strong></span> <span class='ocrx_word' id='word_1_248' title='bbox 892 3204 1109 3260; x_wconf 76' lang='lat' dir='ltr'><strong>Lwtetur</strong></span> <span class='ocrx_word' id='word_1_249' title='bbox 1138 3204 1303 3258; x_wconf 87' lang='lat' dir='ltr'><strong>Israel</strong></span> <span class='ocrx_word' id='word_1_250' title='bbox 1323 3205 1372 3256; x_wconf 90' lang='lat' dir='ltr'><strong>in</strong></span> <span class='ocrx_word' id='word_1_251' title='bbox 1400 3216 1458 3256; x_wconf 89' lang='lat' dir='ltr'><strong>eo</strong></span> <span class='ocrx_word' id='word_1_252' title='bbox 1484 3202 1568 3272; x_wconf 88' lang='lat' dir='ltr'><strong>qui</strong></span> <span class='ocrx_word' id='word_1_253' title='bbox 1592 3200 1710 3271; x_wconf 80' lang='lat' dir='ltr'><strong>[erit</strong></span> <span class='ocrx_word' id='word_1_254' title='bbox 1736 3217 1867 3255; x_wconf 86' lang='lat' dir='ltr'><strong>eum.</strong></span> <span class='ocrx_word' id='word_1_255' title='bbox 1892 3199 2028 3268; x_wconf 85' lang='lat' dir='ltr'><strong>Quid</strong></span> 
     </span>
    </p>
   </div>
   <div class='ocr_carea' id='block_1_33' title="bbox 452 3293 2030 3362">
    <p class='ocr_par' dir='ltr' id='par_1_33' title="bbox 452 3293 2030 3362">
     <span class='ocr_line' id='line_1_33' title="bbox 452 3293 2030 3362; baseline -0.005 -10"><span class='ocrx_word' id='word_1_256' title='bbox 452 3307 532 3352; x_wconf 87' lang='lat' dir='ltr'><strong>est</strong></span> <span class='ocrx_word' id='word_1_257' title='bbox 563 3298 756 3352; x_wconf 90' lang='lat' dir='ltr'><strong>Israel?</strong></span> <span class='ocrx_word' id='word_1_258' title='bbox 778 3296 975 3352; x_wconf 84' lang='lat' dir='ltr'><strong>Videas</strong></span> <span class='ocrx_word' id='word_1_259' title='bbox 1002 3293 1167 3356; x_wconf 83' lang='lat' dir='ltr'><strong>Deum</strong></span> <span class='ocrx_word' id='word_1_260' title='bbox 1194 3313 1207 3350; x_wconf 92' lang='lat'>:</span> <span class='ocrx_word' id='word_1_261' title='bbox 1233 3297 1333 3350; x_wconf 92' lang='lat' dir='ltr'><strong>hoc</strong></span> <span class='ocrx_word' id='word_1_262' title='bbox 1359 3294 1500 3349; x_wconf 91' lang='lat' dir='ltr'><strong>enim</strong></span> <span class='ocrx_word' id='word_1_263' title='bbox 1531 3294 1907 3362; x_wconf 87' lang='lat' dir='ltr'><strong>interpretatur</strong></span> <span class='ocrx_word' id='word_1_264' title='bbox 1935 3306 2030 3345; x_wconf 88' lang='lat' dir='ltr'><strong>no-</strong></span> 
     </span>
    </p>
   </div>
   <div class='ocr_carea' id='block_1_34' title="bbox 457 3382 2031 3454">
    <p class='ocr_par' dir='ltr' id='par_1_34' title="bbox 457 3382 2031 3454">
     <span class='ocr_line' id='line_1_34' title="bbox 457 3382 2031 3454; baseline -0.003 -13"><span class='ocrx_word' id='word_1_265' title='bbox 457 3403 579 3441; x_wconf 88' lang='lat' dir='ltr'><strong>men</strong></span> <span class='ocrx_word' id='word_1_266' title='bbox 629 3386 811 3443; x_wconf 89' lang='lat' dir='ltr'><strong>Israel.</strong></span> <span class='ocrx_word' id='word_1_267' title='bbox 835 3387 932 3454; x_wconf 85' lang='lat' dir='ltr'><strong>Qui</strong></span> <span class='ocrx_word' id='word_1_268' title='bbox 967 3387 1108 3442; x_wconf 84' lang='lat' dir='ltr'><strong>videt</strong></span> <span class='ocrx_word' id='word_1_269' title='bbox 1138 3387 1332 3449; x_wconf 90' lang='lat' dir='ltr'><strong>Deum,</strong></span> <span class='ocrx_word' id='word_1_270' title='bbox 1365 3386 1414 3438; x_wconf 86' lang='lat' dir='ltr'><strong>in</strong></span> <span class='ocrx_word' id='word_1_271' title='bbox 1464 3385 1579 3454; x_wconf 85' lang='lat' dir='ltr'><strong>ipso</strong></span> <span class='ocrx_word' id='word_1_272' title='bbox 1606 3385 1836 3454; x_wconf 64' lang='lat' dir='ltr'><strong>lauetur,</strong></span> <span class='ocrx_word' id='word_1_273' title='bbox 1858 3382 1898 3435; x_wconf 57' lang='lat' dir='ltr'><strong>&#39;a</strong></span> <span class='ocrx_word' id='word_1_274' title='bbox 1925 3399 2031 3451; x_wconf 90' lang='lat' dir='ltr'><strong>quo</strong></span> 
     </span>
    </p>
   </div>
   <div class='ocr_carea' id='block_1_35' title="bbox 455 3474 2030 3546">
    <p class='ocr_par' dir='ltr' id='par_1_35' title="bbox 455 3474 2030 3546">
     <span class='ocr_line' id='line_1_35' title="bbox 455 3474 2030 3546; baseline -0.002 -16"><span class='ocrx_word' id='word_1_275' title='bbox 455 3478 621 3532; x_wconf 79' lang='lat' dir='ltr'><strong>factus</strong></span> <span class='ocrx_word' id='word_1_276' title='bbox 649 3487 749 3533; x_wconf 90' lang='lat' dir='ltr'><strong>est.</strong></span> <span class='ocrx_word' id='word_1_277' title='bbox 796 3477 930 3546; x_wconf 84' lang='lat' dir='ltr'><strong>Quid</strong></span> <span class='ocrx_word' id='word_1_278' title='bbox 956 3487 1038 3532; x_wconf 88' lang='lat' dir='ltr'><strong>est</strong></span> <span class='ocrx_word' id='word_1_279' title='bbox 1062 3492 1211 3546; x_wconf 85' lang='lat' dir='ltr'><strong>ergo,</strong></span> <span class='ocrx_word' id='word_1_280' title='bbox 1245 3475 1468 3529; x_wconf 83' lang='lat' dir='ltr'><strong>fratres?</strong></span> <span class='ocrx_word' id='word_1_281' title='bbox 1496 3477 1617 3546; x_wconf 90' lang='lat' dir='ltr'><strong>quia</strong></span> <span class='ocrx_word' id='word_1_282' title='bbox 1663 3474 1892 3529; x_wconf 76' lang='lat' dir='ltr'><strong>diximus</strong></span> <span class='ocrx_word' id='word_1_283' title='bbox 1932 3489 2030 3528; x_wconf 83' lang='lat' dir='ltr'><strong>nos</strong></span> 
     </span>
    </p>
   </div>
   <div class='ocr_carea' id='block_1_36' title="bbox 453 3563 2029 3638">
    <p class='ocr_par' dir='ltr' id='par_1_36' title="bbox 453 3563 2029 3638">
     <span class='ocr_line' id='line_1_36' title="bbox 453 3563 2029 3638; baseline -0.003 -17"><span class='ocrx_word' id='word_1_284' title='bbox 453 3569 519 3621; x_wconf 86' lang='lat' dir='ltr'><strong>ad</strong></span> <span class='ocrx_word' id='word_1_285' title='bbox 549 3569 837 3623; x_wconf 83' lang='lat' dir='ltr'><strong>Ecclesiam</strong></span> <span class='ocrx_word' id='word_1_286' title='bbox 866 3569 1130 3638; x_wconf 87' lang='lat' dir='ltr'><strong>pertinere</strong></span> <span class='ocrx_word' id='word_1_287' title='bbox 1159 3574 1462 3620; x_wconf 89' lang='lat' dir='ltr'><strong>sanctormn</strong></span> <span class='ocrx_word' id='word_1_288' title='bbox 1484 3607 1500 3632; x_wconf 93' lang='lat'><strong>,</strong></span> <span class='ocrx_word' id='word_1_289' title='bbox 1531 3564 1783 3634; x_wconf 87' lang='lat' dir='ltr'><strong>numquid</strong></span> <span class='ocrx_word' id='word_1_290' title='bbox 1810 3563 1919 3634; x_wconf 80' lang='lat' dir='ltr'><strong>jam</strong></span> <span class='ocrx_word' id='word_1_291' title='bbox 1946 3563 2029 3616; x_wconf 89' lang='lat' dir='ltr'><strong>vi-</strong></span> 
     </span>
    </p>
   </div>
   <div class='ocr_carea' id='block_1_37' title="bbox 453 3654 2030 3726">
    <p class='ocr_par' dir='ltr' id='par_1_37' title="bbox 453 3654 2030 3726">
     <span class='ocr_line' id='line_1_37' title="bbox 453 3654 2030 3726; baseline -0.003 -12"><span class='ocrx_word' id='word_1_292' title='bbox 453 3661 643 3714; x_wconf 87' lang='lat' dir='ltr'><strong>demus</strong></span> <span class='ocrx_word' id='word_1_293' title='bbox 670 3661 867 3714; x_wconf 88' lang='lat' dir='ltr'><strong>Deum?</strong></span> <span class='ocrx_word' id='word_1_294' title='bbox 893 3657 1174 3726; x_wconf 85' lang='lat' dir='ltr'><strong>Quomodo</strong></span> <span class='ocrx_word' id='word_1_295' title='bbox 1216 3671 1399 3711; x_wconf 91' lang='lat' dir='ltr'><strong>sumus</strong></span> <span class='ocrx_word' id='word_1_296' title='bbox 1442 3655 1626 3721; x_wconf 82' lang='lat' dir='ltr'><strong>Israel,</strong></span> <span class='ocrx_word' id='word_1_297' title='bbox 1655 3655 1702 3710; x_wconf 89' lang='lat' dir='ltr'><strong>si</strong></span> <span class='ocrx_word' id='word_1_298' title='bbox 1741 3670 1846 3710; x_wconf 86' lang='lat' dir='ltr'><strong>non</strong></span> <span class='ocrx_word' id='word_1_299' title='bbox 1876 3654 2030 3709; x_wconf 86' lang='lat' dir='ltr'><strong>vide-</strong></span> 
     </span>
    </p>
   </div>
   <div class='ocr_carea' id='block_1_38' title="bbox 457 3748 2027 3822">
    <p class='ocr_par' dir='ltr' id='par_1_38' title="bbox 457 3748 2027 3822">
     <span class='ocr_line' id='line_1_38' title="bbox 457 3748 2027 3822; baseline -0.003 -16"><span class='ocrx_word' id='word_1_300' title='bbox 457 3753 617 3806; x_wconf 87' lang='lat' dir='ltr'><strong>mus?</strong></span> <span class='ocrx_word' id='word_1_301' title='bbox 665 3752 758 3807; x_wconf 89' lang='lat' dir='ltr'><strong>Est</strong></span> <span class='ocrx_word' id='word_1_302' title='bbox 779 3752 1019 3822; x_wconf 65' lang='lat' dir='ltr'><strong>quatdam</strong></span> <span class='ocrx_word' id='word_1_303' title='bbox 1051 3751 1187 3805; x_wconf 83' lang='lat' dir='ltr'><strong>visio</strong></span> <span class='ocrx_word' id='word_1_304' title='bbox 1217 3750 1371 3820; x_wconf 87' lang='lat' dir='ltr'><strong>hujus</strong></span> <span class='ocrx_word' id='word_1_305' title='bbox 1403 3749 1688 3818; x_wconf 88' lang='lat' dir='ltr'><strong>temporis;</strong></span> <span class='ocrx_word' id='word_1_306' title='bbox 1721 3748 1824 3803; x_wconf 90' lang='lat' dir='ltr'><strong>erit</strong></span> <span class='ocrx_word' id='word_1_307' title='bbox 1863 3748 2027 3802; x_wconf 85' lang='lat' dir='ltr'><strong>altera</strong></span> 
     </span>
    </p>
   </div>
   <div class='ocr_carea' id='block_1_39' title="bbox 455 3838 2028 3912">
    <p class='ocr_par' dir='ltr' id='par_1_39' title="bbox 455 3838 2028 3912">
     <span class='ocr_line' id='line_1_39' title="bbox 455 3838 2028 3912; baseline -0.004 -13"><span class='ocrx_word' id='word_1_308' title='bbox 455 3846 589 3900; x_wconf 90' lang='lat' dir='ltr'><strong>visio</strong></span> <span class='ocrx_word' id='word_1_309' title='bbox 621 3844 780 3898; x_wconf 82' lang='lat' dir='ltr'><strong>futuri</strong></span> <span class='ocrx_word' id='word_1_310' title='bbox 811 3843 1064 3912; x_wconf 85' lang='lat' dir='ltr'><strong>temporis</strong></span> <span class='ocrx_word' id='word_1_311' title='bbox 1088 3859 1102 3896; x_wconf 90' lang='lat'><strong>:</strong></span> <span class='ocrx_word' id='word_1_312' title='bbox 1124 3841 1258 3896; x_wconf 91' lang='lat' dir='ltr'><strong>visio</strong></span> <span class='ocrx_word' id='word_1_313' title='bbox 1283 3857 1401 3912; x_wconf 68' lang='lat' dir='ltr'><strong>qua:</strong></span> <span class='ocrx_word' id='word_1_314' title='bbox 1429 3840 1588 3894; x_wconf 92' lang='lat' dir='ltr'><strong>modo</strong></span> <span class='ocrx_word' id='word_1_315' title='bbox 1611 3849 1714 3904; x_wconf 89' lang='lat' dir='ltr'><strong>est,</strong></span> <span class='ocrx_word' id='word_1_316' title='bbox 1751 3855 1842 3908; x_wconf 89' lang='lat' dir='ltr'><strong>per</strong></span> <span class='ocrx_word' id='word_1_317' title='bbox 1873 3838 2028 3893; x_wconf 87' lang='lat' dir='ltr'><strong>fidem</strong></span> 
     </span>
    </p>
   </div>
   <div class='ocr_carea' id='block_1_40' title="bbox 457 3931 2024 4008">
    <p class='ocr_par' dir='ltr' id='par_1_40' title="bbox 457 3931 2024 4008">
     <span class='ocr_line' id='line_1_40' title="bbox 457 3931 2024 4008; baseline -0.006 -13"><span class='ocrx_word' id='word_1_318' title='bbox 457 3950 570 4003; x_wconf 90' lang='lat' dir='ltr'><strong>est;</strong></span> <span class='ocrx_word' id='word_1_319' title='bbox 599 3939 734 3993; x_wconf 85' lang='lat' dir='ltr'><strong>visio</strong></span> <span class='ocrx_word' id='word_1_320' title='bbox 761 3954 880 4008; x_wconf 69' lang='lat' dir='ltr'><strong>qua:</strong></span> <span class='ocrx_word' id='word_1_321' title='bbox 911 3937 1082 3991; x_wconf 89' lang='lat' dir='ltr'><strong>futura</strong></span> <span class='ocrx_word' id='word_1_322' title='bbox 1107 3945 1208 4002; x_wconf 89' lang='lat' dir='ltr'><strong>est,</strong></span> <span class='ocrx_word' id='word_1_323' title='bbox 1243 3951 1337 4005; x_wconf 88' lang='lat' dir='ltr'><strong>per</strong></span> <span class='ocrx_word' id='word_1_324' title='bbox 1361 3933 1592 4006; x_wconf 84' lang='lat' dir='ltr'><strong>speciem</strong></span> <span class='ocrx_word' id='word_1_325' title='bbox 1621 3933 1740 3988; x_wconf 90' lang='lat' dir='ltr'><strong>erit.</strong></span> <span class='ocrx_word' id='word_1_326' title='bbox 1769 3931 1822 3987; x_wconf 89' lang='lat' dir='ltr'><strong>Si</strong></span> <span class='ocrx_word' id='word_1_327' title='bbox 1853 3931 2024 3987; x_wconf 88' lang='lat' dir='ltr'><strong>credi-</strong></span> 
     </span>
    </p>
   </div>
   <div class='ocr_carea' id='block_1_41' title="bbox 455 4021 2030 4098">
    <p class='ocr_par' dir='ltr' id='par_1_41' title="bbox 455 4021 2030 4098">
     <span class='ocr_line' id='line_1_41' title="bbox 455 4021 2030 4098; baseline -0.004 -13"><span class='ocrx_word' id='word_1_328' title='bbox 455 4047 572 4085; x_wconf 90' lang='lat' dir='ltr'><strong>mus</strong></span> <span class='ocrx_word' id='word_1_329' title='bbox 591 4072 608 4098; x_wconf 91' lang='lat'><strong>,</strong></span> <span class='ocrx_word' id='word_1_330' title='bbox 635 4030 909 4094; x_wconf 86' lang='lat' dir='ltr'><strong>videmus;</strong></span> <span class='ocrx_word' id='word_1_331' title='bbox 937 4029 980 4083; x_wconf 91' lang='lat' dir='ltr'><strong>si</strong></span> <span class='ocrx_word' id='word_1_332' title='bbox 1010 4042 1249 4081; x_wconf 90' lang='lat' dir='ltr'><strong>amamus</strong></span> <span class='ocrx_word' id='word_1_333' title='bbox 1269 4068 1283 4090; x_wconf 84' lang='grc'>,</span> <span class='ocrx_word' id='word_1_334' title='bbox 1307 4025 1568 4080; x_wconf 88' lang='lat' dir='ltr'><strong>videmus.</strong></span> <span class='ocrx_word' id='word_1_335' title='bbox 1591 4022 1727 4090; x_wconf 83' lang='lat' dir='ltr'><strong>Quid</strong></span> <span class='ocrx_word' id='word_1_336' title='bbox 1755 4021 2030 4078; x_wconf 78' lang='lat' dir='ltr'><strong>videmus?</strong></span> 
     </span>
    </p>
   </div>
   <div class='ocr_carea' id='block_1_42' title="bbox 454 4112 2030 4188">
    <p class='ocr_par' dir='ltr' id='par_1_42' title="bbox 454 4112 2030 4188">
     <span class='ocr_line' id='line_1_42' title="bbox 454 4112 2030 4188; baseline -0.004 -14"><span class='ocrx_word' id='word_1_337' title='bbox 454 4121 643 4176; x_wconf 82' lang='lat' dir='ltr'><strong>Deum.</strong></span> <span class='ocrx_word' id='word_1_338' title='bbox 681 4119 781 4176; x_wconf 86' lang='lat' dir='ltr'><strong>Ubi</strong></span> <span class='ocrx_word' id='word_1_339' title='bbox 811 4129 892 4174; x_wconf 88' lang='lat' dir='ltr'><strong>est</strong></span> <span class='ocrx_word' id='word_1_340' title='bbox 921 4119 1033 4188; x_wconf 89' lang='lat' dir='ltr'><strong>ipse</strong></span> <span class='ocrx_word' id='word_1_341' title='bbox 1063 4118 1234 4171; x_wconf 85' lang='lat' dir='ltr'><strong>Deus?</strong></span> <span class='ocrx_word' id='word_1_342' title='bbox 1278 4116 1544 4186; x_wconf 83' lang='lat' dir='ltr'><strong>Interroga</strong></span> <span class='ocrx_word' id='word_1_343' title='bbox 1572 4115 1832 4170; x_wconf 82' lang='lat' dir='ltr'><strong>Joannem</strong></span> <span class='ocrx_word' id='word_1_344' title='bbox 1857 4131 1870 4167; x_wconf 88' lang='lat'>:</span> <span class='ocrx_word' id='word_1_345' title='bbox 1897 4112 2030 4168; x_wconf 89' lang='lat' dir='ltr'><strong>Deus</strong></span> 
     </span>
    </p>
   </div>
   <div class='ocr_carea' id='block_1_43' title="bbox 454 4204 2030 4281">
    <p class='ocr_par' dir='ltr' id='par_1_43' title="bbox 454 4204 2030 4281">
     <span class='ocr_line' id='line_1_43' title="bbox 454 4204 2030 4281; baseline -0.003 -18"><span class='ocrx_word' id='word_1_346' title='bbox 454 4210 676 4264; x_wconf 77' lang='lat' dir='ltr'><strong>eharilas</strong></span> <span class='ocrx_word' id='word_1_347' title='bbox 705 4221 777 4264; x_wconf 88' lang='lat' dir='ltr'><strong>est</strong></span> <span class='ocrx_word' id='word_1_348' title='bbox 806 4208 1022 4281; x_wconf 83' lang='lat' dir='ltr'><strong>(IJoan.</strong></span> <span class='ocrx_word' id='word_1_349' title='bbox 1047 4225 1117 4275; x_wconf 83' lang='lat' dir='ltr'><strong>IV,</strong></span> <span class='ocrx_word' id='word_1_350' title='bbox 1144 4209 1253 4279; x_wconf 86' lang='lat' dir='ltr'><strong>l6).</strong></span> <span class='ocrx_word' id='word_1_351' title='bbox 1279 4207 1662 4262; x_wconf 88' lang='lat' dir='ltr'><strong>Beucdicamus</strong></span> <span class='ocrx_word' id='word_1_352' title='bbox 1691 4221 1884 4260; x_wconf 88' lang='lat' dir='ltr'><strong>nomen</strong></span> <span class='ocrx_word' id='word_1_353' title='bbox 1916 4204 2030 4275; x_wconf 84' lang='lat' dir='ltr'><strong>ejus</strong></span> 
     </span>
    </p>
   </div>
   <div class='ocr_carea' id='block_1_44' title="bbox 455 4296 2029 4372">
    <p class='ocr_par' dir='ltr' id='par_1_44' title="bbox 455 4296 2029 4372">
     <span class='ocr_line' id='line_1_44' title="bbox 455 4296 2029 4372; baseline -0.006 -14"><span class='ocrx_word' id='word_1_354' title='bbox 455 4311 726 4368; x_wconf 81' lang='lat' dir='ltr'><strong>sanctum;</strong></span> <span class='ocrx_word' id='word_1_355' title='bbox 755 4311 808 4356; x_wconf 91' lang='lat' dir='ltr'><strong>et</strong></span> <span class='ocrx_word' id='word_1_356' title='bbox 833 4302 1155 4372; x_wconf 75' lang='lat' dir='ltr'><strong>gaudeamus</strong></span> <span class='ocrx_word' id='word_1_357' title='bbox 1178 4301 1228 4355; x_wconf 89' lang='lat' dir='ltr'><strong>in</strong></span> <span class='ocrx_word' id='word_1_358' title='bbox 1262 4301 1389 4365; x_wconf 88' lang='lat' dir='ltr'><strong>Deo,</strong></span> <span class='ocrx_word' id='word_1_359' title='bbox 1421 4300 1462 4353; x_wconf 91' lang='lat' dir='ltr'><strong>si</strong></span> <span class='ocrx_word' id='word_1_360' title='bbox 1495 4298 1786 4369; x_wconf 84' lang='lat' dir='ltr'><strong>gaudemus</strong></span> <span class='ocrx_word' id='word_1_361' title='bbox 1818 4298 1870 4351; x_wconf 94' lang='lat' dir='ltr'><strong>in</strong></span> <span class='ocrx_word' id='word_1_362' title='bbox 1899 4296 2029 4352; x_wconf 86' lang='lat' dir='ltr'><strong>cha-</strong></span> 
     </span>
    </p>
   </div>
   <div class='ocr_carea' id='block_1_45' title="bbox 455 4388 2030 4462">
    <p class='ocr_par' dir='ltr' id='par_1_45' title="bbox 455 4388 2030 4462">
     <span class='ocr_line' id='line_1_45' title="bbox 455 4388 2030 4462; baseline -0.004 -14"><span class='ocrx_word' id='word_1_363' title='bbox 455 4395 628 4448; x_wconf 87' lang='lat' dir='ltr'><strong>ritate.</strong></span> <span class='ocrx_word' id='word_1_364' title='bbox 657 4392 904 4462; x_wconf 86' lang='lat' dir='ltr'><strong>Quisquis</strong></span> <span class='ocrx_word' id='word_1_365' title='bbox 933 4393 1090 4447; x_wconf 90' lang='lat' dir='ltr'><strong>habet</strong></span> <span class='ocrx_word' id='word_1_366' title='bbox 1108 4391 1445 4450; x_wconf 90' lang='lat' dir='ltr'><strong>charitatcm.</strong></span> <span class='ocrx_word' id='word_1_367' title='bbox 1476 4389 1659 4459; x_wconf 90' lang='lat' dir='ltr'><strong>utquid</strong></span> <span class='ocrx_word' id='word_1_368' title='bbox 1690 4388 1834 4442; x_wconf 92' lang='lat' dir='ltr'><strong>illum</strong></span> <span class='ocrx_word' id='word_1_369' title='bbox 1867 4388 2030 4442; x_wconf 83' lang='lat' dir='ltr'><strong>mitti-</strong></span> 
     </span>
    </p>
   </div>
   <div class='ocr_carea' id='block_1_46' title="bbox 457 4481 2029 4554">
    <p class='ocr_par' dir='ltr' id='par_1_46' title="bbox 457 4481 2029 4554">
     <span class='ocr_line' id='line_1_46' title="bbox 457 4481 2029 4554; baseline -0.004 -16"><span class='ocrx_word' id='word_1_370' title='bbox 457 4501 575 4539; x_wconf 89' lang='lat' dir='ltr'><strong>mus</strong></span> <span class='ocrx_word' id='word_1_371' title='bbox 615 4485 769 4554; x_wconf 83' lang='lat' dir='ltr'><strong>longe</strong></span> <span class='ocrx_word' id='word_1_372' title='bbox 789 4524 802 4548; x_wconf 91' lang='lat'><strong>,</strong></span> <span class='ocrx_word' id='word_1_373' title='bbox 835 4496 890 4538; x_wconf 92' lang='lat' dir='ltr'><strong>ut</strong></span> <span class='ocrx_word' id='word_1_374' title='bbox 920 4484 1094 4538; x_wconf 88' lang='lat' dir='ltr'><strong>videat</strong></span> <span class='ocrx_word' id='word_1_375' title='bbox 1119 4482 1322 4538; x_wconf 90' lang='lat' dir='ltr'><strong>Deum?</strong></span> <span class='ocrx_word' id='word_1_376' title='bbox 1347 4481 1739 4536; x_wconf 90' lang='lat' dir='ltr'><strong>Conseientiam</strong></span> <span class='ocrx_word' id='word_1_377' title='bbox 1767 4495 1915 4534; x_wconf 87' lang='lat' dir='ltr'><strong>suam</strong></span> <span class='ocrx_word' id='word_1_378' title='bbox 1943 4487 2029 4532; x_wconf 86' lang='lat' dir='ltr'><strong>at-</strong></span> 
     </span>
    </p>
   </div>
   <div class='ocr_carea' id='block_1_47' title="bbox 457 4571 2030 4641">
    <p class='ocr_par' dir='ltr' id='par_1_47' title="bbox 457 4571 2030 4641">
     <span class='ocr_line' id='line_1_47' title="bbox 457 4571 2030 4641; baseline -0.002 -14"><span class='ocrx_word' id='word_1_379' title='bbox 457 4575 656 4641; x_wconf 86' lang='lat' dir='ltr'><strong>tendat,</strong></span> <span class='ocrx_word' id='word_1_380' title='bbox 690 4584 743 4628; x_wconf 90' lang='lat' dir='ltr'><strong>et</strong></span> <span class='ocrx_word' id='word_1_381' title='bbox 772 4575 840 4628; x_wconf 91' lang='lat' dir='ltr'><strong>ibi</strong></span> <span class='ocrx_word' id='word_1_382' title='bbox 869 4575 1012 4629; x_wconf 89' lang='lat' dir='ltr'><strong>videt</strong></span> <span class='ocrx_word' id='word_1_383' title='bbox 1036 4575 1222 4628; x_wconf 90' lang='lat' dir='ltr'><strong>Deum.</strong></span> <span class='ocrx_word' id='word_1_384' title='bbox 1251 4575 1304 4629; x_wconf 88' lang='lat' dir='ltr'><strong>Si</strong></span> <span class='ocrx_word' id='word_1_385' title='bbox 1329 4574 1560 4627; x_wconf 86' lang='lat' dir='ltr'><strong>eharilas</strong></span> <span class='ocrx_word' id='word_1_386' title='bbox 1583 4573 1651 4626; x_wconf 93' lang='lat' dir='ltr'><strong>ibi</strong></span> <span class='ocrx_word' id='word_1_387' title='bbox 1676 4588 1779 4625; x_wconf 93' lang='lat' dir='ltr'><strong>non</strong></span> <span class='ocrx_word' id='word_1_388' title='bbox 1805 4571 2030 4638; x_wconf 88' lang='lat' dir='ltr'><strong>habitat,</strong></span> 
     </span>
    </p>
   </div>
   <div class='ocr_carea' id='block_1_48' title="bbox 457 4662 2028 4724">
    <p class='ocr_par' dir='ltr' id='par_1_48' title="bbox 457 4662 2028 4724">
     <span class='ocr_line' id='line_1_48' title="bbox 457 4662 2028 4724; baseline -0.003 -5"><span class='ocrx_word' id='word_1_389' title='bbox 457 4682 562 4720; x_wconf 86' lang='lat' dir='ltr'><strong>non</strong></span> <span class='ocrx_word' id='word_1_390' title='bbox 605 4665 675 4720; x_wconf 91' lang='lat' dir='ltr'><strong>ibi</strong></span> <span class='ocrx_word' id='word_1_391' title='bbox 711 4664 913 4719; x_wconf 91' lang='lat' dir='ltr'><strong>habitat</strong></span> <span class='ocrx_word' id='word_1_392' title='bbox 952 4665 1090 4720; x_wconf 85' lang='lat' dir='ltr'><strong>Deus</strong></span> <span class='ocrx_word' id='word_1_393' title='bbox 1115 4684 1128 4718; x_wconf 74' lang='grc' dir='ltr'>ί</span> <span class='ocrx_word' id='word_1_394' title='bbox 1158 4665 1202 4719; x_wconf 90' lang='lat' dir='ltr'><strong>si</strong></span> <span class='ocrx_word' id='word_1_395' title='bbox 1232 4675 1406 4719; x_wconf 89' lang='lat' dir='ltr'><strong>autem</strong></span> <span class='ocrx_word' id='word_1_396' title='bbox 1434 4664 1666 4718; x_wconf 90' lang='lat' dir='ltr'><strong>eharilas</strong></span> <span class='ocrx_word' id='word_1_397' title='bbox 1705 4662 1773 4717; x_wconf 89' lang='lat' dir='ltr'><strong>ibi</strong></span> <span class='ocrx_word' id='word_1_398' title='bbox 1808 4663 2028 4724; x_wconf 88' lang='lat' dir='ltr'><strong>habitat.</strong></span> 
     </span>
    </p>
   </div>
   <div class='ocr_carea' id='block_1_49' title="bbox 460 4753 2031 4812">
    <p class='ocr_par' dir='ltr' id='par_1_49' title="bbox 460 4753 2031 4812">
     <span class='ocr_line' id='line_1_49' title="bbox 460 4753 2031 4812; baseline -0.003 0"><span class='ocrx_word' id='word_1_399' title='bbox 460 4759 597 4812; x_wconf 85' lang='lat' dir='ltr'><strong>Dens</strong></span> <span class='ocrx_word' id='word_1_400' title='bbox 625 4757 696 4812; x_wconf 92' lang='lat' dir='ltr'><strong>ibi</strong></span> <span class='ocrx_word' id='word_1_401' title='bbox 725 4756 945 4812; x_wconf 88' lang='lat' dir='ltr'><strong>habitat.</strong></span> <span class='ocrx_word' id='word_1_402' title='bbox 970 4756 1094 4810; x_wconf 77' lang='lat' dir='ltr'><strong>Vult</strong></span> <span class='ocrx_word' id='word_1_403' title='bbox 1125 4757 1269 4811; x_wconf 90' lang='lat' dir='ltr'><strong>illum</strong></span> <span class='ocrx_word' id='word_1_404' title='bbox 1303 4754 1440 4809; x_wconf 86' lang='lat' dir='ltr'><strong>forte</strong></span> <span class='ocrx_word' id='word_1_405' title='bbox 1469 4754 1648 4809; x_wconf 84' lang='lat' dir='ltr'><strong>videre</strong></span> <span class='ocrx_word' id='word_1_406' title='bbox 1679 4753 1950 4808; x_wconf 87' lang='lat' dir='ltr'><strong>sedentem</strong></span> <span class='ocrx_word' id='word_1_407' title='bbox 1978 4755 2031 4808; x_wconf 92' lang='lat' dir='ltr'><strong>in</strong></span> 
     </span>
    </p>
   </div>
   <div class='ocr_carea' id='block_1_50' title="bbox 455 4845 2031 4915">
    <p class='ocr_par' dir='ltr' id='par_1_50' title="bbox 455 4845 2031 4915">
     <span class='ocr_line' id='line_1_50' title="bbox 455 4845 2031 4915; baseline -0.003 -11"><span class='ocrx_word' id='word_1_408' title='bbox 455 4850 623 4915; x_wconf 68' lang='lat' dir='ltr'><strong>caalo;</strong></span> <span class='ocrx_word' id='word_1_409' title='bbox 657 4847 848 4902; x_wconf 90' lang='lat' dir='ltr'><strong>habeat</strong></span> <span class='ocrx_word' id='word_1_410' title='bbox 886 4847 1230 4912; x_wconf 87' lang='lat' dir='ltr'><strong>charitatcm,</strong></span> <span class='ocrx_word' id='word_1_411' title='bbox 1260 4857 1314 4902; x_wconf 92' lang='lat' dir='ltr'><strong>et</strong></span> <span class='ocrx_word' id='word_1_412' title='bbox 1360 4847 1410 4900; x_wconf 90' lang='lat' dir='ltr'><strong>in</strong></span> <span class='ocrx_word' id='word_1_413' title='bbox 1450 4862 1514 4900; x_wconf 92' lang='lat' dir='ltr'><strong>eo</strong></span> <span class='ocrx_word' id='word_1_414' title='bbox 1560 4845 1760 4899; x_wconf 88' lang='lat' dir='ltr'><strong>habitat</strong></span> <span class='ocrx_word' id='word_1_415' title='bbox 1803 4845 1939 4898; x_wconf 90' lang='lat' dir='ltr'><strong>sicut</strong></span> <span class='ocrx_word' id='word_1_416' title='bbox 1979 4845 2031 4899; x_wconf 90' lang='lat' dir='ltr'><strong>in</strong></span> 
     </span>
    </p>
   </div>
   <div class='ocr_carea' id='block_1_51' title="bbox 457 4934 2033 5010">
    <p class='ocr_par' dir='ltr' id='par_1_51' title="bbox 457 4934 2033 5010">
     <span class='ocr_line' id='line_1_51' title="bbox 457 4934 2033 5010; baseline -0.003 -16"><span class='ocrx_word' id='word_1_417' title='bbox 457 4941 612 4996; x_wconf 71' lang='lat' dir='ltr'><strong>emlo.</strong></span> <span class='ocrx_word' id='word_1_418' title='bbox 657 4939 796 5010; x_wconf 84' lang='lat' dir='ltr'><strong>Ergo</strong></span> <span class='ocrx_word' id='word_1_419' title='bbox 837 4938 1002 4992; x_wconf 89' lang='lat' dir='ltr'><strong>simus</strong></span> <span class='ocrx_word' id='word_1_420' title='bbox 1039 4937 1236 5003; x_wconf 88' lang='lat' dir='ltr'><strong>Israel,</strong></span> <span class='ocrx_word' id='word_1_421' title='bbox 1263 4947 1316 4993; x_wconf 89' lang='lat' dir='ltr'><strong>et</strong></span> <span class='ocrx_word' id='word_1_422' title='bbox 1342 4937 1582 4990; x_wconf 84' lang='lat' dir='ltr'><strong>hetemur</strong></span> <span class='ocrx_word' id='word_1_423' title='bbox 1613 4936 1663 4989; x_wconf 92' lang='lat' dir='ltr'><strong>in</strong></span> <span class='ocrx_word' id='word_1_424' title='bbox 1695 4951 1761 4991; x_wconf 87' lang='lat' dir='ltr'><strong>eo</strong></span> <span class='ocrx_word' id='word_1_425' title='bbox 1789 4935 1876 5006; x_wconf 91' lang='lat' dir='ltr'><strong>qui</strong></span> <span class='ocrx_word' id='word_1_426' title='bbox 1910 4934 2033 4990; x_wconf 89' lang='lat' dir='ltr'><strong>fecit</strong></span> 
     </span>
    </p>
   </div>
   <div class='ocr_carea' id='block_1_52' title="bbox 459 5025 2033 5120">
    <p class='ocr_par' dir='ltr' id='par_1_52' title="bbox 459 5025 2033 5120">
     <span class='ocr_line' id='line_1_52' title="bbox 459 5025 2033 5120; baseline -0.004 -33"><span class='ocrx_word' id='word_1_427' title='bbox 459 5048 556 5088; x_wconf 87' lang='lat' dir='ltr'><strong>nos</strong></span> <span class='ocrx_word' id='word_1_428' title='bbox 582 5050 594 5084; x_wconf 91' lang='lat'><strong>:</strong></span> <span class='ocrx_word' id='word_1_429' title='bbox 623 5031 840 5086; x_wconf 77' lang='lat' dir='ltr'><strong>Lwtctur</strong></span> <span class='ocrx_word' id='word_1_430' title='bbox 867 5029 1033 5085; x_wconf 86' lang='lat' dir='ltr'><strong>Israel</strong></span> <span class='ocrx_word' id='word_1_431' title='bbox 1056 5031 1108 5084; x_wconf 87' lang='lat' dir='ltr'><strong>in</strong></span> <span class='ocrx_word' id='word_1_432' title='bbox 1125 5046 1194 5120; x_wconf 50' lang='lat' dir='ltr'><strong>eo</strong></span> <span class='ocrx_word' id='word_1_433' title='bbox 1220 5029 1307 5099; x_wconf 89' lang='lat' dir='ltr'><strong>qui</strong></span> <span class='ocrx_word' id='word_1_434' title='bbox 1331 5029 1446 5098; x_wconf 78' lang='lat' dir='ltr'><strong>fecit</strong></span> <span class='ocrx_word' id='word_1_435' title='bbox 1471 5045 1601 5082; x_wconf 88' lang='lat' dir='ltr'><strong>eum.</strong></span> <span class='ocrx_word' id='word_1_436' title='bbox 1635 5028 1687 5082; x_wconf 87' lang='lat' dir='ltr'><strong>In</strong></span> <span class='ocrx_word' id='word_1_437' title='bbox 1710 5043 1774 5082; x_wconf 91' lang='lat' dir='ltr'><strong>eo</strong></span> <span class='ocrx_word' id='word_1_438' title='bbox 1797 5027 1885 5098; x_wconf 89' lang='lat' dir='ltr'><strong>qui</strong></span> <span class='ocrx_word' id='word_1_439' title='bbox 1908 5025 2033 5081; x_wconf 87' lang='lat' dir='ltr'><strong>fecit</strong></span> 
     </span>
    </p>
   </div>
   <div class='ocr_carea' id='block_1_53' title="bbox 457 5119 2030 5189">
    <p class='ocr_par' dir='ltr' id='par_1_53' title="bbox 457 5119 2030 5189">
     <span class='ocr_line' id='line_1_53' title="bbox 457 5119 2030 5189; baseline -0.004 -10"><span class='ocrx_word' id='word_1_440' title='bbox 457 5140 579 5180; x_wconf 88' lang='lat' dir='ltr'><strong>eum</strong></span> <span class='ocrx_word' id='word_1_441' title='bbox 613 5123 836 5189; x_wconf 68' lang='lat' dir='ltr'><strong>lartctur,</strong></span> <span class='ocrx_word' id='word_1_442' title='bbox 866 5137 969 5177; x_wconf 90' lang='lat' dir='ltr'><strong>non</strong></span> <span class='ocrx_word' id='word_1_443' title='bbox 1007 5122 1059 5176; x_wconf 91' lang='lat' dir='ltr'><strong>in</strong></span> <span class='ocrx_word' id='word_1_444' title='bbox 1096 5119 1224 5176; x_wconf 64' lang='lat' dir='ltr'><strong>Ario</strong></span> <span class='ocrx_word' id='word_1_445' title='bbox 1245 5121 1287 5188; x_wconf 85' lang='grc'><strong>³,</strong></span> <span class='ocrx_word' id='word_1_446' title='bbox 1314 5136 1417 5175; x_wconf 91' lang='lat' dir='ltr'><strong>non</strong></span> <span class='ocrx_word' id='word_1_447' title='bbox 1463 5120 1514 5173; x_wconf 92' lang='lat' dir='ltr'><strong>in</strong></span> <span class='ocrx_word' id='word_1_448' title='bbox 1562 5120 1797 5185; x_wconf 83' lang='lat' dir='ltr'><strong>Donato,</strong></span> <span class='ocrx_word' id='word_1_449' title='bbox 1829 5135 1934 5172; x_wconf 90' lang='lat' dir='ltr'><strong>non</strong></span> <span class='ocrx_word' id='word_1_450' title='bbox 1979 5119 2030 5172; x_wconf 91' lang='lat' dir='ltr'><strong>in</strong></span> 
     </span>
    </p>
   </div>
   <div class='ocr_carea' id='block_1_54' title="bbox 457 5208 2026 5283">
    <p class='ocr_par' dir='ltr' id='par_1_54' title="bbox 457 5208 2026 5283">
     <span class='ocr_line' id='line_1_54' title="bbox 457 5208 2026 5283; baseline -0.005 -13"><span class='ocrx_word' id='word_1_451' title='bbox 457 5213 772 5280; x_wconf 75' lang='lat' dir='ltr'><strong>Cmciliaao;</strong></span> <span class='ocrx_word' id='word_1_452' title='bbox 803 5229 907 5268; x_wconf 89' lang='lat' dir='ltr'><strong>non</strong></span> <span class='ocrx_word' id='word_1_453' title='bbox 940 5213 990 5267; x_wconf 92' lang='lat' dir='ltr'><strong>in</strong></span> <span class='ocrx_word' id='word_1_454' title='bbox 1024 5211 1341 5268; x_wconf 83' lang='lat' dir='ltr'><strong>Proculiano</strong></span> <span class='ocrx_word' id='word_1_455' title='bbox 1365 5210 1460 5283; x_wconf 89' lang='lat' dir='ltr'><strong>(a),</strong></span> <span class='ocrx_word' id='word_1_456' title='bbox 1486 5225 1590 5264; x_wconf 91' lang='lat' dir='ltr'><strong>non</strong></span> <span class='ocrx_word' id='word_1_457' title='bbox 1620 5208 1670 5262; x_wconf 92' lang='lat' dir='ltr'><strong>in</strong></span> <span class='ocrx_word' id='word_1_458' title='bbox 1698 5208 2026 5278; x_wconf 78' lang='lat' dir='ltr'><strong>Augustino:</strong></span> 
     </span>
    </p>
   </div>
   <div class='ocr_carea' id='block_1_55' title="bbox 524 5319 2036 5382">
    <p class='ocr_par' dir='ltr' id='par_1_55' title="bbox 524 5319 2036 5382">
     <span class='ocr_line' id='line_1_55' title="bbox 524 5319 2036 5382; baseline -0.004 -6"><span class='ocrx_word' id='word_1_459' title='bbox 524 5337 540 5361; x_wconf 74' lang='grc' dir='ltr'><strong>ι</strong></span> <span class='ocrx_word' id='word_1_460' title='bbox 565 5333 632 5378; x_wconf 85' lang='lat' dir='ltr'><strong>tta</strong></span> <span class='ocrx_word' id='word_1_461' title='bbox 655 5326 870 5377; x_wconf 86' lang='lat' dir='ltr'><strong>melioris</strong></span> <span class='ocrx_word' id='word_1_462' title='bbox 889 5333 1017 5377; x_wconf 74' lang='lat' dir='ltr'><strong>notae</strong></span> <span class='ocrx_word' id='word_1_463' title='bbox 1038 5333 1144 5375; x_wconf 78' lang='lat' dir='ltr'><strong>Mss.</strong></span> <span class='ocrx_word' id='word_1_464' title='bbox 1164 5323 1250 5374; x_wconf 81' lang='lat' dir='ltr'><strong>Alii</strong></span> <span class='ocrx_word' id='word_1_465' title='bbox 1268 5337 1414 5375; x_wconf 81' lang='lat' dir='ltr'><strong>vero:</strong></span> <span class='ocrx_word' id='word_1_466' title='bbox 1434 5332 1533 5373; x_wconf 59' lang='lat' dir='ltr'><strong>non</strong></span> <span class='ocrx_word' id='word_1_467' title='bbox 1547 5320 1781 5382; x_wconf 86' lang='lat' dir='ltr'><strong>quomoda</strong></span> <span class='ocrx_word' id='word_1_468' title='bbox 1797 5327 1929 5370; x_wconf 82' lang='lat' dir='ltr'><strong>terra</strong></span> <span class='ocrx_word' id='word_1_469' title='bbox 1945 5319 2036 5370; x_wconf 85' lang='lat' dir='ltr'><strong>ista</strong></span> 
     </span>
    </p>
   </div>
   <div class='ocr_carea' id='block_1_56' title="bbox 461 5382 2035 5458">
    <p class='ocr_par' dir='ltr' id='par_1_56' title="bbox 461 5382 2035 5458">
     <span class='ocr_line' id='line_1_56' title="bbox 461 5382 2035 5458; baseline -0.004 -19"><span class='ocrx_word' id='word_1_470' title='bbox 461 5389 644 5458; x_wconf 71' lang='lat' dir='ltr'><strong>{:etulia</strong></span> <span class='ocrx_word' id='word_1_471' title='bbox 665 5394 759 5458; x_wconf 57' lang='lat' dir='ltr'><strong>[ert</strong></span> <span class='ocrx_word' id='word_1_472' title='bbox 794 5401 1105 5452; x_wconf 74' lang='lat' dir='ltr'><strong>sexagenum,</strong></span> <span class='ocrx_word' id='word_1_473' title='bbox 1132 5394 1226 5458; x_wconf 79' lang='lat' dir='ltr'><strong>etc.</strong></span> <span class='ocrx_word' id='word_1_474' title='bbox 1253 5385 1383 5436; x_wconf 81' lang='lat' dir='ltr'><strong>Edd.:</strong></span> <span class='ocrx_word' id='word_1_475' title='bbox 1409 5394 1509 5436; x_wconf 64' lang='lat' dir='ltr'><strong>non</strong></span> <span class='ocrx_word' id='word_1_476' title='bbox 1532 5382 1766 5448; x_wconf 87' lang='lat' dir='ltr'><strong>quomodo</strong></span> <span class='ocrx_word' id='word_1_477' title='bbox 1787 5383 1882 5443; x_wconf 79' lang='lat' dir='ltr'><strong>fert</strong></span> <span class='ocrx_word' id='word_1_478' title='bbox 1903 5389 2035 5432; x_wconf 87' lang='lat' dir='ltr'><strong>terra</strong></span> 
     </span>
    </p>
   </div>
   <div class='ocr_carea' id='block_1_57' title="bbox 456 5450 1215 5515">
    <p class='ocr_par' dir='ltr' id='par_1_57' title="bbox 456 5450 1215 5515">
     <span class='ocr_line' id='line_1_57' title="bbox 456 5450 1215 5515; baseline -0.003 -15"><span class='ocrx_word' id='word_1_479' title='bbox 456 5450 549 5500; x_wconf 83' lang='lat' dir='ltr'><strong>ista</strong></span> <span class='ocrx_word' id='word_1_480' title='bbox 564 5450 760 5515; x_wconf 69' lang='lat' dir='ltr'><strong>seruiit:</strong></span> <span class='ocrx_word' id='word_1_481' title='bbox 775 5450 1081 5515; x_wconf 59' lang='lat' dir='ltr'><strong>sentientem</strong></span> <span class='ocrx_word' id='word_1_482' title='bbox 1121 5456 1215 5515; x_wconf 76' lang='lat' dir='ltr'><strong>etc.</strong></span> 
     </span>
    </p>
   </div>
   <div class='ocr_carea' id='block_1_58' title="bbox 525 5505 1817 5579">
    <p class='ocr_par' dir='ltr' id='par_1_58' title="bbox 525 5505 1817 5579">
     <span class='ocr_line' id='line_1_58' title="bbox 525 5505 1817 5579; baseline -0.005 -20"><span class='ocrx_word' id='word_1_483' title='bbox 525 5515 545 5579; x_wconf 70' lang='grc' dir='ltr'><strong>ξ</strong></span> <span class='ocrx_word' id='word_1_484' title='bbox 572 5505 916 5579; x_wconf 70' lang='lat' dir='ltr'><strong>Aliquot__alss.;&#39;</strong></span> <span class='ocrx_word' id='word_1_485' title='bbox 931 5510 996 5560; x_wconf 85' lang='lat' dir='ltr'><strong>ad</strong></span> <span class='ocrx_word' id='word_1_486' title='bbox 1021 5505 1274 5579; x_wconf 62' lang='lat' dir='ltr'><strong>pernitiem:</strong></span> <span class='ocrx_word' id='word_1_487' title='bbox 1293 5508 1538 5579; x_wconf 63' lang='lat' dir='ltr'><strong>{metuam</strong></span> <span class='ocrx_word' id='word_1_488' title='bbox 1557 5505 1817 5570; x_wconf 79' lang='lat' dir='ltr'><strong>pertinere.</strong></span> 
     </span>
    </p>
   </div>
   <div class='ocr_carea' id='block_1_59' title="bbox 525 5569 1508 5630">
    <p class='ocr_par' dir='ltr' id='par_1_59' title="bbox 525 5569 1508 5630">
     <span class='ocr_line' id='line_1_59' title="bbox 525 5569 1508 5630; baseline -0.007 -7"><span class='ocrx_word' id='word_1_489' title='bbox 525 5575 546 5606; x_wconf 85' lang='grc'><strong><em>³</em></strong></span> <span class='ocrx_word' id='word_1_490' title='bbox 567 5569 784 5623; x_wconf 69' lang='lat' dir='ltr'><strong>Nonnulli</strong></span> <span class='ocrx_word' id='word_1_491' title='bbox 809 5569 914 5623; x_wconf 74' lang='lat' dir='ltr'><strong>Mss.</strong></span> <span class='ocrx_word' id='word_1_492' title='bbox 939 5574 1182 5630; x_wconf 84' lang='lat' dir='ltr'><strong>omittunt.</strong></span> <span class='ocrx_word' id='word_1_493' title='bbox 1201 5569 1302 5621; x_wconf 74' lang='lat' dir='ltr'><strong>non</strong></span> <span class='ocrx_word' id='word_1_494' title='bbox 1312 5569 1364 5620; x_wconf 88' lang='lat' dir='ltr'><strong>in</strong></span> <span class='ocrx_word' id='word_1_495' title='bbox 1382 5569 1508 5620; x_wconf 55' lang='lat' dir='ltr'><strong>ario.</strong></span> 
     </span>
    </p>
   </div>
   <div class='ocr_carea' id='block_1_60' title="bbox 525 5627 2036 5697">
    <p class='ocr_par' dir='ltr' id='par_1_60' title="bbox 525 5627 2036 5697">
     <span class='ocr_line' id='line_1_60' title="bbox 525 5627 2036 5697; baseline -0.007 -13"><span class='ocrx_word' id='word_1_496' title='bbox 525 5635 599 5697; x_wconf 80' lang='grc' dir='ltr'><strong>(α)</strong></span> <span class='ocrx_word' id='word_1_497' title='bbox 643 5637 758 5685; x_wconf 83' lang='lat' dir='ltr'><strong>Hinc</strong></span> <span class='ocrx_word' id='word_1_498' title='bbox 789 5637 963 5697; x_wconf 83' lang='lat' dir='ltr'><strong>merito</strong></span> <span class='ocrx_word' id='word_1_499' title='bbox 991 5627 1216 5697; x_wconf 68' lang='lat' dir='ltr'><strong>eorijicnis</strong></span> <span class='ocrx_word' id='word_1_500' title='bbox 1252 5644 1530 5697; x_wconf 68' lang='lat' dir='ltr'><strong>set-umnam</strong></span> <span class='ocrx_word' id='word_1_501' title='bbox 1563 5637 1784 5697; x_wconf 62' lang='lat' dir='ltr'><strong>tttppone</strong></span> <span class='ocrx_word' id='word_1_502' title='bbox 1821 5627 2036 5697; x_wconf 66' lang='lat' dir='ltr'><strong>habitum</strong></span> 
     </span>
    </p>
   </div>
   <div class='ocr_carea' id='block_1_61' title="bbox 459 5691 2032 5755">
    <p class='ocr_par' dir='ltr' id='par_1_61' title="bbox 459 5691 2032 5755">
     <span class='ocr_line' id='line_1_61' title="bbox 459 5691 2032 5755; baseline -0.005 -10"><span class='ocrx_word' id='word_1_503' title='bbox 459 5691 660 5755; x_wconf 63' lang='lat' dir='ltr'><strong>vivente</strong></span> <span class='ocrx_word' id='word_1_504' title='bbox 701 5695 978 5746; x_wconf 75' lang='lat' dir='ltr'><strong>Proculiano</strong></span> <span class='ocrx_word' id='word_1_505' title='bbox 1011 5691 1118 5746; x_wconf 76' lang='lat' dir='ltr'><strong>sive</strong></span> <span class='ocrx_word' id='word_1_506' title='bbox 1161 5691 1486 5751; x_wconf 78' lang='lat' dir='ltr'><strong>Proculetano,</strong></span> <span class='ocrx_word' id='word_1_507' title='bbox 1530 5691 1749 5755; x_wconf 83' lang='lat' dir='ltr'><strong>ejusdem</strong></span> <span class='ocrx_word' id='word_1_508' title='bbox 1783 5691 1918 5755; x_wconf 83' lang='lat' dir='ltr'><strong>urbis</strong></span> <span class='ocrx_word' id='word_1_509' title='bbox 1957 5703 2032 5755; x_wconf 80' lang='lat' dir='ltr'><strong>_e.x</strong></span> 
     </span>
    </p>
   </div>
   <div class='ocr_carea' id='block_1_62' title="bbox 463 5748 2028 5820">
    <p class='ocr_par' dir='ltr' id='par_1_62' title="bbox 463 5748 2028 5820">
     <span class='ocr_line' id='line_1_62' title="bbox 463 5748 2028 5820; baseline -0.005 -14"><span class='ocrx_word' id='word_1_510' title='bbox 463 5751 812 5820; x_wconf 62' lang='lat' dir='ltr'><strong>Donatistarum</strong></span> <span class='ocrx_word' id='word_1_511' title='bbox 830 5765 967 5815; x_wconf 86' lang='lat' dir='ltr'><strong>parte</strong></span> <span class='ocrx_word' id='word_1_512' title='bbox 986 5748 1629 5820; x_wconf 42' lang='lat' dir='ltr'><strong>episeOpogirgiteeinitit&#39;tm</strong></span> <span class='ocrx_word' id='word_1_513' title='bbox 1653 5753 1808 5820; x_wconf 67' lang='lat' dir='ltr'><strong>qui-nti</strong></span> <span class='ocrx_word' id='word_1_514' title='bbox 1827 5748 1991 5800; x_wconf 79' lang='lat' dir='ltr'><strong>steculi</strong></span> <span class='ocrx_word' id='word_1_515' title='bbox 2016 5765 2028 5798; x_wconf 85' lang='lat'><strong><em>:</em></strong></span> 
     </span>
    </p>
   </div>
   <div class='ocr_carea' id='block_1_63' title="bbox 459 5813 1744 5884">
    <p class='ocr_par' dir='ltr' id='par_1_63' title="bbox 459 5813 1744 5884">
     <span class='ocr_line' id='line_1_63' title="bbox 459 5813 1744 5884; baseline -0.005 -16"><span class='ocrx_word' id='word_1_516' title='bbox 459 5817 527 5868; x_wconf 81' lang='lat' dir='ltr'><strong>de</strong></span> <span class='ocrx_word' id='word_1_517' title='bbox 547 5834 644 5884; x_wconf 80' lang='lat' dir='ltr'><strong>quo</strong></span> <span class='ocrx_word' id='word_1_518' title='bbox 667 5815 778 5874; x_wconf 75' lang='lat' dir='ltr'><strong>vide</strong></span> <span class='ocrx_word' id='word_1_519' title='bbox 801 5813 998 5884; x_wconf 75' lang='lat' dir='ltr'><strong>August.</strong></span> <span class='ocrx_word' id='word_1_520' title='bbox 1019 5813 1184 5883; x_wconf 59' lang='lat' dir='ltr'><strong>Epistt.</strong></span> <span class='ocrx_word' id='word_1_521' title='bbox 1205 5817 1282 5879; x_wconf 76' lang='grc'><strong>55,</strong></span> <span class='ocrx_word' id='word_1_522' title='bbox 1307 5815 1383 5878; x_wconf 75' lang='grc'><strong>51,</strong></span> <span class='ocrx_word' id='word_1_523' title='bbox 1407 5816 1485 5876; x_wconf 75' lang='lat'><strong>3‘5,</strong></span> <span class='ocrx_word' id='word_1_524' title='bbox 1508 5817 1570 5864; x_wconf 83' lang='lat'><strong>78</strong></span> <span class='ocrx_word' id='word_1_525' title='bbox 1595 5822 1645 5864; x_wconf 82' lang='lat' dir='ltr'><strong>et</strong></span> <span class='ocrx_word' id='word_1_526' title='bbox 1664 5813 1744 5862; x_wconf 85' lang='lat'><strong>88.</strong></span> 
     </span>
    </p>
   </div>
   <div class='ocr_carea' id='block_1_64' title="bbox 1667 341 2458 410">
    <p class='ocr_par' dir='ltr' id='par_1_64' title="bbox 1667 341 2458 410">
     <span class='ocr_line' id='line_1_64' title="bbox 1667 341 2458 410; baseline -0.01 0"><span class='ocrx_word' id='word_1_527' title='bbox 1667 356 1720 410; x_wconf 90' lang='lat' dir='ltr'><strong>s.</strong></span> <span class='ocrx_word' id='word_1_528' title='bbox 1763 341 2125 409; x_wconf 78' lang='lat' dir='ltr'><strong>AUGUSTINI</strong></span> <span class='ocrx_word' id='word_1_529' title='bbox 2161 349 2458 405; x_wconf 84' lang='lat' dir='ltr'><strong>EPISCOPI</strong></span> 
     </span>
    </p>
   </div>
   <div class='ocr_carea' id='block_1_65' title="bbox 3554 337 3699 397">
    <p class='ocr_par' dir='ltr' id='par_1_65' title="bbox 3554 337 3699 397">
     <span class='ocr_line' id='line_1_65' title="bbox 3554 337 3699 397; baseline -0.021 -1"><span class='ocrx_word' id='word_1_530' title='bbox 3554 337 3699 397; x_wconf 70' lang='lat'><strong>195!</strong></span> 
     </span>
    </p>
   </div>
   <div class='ocr_carea' id='block_1_66' title="bbox 2131 437 3699 530">
    <p class='ocr_par' dir='ltr' id='par_1_66' title="bbox 2131 437 3699 530">
     <span class='ocr_line' id='line_1_66' title="bbox 2131 437 3699 530; baseline -0.004 -14"><span class='ocrx_word' id='word_1_531' title='bbox 2131 462 2278 530; x_wconf 61' lang='lat' dir='ltr'><strong>Iuro</strong></span> <span class='ocrx_word' id='word_1_532' title='bbox 2305 462 2498 516; x_wconf 77' lang='lat' dir='ltr'><strong>lwtetur</strong></span> <span class='ocrx_word' id='word_1_533' title='bbox 2522 460 2610 530; x_wconf 85' lang='lat' dir='ltr'><strong>qui</strong></span> <span class='ocrx_word' id='word_1_534' title='bbox 2639 459 2754 528; x_wconf 76' lang='lat' dir='ltr'><strong>fecit</strong></span> <span class='ocrx_word' id='word_1_535' title='bbox 2797 475 2932 512; x_wconf 88' lang='lat' dir='ltr'><strong>eum.</strong></span> <span class='ocrx_word' id='word_1_536' title='bbox 2976 457 3103 522; x_wconf 82' lang='lat' dir='ltr'><strong>Nos,</strong></span> <span class='ocrx_word' id='word_1_537' title='bbox 3142 456 3350 521; x_wconf 82' lang='lat' dir='ltr'><strong>fratres,</strong></span> <span class='ocrx_word' id='word_1_538' title='bbox 3391 471 3498 510; x_wconf 86' lang='lat' dir='ltr'><strong>non</strong></span> <span class='ocrx_word' id='word_1_539' title='bbox 3542 437 3699 510; x_wconf 74' lang='lat' dir='ltr'><strong>Vobis</strong></span> 
     </span>
    </p>
   </div>
   <div class='ocr_carea' id='block_1_67' title="bbox 2123 545 3697 616">
    <p class='ocr_par' dir='ltr' id='par_1_67' title="bbox 2123 545 3697 616">
     <span class='ocr_line' id='line_1_67' title="bbox 2123 545 3697 616; baseline -0.005 -10"><span class='ocrx_word' id='word_1_540' title='bbox 2123 552 2585 616; x_wconf 85' lang='lat' dir='ltr'><strong>commendamus;</strong></span> <span class='ocrx_word' id='word_1_541' title='bbox 2613 549 2704 604; x_wconf 89' lang='lat' dir='ltr'><strong>sed</strong></span> <span class='ocrx_word' id='word_1_542' title='bbox 2732 547 3168 603; x_wconf 85' lang='lat' dir='ltr'><strong>commendamus</strong></span> <span class='ocrx_word' id='word_1_543' title='bbox 3192 547 3340 602; x_wconf 82' lang='lat' dir='ltr'><strong>vobis</strong></span> <span class='ocrx_word' id='word_1_544' title='bbox 3365 546 3554 612; x_wconf 89' lang='lat' dir='ltr'><strong>Deum,</strong></span> <span class='ocrx_word' id='word_1_545' title='bbox 3572 545 3697 616; x_wconf 80' lang='lat' dir='ltr'><strong>quia</strong></span> 
     </span>
    </p>
   </div>
   <div class='ocr_carea' id='block_1_68' title="bbox 2123 637 3698 705">
    <p class='ocr_par' dir='ltr' id='par_1_68' title="bbox 2123 637 3698 705">
     <span class='ocr_line' id='line_1_68' title="bbox 2123 637 3698 705; baseline -0.006 -7"><span class='ocrx_word' id='word_1_546' title='bbox 2123 642 2561 699; x_wconf 87' lang='lat' dir='ltr'><strong>commendamus</strong></span> <span class='ocrx_word' id='word_1_547' title='bbox 2583 656 2676 696; x_wconf 89' lang='lat' dir='ltr'><strong>vos</strong></span> <span class='ocrx_word' id='word_1_548' title='bbox 2704 640 2835 696; x_wconf 89' lang='lat' dir='ltr'><strong>Deo.</strong></span> <span class='ocrx_word' id='word_1_549' title='bbox 2871 638 3150 705; x_wconf 83' lang='lat' dir='ltr'><strong>Quomodo</strong></span> <span class='ocrx_word' id='word_1_550' title='bbox 3171 637 3324 692; x_wconf 88' lang='lat' dir='ltr'><strong>vobis</strong></span> <span class='ocrx_word' id='word_1_551' title='bbox 3351 637 3517 692; x_wconf 88' lang='lat' dir='ltr'><strong>Deum</strong></span> <span class='ocrx_word' id='word_1_552' title='bbox 3543 651 3698 690; x_wconf 80' lang='lat' dir='ltr'><strong>com-</strong></span> 
     </span>
    </p>
   </div>
   <div class='ocr_carea' id='block_1_69' title="bbox 2124 725 3702 802">
    <p class='ocr_par' dir='ltr' id='par_1_69' title="bbox 2124 725 3702 802">
     <span class='ocr_line' id='line_1_69' title="bbox 2124 725 3702 802; baseline -0.005 -14"><span class='ocrx_word' id='word_1_553' title='bbox 2124 733 2472 789; x_wconf 87' lang='lat' dir='ltr'><strong>meudamus?</strong></span> <span class='ocrx_word' id='word_1_554' title='bbox 2499 733 2569 789; x_wconf 88' lang='lat' dir='ltr'><strong>Ut</strong></span> <span class='ocrx_word' id='word_1_555' title='bbox 2593 731 2827 802; x_wconf 78' lang='lat' dir='ltr'><strong>diligatis</strong></span> <span class='ocrx_word' id='word_1_556' title='bbox 2855 747 2976 786; x_wconf 90' lang='lat' dir='ltr'><strong>eum</strong></span> <span class='ocrx_word' id='word_1_557' title='bbox 3007 731 3149 785; x_wconf 88' lang='lat' dir='ltr'><strong>bono</strong></span> <span class='ocrx_word' id='word_1_558' title='bbox 3177 737 3357 783; x_wconf 88' lang='lat' dir='ltr'><strong>vestro</strong></span> <span class='ocrx_word' id='word_1_559' title='bbox 3375 768 3390 792; x_wconf 95' lang='lat'><strong>,</strong></span> <span class='ocrx_word' id='word_1_560' title='bbox 3423 742 3528 781; x_wconf 90' lang='lat' dir='ltr'><strong>non</strong></span> <span class='ocrx_word' id='word_1_561' title='bbox 3556 725 3702 780; x_wconf 87' lang='lat' dir='ltr'><strong>bono</strong></span> 
     </span>
    </p>
   </div>
   <div class='ocr_carea' id='block_1_70' title="bbox 2126 817 3702 895">
    <p class='ocr_par' dir='ltr' id='par_1_70' title="bbox 2126 817 3702 895">
     <span class='ocr_line' id='line_1_70' title="bbox 2126 817 3702 895; baseline -0.003 -18"><span class='ocrx_word' id='word_1_562' title='bbox 2126 824 2327 894; x_wconf 88' lang='lat' dir='ltr'><strong>ipsius:</strong></span> <span class='ocrx_word' id='word_1_563' title='bbox 2351 823 2472 895; x_wconf 90' lang='lat' dir='ltr'><strong>quia</strong></span> <span class='ocrx_word' id='word_1_564' title='bbox 2503 824 2642 878; x_wconf 90' lang='lat' dir='ltr'><strong>man</strong></span> <span class='ocrx_word' id='word_1_565' title='bbox 2664 831 2842 879; x_wconf 89' lang='lat' dir='ltr'><strong>vestro</strong></span> <span class='ocrx_word' id='word_1_566' title='bbox 2867 838 2988 878; x_wconf 93' lang='lat' dir='ltr'><strong>eum</strong></span> <span class='ocrx_word' id='word_1_567' title='bbox 3019 837 3124 876; x_wconf 89' lang='lat' dir='ltr'><strong>non</strong></span> <span class='ocrx_word' id='word_1_568' title='bbox 3153 818 3398 889; x_wconf 79' lang='lat' dir='ltr'><strong>diligitis,</strong></span> <span class='ocrx_word' id='word_1_569' title='bbox 3421 834 3531 875; x_wconf 85' lang='lat' dir='ltr'><strong>non</strong></span> <span class='ocrx_word' id='word_1_570' title='bbox 3560 817 3702 872; x_wconf 88' lang='lat' dir='ltr'><strong>malo</strong></span> 
     </span>
    </p>
   </div>
   <div class='ocr_carea' id='block_1_71' title="bbox 2126 909 3702 988">
    <p class='ocr_par' dir='ltr' id='par_1_71' title="bbox 2126 909 3702 988">
     <span class='ocr_line' id='line_1_71' title="bbox 2126 909 3702 988; baseline -0.004 -20"><span class='ocrx_word' id='word_1_571' title='bbox 2126 915 2310 988; x_wconf 81' lang='lat' dir='ltr'><strong>ipsius.</strong></span> <span class='ocrx_word' id='word_1_572' title='bbox 2340 915 2452 971; x_wconf 81' lang='lat' dir='ltr'><strong>Non</strong></span> <span class='ocrx_word' id='word_1_573' title='bbox 2480 916 2619 970; x_wconf 91' lang='lat' dir='ltr'><strong>enim</strong></span> <span class='ocrx_word' id='word_1_574' title='bbox 2649 915 2823 970; x_wconf 86' lang='lat' dir='ltr'><strong>minus</strong></span> <span class='ocrx_word' id='word_1_575' title='bbox 2849 915 3064 969; x_wconf 88' lang='lat' dir='ltr'><strong>habebit</strong></span> <span class='ocrx_word' id='word_1_576' title='bbox 3093 914 3233 968; x_wconf 88' lang='lat' dir='ltr'><strong>Deus</strong></span> <span class='ocrx_word' id='word_1_577' title='bbox 3257 911 3588 967; x_wconf 83' lang='lat' dir='ltr'><strong>divim&#39;tatem</strong></span> <span class='ocrx_word' id='word_1_578' title='bbox 3609 951 3624 975; x_wconf 93' lang='lat'><strong>,</strong></span> <span class='ocrx_word' id='word_1_579' title='bbox 3655 909 3702 962; x_wconf 90' lang='lat' dir='ltr'><strong>si</strong></span> 
     </span>
    </p>
   </div>
   <div class='ocr_carea' id='block_1_72' title="bbox 2126 1002 3705 1070">
    <p class='ocr_par' dir='ltr' id='par_1_72' title="bbox 2126 1002 3705 1070">
     <span class='ocr_line' id='line_1_72' title="bbox 2126 1002 3705 1070; baseline -0.004 -9"><span class='ocrx_word' id='word_1_580' title='bbox 2126 1008 2286 1070; x_wconf 81' lang='lat' dir='ltr'><strong>homo</strong></span> <span class='ocrx_word' id='word_1_581' title='bbox 2317 1009 2368 1063; x_wconf 92' lang='lat' dir='ltr'><strong>in</strong></span> <span class='ocrx_word' id='word_1_582' title='bbox 2401 1009 2546 1063; x_wconf 90' lang='lat' dir='ltr'><strong>illum</strong></span> <span class='ocrx_word' id='word_1_583' title='bbox 2577 1024 2679 1063; x_wconf 91' lang='lat' dir='ltr'><strong>non</strong></span> <span class='ocrx_word' id='word_1_584' title='bbox 2721 1008 2914 1063; x_wconf 91' lang='lat' dir='ltr'><strong>habeat</strong></span> <span class='ocrx_word' id='word_1_585' title='bbox 2940 1006 3273 1064; x_wconf 85' lang='lat' dir='ltr'><strong>charitatem.</strong></span> <span class='ocrx_word' id='word_1_586' title='bbox 3303 1003 3382 1060; x_wconf 83' lang='lat' dir='ltr'><strong>Tu</strong></span> <span class='ocrx_word' id='word_1_587' title='bbox 3409 1002 3608 1058; x_wconf 89' lang='lat' dir='ltr'><strong>crescis</strong></span> <span class='ocrx_word' id='word_1_588' title='bbox 3635 1017 3705 1055; x_wconf 86' lang='lat' dir='ltr'><strong>ex</strong></span> 
     </span>
    </p>
   </div>
   <div class='ocr_carea' id='block_1_73' title="bbox 2129 1093 3706 1167">
    <p class='ocr_par' dir='ltr' id='par_1_73' title="bbox 2129 1093 3706 1167">
     <span class='ocr_line' id='line_1_73' title="bbox 2129 1093 3706 1167; baseline -0.006 -12"><span class='ocrx_word' id='word_1_589' title='bbox 2129 1101 2272 1167; x_wconf 91' lang='lat' dir='ltr'><strong>Deo,</strong></span> <span class='ocrx_word' id='word_1_590' title='bbox 2301 1117 2407 1163; x_wconf 83' lang='lat' dir='ltr'><strong>non</strong></span> <span class='ocrx_word' id='word_1_591' title='bbox 2449 1101 2537 1156; x_wconf 92' lang='lat' dir='ltr'><strong>ille</strong></span> <span class='ocrx_word' id='word_1_592' title='bbox 2575 1117 2639 1155; x_wconf 88' lang='lat' dir='ltr'><strong>ex</strong></span> <span class='ocrx_word' id='word_1_593' title='bbox 2680 1109 2730 1156; x_wconf 92' lang='lat' dir='ltr'><strong>te</strong></span> <span class='ocrx_word' id='word_1_594' title='bbox 2764 1119 2776 1154; x_wconf 90' lang='lat'><strong>:</strong></span> <span class='ocrx_word' id='word_1_595' title='bbox 2808 1110 2862 1156; x_wconf 91' lang='lat' dir='ltr'><strong>et</strong></span> <span class='ocrx_word' id='word_1_596' title='bbox 2905 1110 3081 1154; x_wconf 90' lang='lat' dir='ltr'><strong>tamen</strong></span> <span class='ocrx_word' id='word_1_597' title='bbox 3123 1108 3324 1154; x_wconf 88' lang='lat' dir='ltr'><strong>tantmn</strong></span> <span class='ocrx_word' id='word_1_598' title='bbox 3372 1112 3469 1152; x_wconf 92' lang='lat' dir='ltr'><strong>nos</strong></span> <span class='ocrx_word' id='word_1_599' title='bbox 3516 1093 3706 1152; x_wconf 75' lang='lat' dir='ltr'><strong>dilexit</strong></span> 
     </span>
    </p>
   </div>
   <div class='ocr_carea' id='block_1_74' title="bbox 2121 1185 3708 1263">
    <p class='ocr_par' dir='ltr' id='par_1_74' title="bbox 2121 1185 3708 1263">
     <span class='ocr_line' id='line_1_74' title="bbox 2121 1185 3708 1263; baseline -0.003 -18"><span class='ocrx_word' id='word_1_600' title='bbox 2121 1185 2270 1262; x_wconf 79' lang='lat' dir='ltr'><strong>prior</strong></span> <span class='ocrx_word' id='word_1_601' title='bbox 2294 1191 2332 1263; x_wconf 96' lang='lat' dir='ltr'><strong>(I</strong></span> <span class='ocrx_word' id='word_1_602' title='bbox 2350 1191 2582 1260; x_wconf 85' lang='lat' dir='ltr'><strong>.loan.tv,</strong></span> <span class='ocrx_word' id='word_1_603' title='bbox 2607 1193 2718 1262; x_wconf 85' lang='lat' dir='ltr'><strong>l9),</strong></span> <span class='ocrx_word' id='word_1_604' title='bbox 2735 1201 3016 1262; x_wconf 85' lang='lat' dir='ltr'><strong>antequam</strong></span> <span class='ocrx_word' id='word_1_605' title='bbox 3036 1191 3524 1262; x_wconf 79' lang='lat' dir='ltr'><strong>cumdiligercmus,</strong></span> <span class='ocrx_word' id='word_1_606' title='bbox 3544 1199 3599 1242; x_wconf 89' lang='lat' dir='ltr'><strong>ut</strong></span> <span class='ocrx_word' id='word_1_607' title='bbox 3619 1187 3708 1242; x_wconf 78' lang='lat' dir='ltr'><strong>Fi-</strong></span> 
     </span>
    </p>
   </div>
   <div class='ocr_carea' id='block_1_75' title="bbox 2128 1280 3706 1354">
    <p class='ocr_par' dir='ltr' id='par_1_75' title="bbox 2128 1280 3706 1354">
     <span class='ocr_line' id='line_1_75' title="bbox 2128 1280 3706 1354; baseline -0.003 -16"><span class='ocrx_word' id='word_1_608' title='bbox 2128 1284 2255 1338; x_wconf 90' lang='lat' dir='ltr'><strong>lium</strong></span> <span class='ocrx_word' id='word_1_609' title='bbox 2286 1299 2438 1339; x_wconf 88' lang='lat' dir='ltr'><strong>suum</strong></span> <span class='ocrx_word' id='word_1_610' title='bbox 2464 1286 2677 1342; x_wconf 84' lang='lat' dir='ltr'><strong>unicum</strong></span> <span class='ocrx_word' id='word_1_611' title='bbox 2706 1286 2940 1340; x_wconf 89' lang='lat' dir='ltr'><strong>mitteret</strong></span> <span class='ocrx_word' id='word_1_612' title='bbox 2963 1284 3102 1344; x_wconf 80' lang='lat' dir='ltr'><strong>mori</strong></span> <span class='ocrx_word' id='word_1_613' title='bbox 3129 1299 3224 1354; x_wconf 93' lang='lat' dir='ltr'><strong>pro</strong></span> <span class='ocrx_word' id='word_1_614' title='bbox 3244 1283 3396 1342; x_wconf 87' lang='lat' dir='ltr'><strong>nobis</strong></span> <span class='ocrx_word' id='word_1_615' title='bbox 3422 1280 3598 1354; x_wconf 70' lang='lat' dir='ltr'><strong>(Jama.</strong></span> <span class='ocrx_word' id='word_1_616' title='bbox 3623 1297 3706 1343; x_wconf 84' lang='lat' dir='ltr'><strong>tn,</strong></span> 
     </span>
    </p>
   </div>
   <div class='ocr_carea' id='block_1_76' title="bbox 2129 1373 3706 1448">
    <p class='ocr_par' dir='ltr' id='par_1_76' title="bbox 2129 1373 3706 1448">
     <span class='ocr_line' id='line_1_76' title="bbox 2129 1373 3706 1448; baseline -0.002 -18"><span class='ocrx_word' id='word_1_617' title='bbox 2129 1375 2240 1448; x_wconf 88' lang='grc'><strong>16).</strong></span> <span class='ocrx_word' id='word_1_618' title='bbox 2274 1375 2372 1442; x_wconf 86' lang='lat' dir='ltr'><strong>Qui</strong></span> <span class='ocrx_word' id='word_1_619' title='bbox 2395 1375 2516 1430; x_wconf 81' lang='lat' dir='ltr'><strong>fecit</strong></span> <span class='ocrx_word' id='word_1_620' title='bbox 2545 1391 2665 1440; x_wconf 90' lang='lat' dir='ltr'><strong>nos,</strong></span> <span class='ocrx_word' id='word_1_621' title='bbox 2701 1376 2868 1431; x_wconf 89' lang='lat' dir='ltr'><strong>factus</strong></span> <span class='ocrx_word' id='word_1_622' title='bbox 2892 1385 2975 1431; x_wconf 91' lang='lat' dir='ltr'><strong>est</strong></span> <span class='ocrx_word' id='word_1_623' title='bbox 3001 1377 3140 1430; x_wconf 90' lang='lat' dir='ltr'><strong>inter</strong></span> <span class='ocrx_word' id='word_1_624' title='bbox 3167 1391 3282 1430; x_wconf 91' lang='lat' dir='ltr'><strong>nos.</strong></span> <span class='ocrx_word' id='word_1_625' title='bbox 3306 1373 3586 1444; x_wconf 84' lang='lat' dir='ltr'><strong>Quomodo</strong></span> <span class='ocrx_word' id='word_1_626' title='bbox 3609 1387 3706 1427; x_wconf 91' lang='lat' dir='ltr'><strong>nos</strong></span> 
     </span>
    </p>
   </div>
   <div class='ocr_carea' id='block_1_77' title="bbox 2128 1466 3708 1540">
    <p class='ocr_par' dir='ltr' id='par_1_77' title="bbox 2128 1466 3708 1540">
     <span class='ocr_line' id='line_1_77' title="bbox 2128 1466 3708 1540; baseline -0.002 -18"><span class='ocrx_word' id='word_1_627' title='bbox 2128 1466 2243 1537; x_wconf 88' lang='lat' dir='ltr'><strong>ipse</strong></span> <span class='ocrx_word' id='word_1_628' title='bbox 2271 1468 2425 1524; x_wconf 83' lang='lat' dir='ltr'><strong>fecit?</strong></span> <span class='ocrx_word' id='word_1_629' title='bbox 2449 1468 2631 1522; x_wconf 82' lang='lat' dir='ltr'><strong>Omnia</strong></span> <span class='ocrx_word' id='word_1_630' title='bbox 2659 1486 2747 1540; x_wconf 76' lang='lat' dir='ltr'><strong>per</strong></span> <span class='ocrx_word' id='word_1_631' title='bbox 2767 1469 2934 1537; x_wconf 86' lang='lat' dir='ltr'><strong>ipsum</strong></span> <span class='ocrx_word' id='word_1_632' title='bbox 2961 1469 3096 1538; x_wconf 84' lang='lat' dir='ltr'><strong>[acta</strong></span> <span class='ocrx_word' id='word_1_633' title='bbox 3119 1477 3257 1534; x_wconf 86' lang='lat' dir='ltr'><strong>sunt,</strong></span> <span class='ocrx_word' id='word_1_634' title='bbox 3285 1478 3330 1522; x_wconf 86' lang='lat' dir='ltr'><strong>et</strong></span> <span class='ocrx_word' id='word_1_635' title='bbox 3349 1468 3459 1523; x_wconf 82' lang='lat' dir='ltr'><strong>sine</strong></span> <span class='ocrx_word' id='word_1_636' title='bbox 3482 1468 3593 1536; x_wconf 88' lang='lat' dir='ltr'><strong>ipso</strong></span> <span class='ocrx_word' id='word_1_637' title='bbox 3620 1472 3708 1535; x_wconf 79' lang='lat' dir='ltr'><strong>fa-</strong></span> 
     </span>
    </p>
   </div>
   <div class='ocr_carea' id='block_1_78' title="bbox 2129 1542 3711 1627">
    <p class='ocr_par' dir='ltr' id='par_1_78' title="bbox 2129 1542 3711 1627">
     <span class='ocr_line' id='line_1_78' title="bbox 2129 1542 3711 1627; baseline 0.003 -16"><span class='ocrx_word' id='word_1_638' title='bbox 2129 1567 2260 1611; x_wconf 87' lang='lat' dir='ltr'><strong>ctum</strong></span> <span class='ocrx_word' id='word_1_639' title='bbox 2282 1567 2354 1613; x_wconf 84' lang='lat' dir='ltr'><strong>est</strong></span> <span class='ocrx_word' id='word_1_640' title='bbox 2384 1558 2530 1613; x_wconf 83' lang='lat' dir='ltr'><strong>nihil.</strong></span> <span class='ocrx_word' id='word_1_641' title='bbox 2561 1559 2840 1627; x_wconf 84' lang='lat' dir='ltr'><strong>Quomodo</strong></span> <span class='ocrx_word' id='word_1_642' title='bbox 2860 1559 3029 1614; x_wconf 78' lang='lat' dir='ltr'><strong>iactus</strong></span> <span class='ocrx_word' id='word_1_643' title='bbox 3051 1568 3131 1614; x_wconf 87' lang='lat' dir='ltr'><strong>est</strong></span> <span class='ocrx_word' id='word_1_644' title='bbox 3157 1559 3295 1612; x_wconf 85' lang='lat' dir='ltr'><strong>inter</strong></span> <span class='ocrx_word' id='word_1_645' title='bbox 3321 1542 3460 1613; x_wconf 68' lang='lat' dir='ltr'><strong>nos?</strong></span> <span class='ocrx_word' id='word_1_646' title='bbox 3481 1558 3547 1613; x_wconf 79' lang='lat' dir='ltr'><strong>Et</strong></span> <span class='ocrx_word' id='word_1_647' title='bbox 3584 1557 3711 1615; x_wconf 74' lang='lat' dir='ltr'><strong>Ver-</strong></span> 
     </span>
    </p>
   </div>
   <div class='ocr_carea' id='block_1_79' title="bbox 2129 1650 3706 1724">
    <p class='ocr_par' dir='ltr' id='par_1_79' title="bbox 2129 1650 3706 1724">
     <span class='ocr_line' id='line_1_79' title="bbox 2129 1650 3706 1724; baseline 0 -20"><span class='ocrx_word' id='word_1_648' title='bbox 2129 1651 2246 1714; x_wconf 77' lang='lat' dir='ltr'><strong>bum</strong></span> <span class='ocrx_word' id='word_1_649' title='bbox 2284 1668 2403 1706; x_wconf 85' lang='lat' dir='ltr'><strong>caro</strong></span> <span class='ocrx_word' id='word_1_650' title='bbox 2452 1652 2643 1722; x_wconf 81' lang='lat' dir='ltr'><strong>factum</strong></span> <span class='ocrx_word' id='word_1_651' title='bbox 2669 1661 2776 1719; x_wconf 88' lang='lat' dir='ltr'><strong>est,</strong></span> <span class='ocrx_word' id='word_1_652' title='bbox 2814 1662 2861 1708; x_wconf 89' lang='lat' dir='ltr'><strong>et</strong></span> <span class='ocrx_word' id='word_1_653' title='bbox 2890 1653 3129 1707; x_wconf 79' lang='lat' dir='ltr'><strong>habitavit</strong></span> <span class='ocrx_word' id='word_1_654' title='bbox 3167 1653 3217 1705; x_wconf 90' lang='lat' dir='ltr'><strong>in</strong></span> <span class='ocrx_word' id='word_1_655' title='bbox 3255 1652 3395 1706; x_wconf 85' lang='lat' dir='ltr'><strong>nobis</strong></span> <span class='ocrx_word' id='word_1_656' title='bbox 3425 1650 3535 1724; x_wconf 84' lang='lat' dir='ltr'><strong>(Id.</strong></span> <span class='ocrx_word' id='word_1_657' title='bbox 3563 1667 3616 1712; x_wconf 82' lang='grc' dir='ltr'><strong>ι,</strong></span> <span class='ocrx_word' id='word_1_658' title='bbox 3650 1651 3706 1715; x_wconf 78' lang='lat'><strong>5,</strong></span> 
     </span>
    </p>
   </div>
   <div class='ocr_carea' id='block_1_80' title="bbox 2130 1741 3706 1819">
    <p class='ocr_par' dir='ltr' id='par_1_80' title="bbox 2130 1741 3706 1819">
     <span class='ocr_line' id='line_1_80' title="bbox 2130 1741 3706 1819; baseline 0 -23"><span class='ocrx_word' id='word_1_659' title='bbox 2130 1741 2259 1814; x_wconf 69' lang='grc'><strong>14).</strong></span> <span class='ocrx_word' id='word_1_660' title='bbox 2282 1743 2423 1813; x_wconf 80' lang='lat' dir='ltr'><strong>Ergo</strong></span> <span class='ocrx_word' id='word_1_661' title='bbox 2453 1743 2564 1813; x_wconf 80' lang='lat' dir='ltr'><strong>ipse</strong></span> <span class='ocrx_word' id='word_1_662' title='bbox 2593 1753 2674 1798; x_wconf 90' lang='lat' dir='ltr'><strong>est</strong></span> <span class='ocrx_word' id='word_1_663' title='bbox 2702 1744 2753 1798; x_wconf 89' lang='lat' dir='ltr'><strong>in</strong></span> <span class='ocrx_word' id='word_1_664' title='bbox 2781 1759 2888 1819; x_wconf 90' lang='lat' dir='ltr'><strong>quo</strong></span> <span class='ocrx_word' id='word_1_665' title='bbox 2910 1742 3165 1798; x_wconf 86' lang='lat' dir='ltr'><strong>debemus</strong></span> <span class='ocrx_word' id='word_1_666' title='bbox 3195 1744 3379 1797; x_wconf 65' lang='lat' dir='ltr'><strong>buturi.</strong></span> <span class='ocrx_word' id='word_1_667' title='bbox 3411 1742 3578 1797; x_wconf 87' lang='lat' dir='ltr'><strong>Nemo</strong></span> <span class='ocrx_word' id='word_1_668' title='bbox 3607 1743 3706 1796; x_wconf 86' lang='lat' dir='ltr'><strong>ho-</strong></span> 
     </span>
    </p>
   </div>
   <div class='ocr_carea' id='block_1_81' title="bbox 2131 1832 3708 1905">
    <p class='ocr_par' dir='ltr' id='par_1_81' title="bbox 2131 1832 3708 1905">
     <span class='ocr_line' id='line_1_81' title="bbox 2131 1832 3708 1905; baseline 0.001 -21"><span class='ocrx_word' id='word_1_669' title='bbox 2131 1848 2219 1885; x_wconf 91' lang='lat' dir='ltr'><strong>mo</strong></span> <span class='ocrx_word' id='word_1_670' title='bbox 2263 1832 2362 1888; x_wconf 91' lang='lat' dir='ltr'><strong>sibi</strong></span> <span class='ocrx_word' id='word_1_671' title='bbox 2402 1842 2615 1904; x_wconf 89' lang='lat' dir='ltr'><strong>arroget</strong></span> <span class='ocrx_word' id='word_1_672' title='bbox 2658 1843 2840 1905; x_wconf 82' lang='lat' dir='ltr'><strong>partes</strong></span> <span class='ocrx_word' id='word_1_673' title='bbox 2865 1834 3104 1903; x_wconf 71' lang='lat' dir='ltr'><strong>ipslus‘;</strong></span> <span class='ocrx_word' id='word_1_674' title='bbox 3131 1833 3198 1888; x_wconf 88' lang='lat' dir='ltr'><strong>ab</strong></span> <span class='ocrx_word' id='word_1_675' title='bbox 3241 1834 3355 1902; x_wconf 92' lang='lat' dir='ltr'><strong>ipso</strong></span> <span class='ocrx_word' id='word_1_676' title='bbox 3400 1844 3481 1889; x_wconf 89' lang='lat' dir='ltr'><strong>est</strong></span> <span class='ocrx_word' id='word_1_677' title='bbox 3526 1834 3708 1886; x_wconf 78' lang='lat' dir='ltr'><strong>Ia~titia</strong></span> 
     </span>
    </p>
   </div>
   <div class='ocr_carea' id='block_1_82' title="bbox 2130 1925 3713 1998">
    <p class='ocr_par' dir='ltr' id='par_1_82' title="bbox 2130 1925 3713 1998">
     <span class='ocr_line' id='line_1_82' title="bbox 2130 1925 3713 1998; baseline -0.001 -20"><span class='ocrx_word' id='word_1_678' title='bbox 2130 1941 2248 1996; x_wconf 70' lang='lat' dir='ltr'><strong>qua:</strong></span> <span class='ocrx_word' id='word_1_679' title='bbox 2288 1941 2386 1981; x_wconf 90' lang='lat' dir='ltr'><strong>nos</strong></span> <span class='ocrx_word' id='word_1_680' title='bbox 2423 1925 2552 1982; x_wconf 82' lang='lat' dir='ltr'><strong>facit</strong></span> <span class='ocrx_word' id='word_1_681' title='bbox 2589 1925 2770 1983; x_wconf 88' lang='lat' dir='ltr'><strong>felices</strong></span> <span class='ocrx_word' id='word_1_682' title='bbox 2804 1943 2818 1981; x_wconf 91' lang='lat'><strong>:</strong></span> <span class='ocrx_word' id='word_1_683' title='bbox 2850 1925 3070 1981; x_wconf 75' lang='lat' dir='ltr'><strong>Lwletur</strong></span> <span class='ocrx_word' id='word_1_684' title='bbox 3105 1925 3271 1981; x_wconf 76' lang='lat' dir='ltr'><strong>Israel</strong></span> <span class='ocrx_word' id='word_1_685' title='bbox 3299 1926 3349 1979; x_wconf 87' lang='lat' dir='ltr'><strong>in</strong></span> <span class='ocrx_word' id='word_1_686' title='bbox 3389 1943 3445 1979; x_wconf 89' lang='lat' dir='ltr'><strong>eo</strong></span> <span class='ocrx_word' id='word_1_687' title='bbox 3475 1925 3560 1996; x_wconf 81' lang='lat' dir='ltr'><strong>qui</strong></span> <span class='ocrx_word' id='word_1_688' title='bbox 3590 1927 3713 1998; x_wconf 76' lang='lat' dir='ltr'><strong>fecit</strong></span> 
     </span>
    </p>
   </div>
   <div class='ocr_carea' id='block_1_83' title="bbox 2127 2033 2263 2073">
    <p class='ocr_par' dir='ltr' id='par_1_83' title="bbox 2127 2033 2263 2073">
     <span class='ocr_line' id='line_1_83' title="bbox 2127 2033 2263 2073; baseline 0.022 -3"><span class='ocrx_word' id='word_1_689' title='bbox 2127 2033 2263 2073; x_wconf 86' lang='lat' dir='ltr'><strong>eum.</strong></span> 
     </span>
    </p>
   </div>
   <div class='ocr_carea' id='block_1_84' title="bbox 2201 2105 3712 2180">
    <p class='ocr_par' dir='ltr' id='par_1_84' title="bbox 2201 2105 3712 2180">
     <span class='ocr_line' id='line_1_84' title="bbox 2201 2105 3712 2180; baseline 0 -18"><span class='ocrx_word' id='word_1_690' title='bbox 2201 2108 2255 2162; x_wconf 85' lang='lat'><strong>5.</strong></span> <span class='ocrx_word' id='word_1_691' title='bbox 2290 2106 2351 2160; x_wconf 85' lang='lat' dir='ltr'><strong>Et</strong></span> <span class='ocrx_word' id='word_1_692' title='bbox 2377 2108 2473 2176; x_wconf 82' lang='lat' dir='ltr'><strong>ﬁlii</strong></span> <span class='ocrx_word' id='word_1_693' title='bbox 2498 2107 2626 2162; x_wconf 84' lang='lat' dir='ltr'><strong>Sion</strong></span> <span class='ocrx_word' id='word_1_694' title='bbox 2645 2108 2891 2164; x_wconf 70' lang='lat' dir='ltr'><strong>exsultent</strong></span> <span class='ocrx_word' id='word_1_695' title='bbox 2916 2108 2968 2162; x_wconf 88' lang='lat' dir='ltr'><strong>in</strong></span> <span class='ocrx_word' id='word_1_696' title='bbox 2992 2125 3106 2180; x_wconf 86' lang='lat' dir='ltr'><strong>rege</strong></span> <span class='ocrx_word' id='word_1_697' title='bbox 3124 2125 3235 2164; x_wconf 91' lang='lat' dir='ltr'><strong>suo.</strong></span> <span class='ocrx_word' id='word_1_698' title='bbox 3259 2106 3376 2177; x_wconf 79' lang='lat' dir='ltr'><strong>lpsc</strong></span> <span class='ocrx_word' id='word_1_699' title='bbox 3406 2106 3591 2174; x_wconf 85' lang='lat' dir='ltr'><strong>Israel,</strong></span> <span class='ocrx_word' id='word_1_700' title='bbox 3616 2105 3712 2162; x_wconf 86' lang='lat' dir='ltr'><strong>lilii</strong></span> 
     </span>
    </p>
   </div>
   <div class='ocr_carea' id='block_1_85' title="bbox 2132 2194 3713 2270">
    <p class='ocr_par' dir='ltr' id='par_1_85' title="bbox 2132 2194 3713 2270">
     <span class='ocr_line' id='line_1_85' title="bbox 2132 2194 3713 2270; baseline 0.001 -20"><span class='ocrx_word' id='word_1_701' title='bbox 2132 2194 2386 2252; x_wconf 73' lang='lat' dir='ltr'><strong>Ecclesia:</strong></span> <span class='ocrx_word' id='word_1_702' title='bbox 2407 2208 2546 2253; x_wconf 89' lang='lat' dir='ltr'><strong>sunt.</strong></span> <span class='ocrx_word' id='word_1_703' title='bbox 2571 2197 2701 2266; x_wconf 87' lang='lat' dir='ltr'><strong>Quia</strong></span> <span class='ocrx_word' id='word_1_704' title='bbox 2728 2199 2854 2252; x_wconf 87' lang='lat' dir='ltr'><strong>Sion</strong></span> <span class='ocrx_word' id='word_1_705' title='bbox 2883 2199 2980 2253; x_wconf 87' lang='lat' dir='ltr'><strong>fuit</strong></span> <span class='ocrx_word' id='word_1_706' title='bbox 3005 2199 3214 2270; x_wconf 86' lang='lat' dir='ltr'><strong>quidem</strong></span> <span class='ocrx_word' id='word_1_707' title='bbox 3239 2216 3338 2252; x_wconf 85' lang='lat' dir='ltr'><strong>una</strong></span> <span class='ocrx_word' id='word_1_708' title='bbox 3360 2198 3567 2262; x_wconf 84' lang='lat' dir='ltr'><strong>civitas,</strong></span> <span class='ocrx_word' id='word_1_709' title='bbox 3589 2213 3713 2268; x_wconf 73' lang='lat' dir='ltr'><strong>qua:</strong></span> 
     </span>
    </p>
   </div>
   <div class='ocr_carea' id='block_1_86' title="bbox 2131 2288 3713 2361">
    <p class='ocr_par' dir='ltr' id='par_1_86' title="bbox 2131 2288 3713 2361">
     <span class='ocr_line' id='line_1_86' title="bbox 2131 2288 3713 2361; baseline -0.001 -17"><span class='ocrx_word' id='word_1_710' title='bbox 2131 2290 2358 2344; x_wconf 88' lang='lat' dir='ltr'><strong>cecidit:</strong></span> <span class='ocrx_word' id='word_1_711' title='bbox 2394 2290 2445 2344; x_wconf 93' lang='lat' dir='ltr'><strong>in</strong></span> <span class='ocrx_word' id='word_1_712' title='bbox 2487 2291 2604 2361; x_wconf 87' lang='lat' dir='ltr'><strong>ejus</strong></span> <span class='ocrx_word' id='word_1_713' title='bbox 2645 2291 2883 2360; x_wconf 88' lang='lat' dir='ltr'><strong>reliquiis</strong></span> <span class='ocrx_word' id='word_1_714' title='bbox 2925 2289 3235 2344; x_wconf 89' lang='lat' dir='ltr'><strong>habitabant</strong></span> <span class='ocrx_word' id='word_1_715' title='bbox 3275 2290 3492 2359; x_wconf 89' lang='lat' dir='ltr'><strong>quidem</strong></span> <span class='ocrx_word' id='word_1_716' title='bbox 3539 2288 3713 2344; x_wconf 89' lang='lat' dir='ltr'><strong>sancti</strong></span> 
     </span>
    </p>
   </div>
   <div class='ocr_carea' id='block_1_87' title="bbox 2134 2379 3712 2450">
    <p class='ocr_par' dir='ltr' id='par_1_87' title="bbox 2134 2379 3712 2450">
     <span class='ocr_line' id='line_1_87' title="bbox 2134 2379 3712 2450; baseline 0.001 -17"><span class='ocrx_word' id='word_1_717' title='bbox 2134 2380 2530 2449; x_wconf 88' lang='lat' dir='ltr'><strong>temporaliter;</strong></span> <span class='ocrx_word' id='word_1_718' title='bbox 2560 2381 2652 2435; x_wconf 88' lang='lat' dir='ltr'><strong>sed</strong></span> <span class='ocrx_word' id='word_1_719' title='bbox 2684 2379 2810 2436; x_wconf 92' lang='lat' dir='ltr'><strong>Sion</strong></span> <span class='ocrx_word' id='word_1_720' title='bbox 2837 2397 2960 2436; x_wconf 87' lang='lat' dir='ltr'><strong>vera</strong></span> <span class='ocrx_word' id='word_1_721' title='bbox 2988 2390 3041 2435; x_wconf 91' lang='lat' dir='ltr'><strong>et</strong></span> <span class='ocrx_word' id='word_1_722' title='bbox 3070 2381 3364 2439; x_wconf 82' lang='lat' dir='ltr'><strong>Jerusalem</strong></span> <span class='ocrx_word' id='word_1_723' title='bbox 3393 2395 3515 2434; x_wconf 85' lang='lat' dir='ltr'><strong>vera</strong></span> <span class='ocrx_word' id='word_1_724' title='bbox 3547 2381 3712 2450; x_wconf 85' lang='lat' dir='ltr'><strong>(quia</strong></span> 
     </span>
    </p>
   </div>
   <div class='ocr_carea' id='block_1_88' title="bbox 2134 2469 3714 2546">
    <p class='ocr_par' dir='ltr' id='par_1_88' title="bbox 2134 2469 3714 2546">
     <span class='ocr_line' id='line_1_88' title="bbox 2134 2469 3714 2546; baseline 0.001 -24"><span class='ocrx_word' id='word_1_725' title='bbox 2134 2469 2245 2540; x_wconf 88' lang='lat' dir='ltr'><strong>ipsa</strong></span> <span class='ocrx_word' id='word_1_726' title='bbox 2276 2469 2435 2529; x_wconf 85' lang='lat' dir='ltr'><strong>Sion.</strong></span> <span class='ocrx_word' id='word_1_727' title='bbox 2459 2485 2578 2540; x_wconf 70' lang='lat' dir='ltr'><strong>qua!</strong></span> <span class='ocrx_word' id='word_1_728' title='bbox 2601 2469 2946 2538; x_wconf 82' lang='lat' dir='ltr'><strong>Jerusalem),</strong></span> <span class='ocrx_word' id='word_1_729' title='bbox 2971 2481 3167 2527; x_wconf 57' lang='lat' dir='ltr'><strong>atterna</strong></span> <span class='ocrx_word' id='word_1_730' title='bbox 3197 2480 3278 2526; x_wconf 85' lang='lat' dir='ltr'><strong>est</strong></span> <span class='ocrx_word' id='word_1_731' title='bbox 3309 2471 3362 2525; x_wconf 90' lang='lat' dir='ltr'><strong>in</strong></span> <span class='ocrx_word' id='word_1_732' title='bbox 3387 2471 3561 2536; x_wconf 67' lang='lat' dir='ltr'><strong>celis,</strong></span> <span class='ocrx_word' id='word_1_733' title='bbox 3593 2485 3714 2546; x_wconf 85' lang='lat' dir='ltr'><strong>qu:e</strong></span> 
     </span>
    </p>
   </div>
   <div class='ocr_carea' id='block_1_89' title="bbox 2133 2561 3714 2634">
    <p class='ocr_par' dir='ltr' id='par_1_89' title="bbox 2133 2561 3714 2634">
     <span class='ocr_line' id='line_1_89' title="bbox 2133 2561 3714 2634; baseline 0.001 -19"><span class='ocrx_word' id='word_1_734' title='bbox 2133 2569 2216 2616; x_wconf 89' lang='lat' dir='ltr'><strong>cst</strong></span> <span class='ocrx_word' id='word_1_735' title='bbox 2243 2570 2414 2615; x_wconf 88' lang='lat' dir='ltr'><strong>mater</strong></span> <span class='ocrx_word' id='word_1_736' title='bbox 2445 2572 2621 2617; x_wconf 85' lang='lat' dir='ltr'><strong>nostra</strong></span> <span class='ocrx_word' id='word_1_737' title='bbox 2657 2562 2850 2634; x_wconf 67' lang='lat' dir='ltr'><strong>(Galal.</strong></span> <span class='ocrx_word' id='word_1_738' title='bbox 2876 2579 2950 2628; x_wconf 86' lang='lat' dir='ltr'><strong>Iv,</strong></span> <span class='ocrx_word' id='word_1_739' title='bbox 2973 2561 3088 2633; x_wconf 78' lang='lat'><strong>2(3).</strong></span> <span class='ocrx_word' id='word_1_740' title='bbox 3116 2561 3229 2633; x_wconf 84' lang='lat' dir='ltr'><strong>Ipsa</strong></span> <span class='ocrx_word' id='word_1_741' title='bbox 3256 2577 3350 2616; x_wconf 89' lang='lat' dir='ltr'><strong>nos</strong></span> <span class='ocrx_word' id='word_1_742' title='bbox 3370 2563 3570 2633; x_wconf 78' lang='lat' dir='ltr'><strong>genuit,</strong></span> <span class='ocrx_word' id='word_1_743' title='bbox 3600 2563 3714 2634; x_wconf 83' lang='lat' dir='ltr'><strong>ipsa</strong></span> 
     </span>
    </p>
   </div>
   <div class='ocr_carea' id='block_1_90' title="bbox 2133 2653 3716 2726">
    <p class='ocr_par' dir='ltr' id='par_1_90' title="bbox 2133 2653 3716 2726">
     <span class='ocr_line' id='line_1_90' title="bbox 2133 2653 3716 2726; baseline 0.003 -18"><span class='ocrx_word' id='word_1_744' title='bbox 2133 2662 2218 2708; x_wconf 90' lang='lat' dir='ltr'><strong>est</strong></span> <span class='ocrx_word' id='word_1_745' title='bbox 2247 2653 2482 2709; x_wconf 86' lang='lat' dir='ltr'><strong>Ecclesia</strong></span> <span class='ocrx_word' id='word_1_746' title='bbox 2514 2665 2844 2720; x_wconf 88' lang='lat' dir='ltr'><strong>sanctorum,</strong></span> <span class='ocrx_word' id='word_1_747' title='bbox 2869 2655 2983 2726; x_wconf 84' lang='lat' dir='ltr'><strong>ipsa</strong></span> <span class='ocrx_word' id='word_1_748' title='bbox 3030 2670 3126 2709; x_wconf 90' lang='lat' dir='ltr'><strong>nos</strong></span> <span class='ocrx_word' id='word_1_749' title='bbox 3169 2655 3426 2721; x_wconf 80' lang='lat' dir='ltr'><strong>nutrivit;</strong></span> <span class='ocrx_word' id='word_1_750' title='bbox 3452 2670 3518 2712; x_wconf 83' lang='lat' dir='ltr'><strong>ex</strong></span> <span class='ocrx_word' id='word_1_751' title='bbox 3564 2665 3716 2726; x_wconf 81' lang='lat' dir='ltr'><strong>parte</strong></span> 
     </span>
    </p>
   </div>
   <div class='ocr_carea' id='block_1_91' title="bbox 2134 2747 3715 2820">
    <p class='ocr_par' dir='ltr' id='par_1_91' title="bbox 2134 2747 3715 2820">
     <span class='ocr_line' id='line_1_91' title="bbox 2134 2747 3715 2820; baseline 0.001 -18"><span class='ocrx_word' id='word_1_752' title='bbox 2134 2747 2445 2815; x_wconf 76' lang='lat' dir='ltr'><strong>peregrina,</strong></span> <span class='ocrx_word' id='word_1_753' title='bbox 2473 2763 2538 2803; x_wconf 83' lang='lat' dir='ltr'><strong>ex</strong></span> <span class='ocrx_word' id='word_1_754' title='bbox 2577 2765 2764 2820; x_wconf 87' lang='lat' dir='ltr'><strong>magna</strong></span> <span class='ocrx_word' id='word_1_755' title='bbox 2809 2760 2957 2818; x_wconf 89' lang='lat' dir='ltr'><strong>parte</strong></span> <span class='ocrx_word' id='word_1_756' title='bbox 2997 2749 3292 2803; x_wconf 90' lang='lat' dir='ltr'><strong>immancns</strong></span> <span class='ocrx_word' id='word_1_757' title='bbox 3339 2749 3390 2803; x_wconf 90' lang='lat' dir='ltr'><strong>in</strong></span> <span class='ocrx_word' id='word_1_758' title='bbox 3431 2749 3592 2804; x_wconf 77' lang='lat' dir='ltr'><strong>creto.</strong></span> <span class='ocrx_word' id='word_1_759' title='bbox 3636 2748 3715 2804; x_wconf 87' lang='lat' dir='ltr'><strong>Ex</strong></span> 
     </span>
    </p>
   </div>
   <div class='ocr_carea' id='block_1_92' title="bbox 2135 2838 3711 2910">
    <p class='ocr_par' dir='ltr' id='par_1_92' title="bbox 2135 2838 3711 2910">
     <span class='ocr_line' id='line_1_92' title="bbox 2135 2838 3711 2910; baseline 0.001 -19"><span class='ocrx_word' id='word_1_760' title='bbox 2135 2846 2285 2905; x_wconf 78' lang='lat' dir='ltr'><strong>parte</strong></span> <span class='ocrx_word' id='word_1_761' title='bbox 2306 2854 2405 2907; x_wconf 92' lang='lat' dir='ltr'><strong>qua</strong></span> <span class='ocrx_word' id='word_1_762' title='bbox 2430 2838 2684 2894; x_wconf 86' lang='lat' dir='ltr'><strong>immanet</strong></span> <span class='ocrx_word' id='word_1_763' title='bbox 2711 2839 2760 2892; x_wconf 91' lang='lat' dir='ltr'><strong>in</strong></span> <span class='ocrx_word' id='word_1_764' title='bbox 2785 2839 2951 2905; x_wconf 75' lang='lat' dir='ltr'><strong>cmlo,</strong></span> <span class='ocrx_word' id='word_1_765' title='bbox 2968 2839 3237 2893; x_wconf 90' lang='lat' dir='ltr'><strong>beatitudo</strong></span> <span class='ocrx_word' id='word_1_766' title='bbox 3256 2839 3578 2910; x_wconf 85' lang='lat' dir='ltr'><strong>Angelorum</strong></span> <span class='ocrx_word' id='word_1_767' title='bbox 3600 2847 3711 2894; x_wconf 89' lang='lat' dir='ltr'><strong>est:</strong></span> 
     </span>
    </p>
   </div>
   <div class='ocr_carea' id='block_1_93' title="bbox 2133 2929 3710 3001">
    <p class='ocr_par' dir='ltr' id='par_1_93' title="bbox 2133 2929 3710 3001">
     <span class='ocr_line' id='line_1_93' title="bbox 2133 2929 3710 3001; baseline 0.003 -19"><span class='ocrx_word' id='word_1_768' title='bbox 2133 2943 2198 2983; x_wconf 86' lang='lat' dir='ltr'><strong>ex</strong></span> <span class='ocrx_word' id='word_1_769' title='bbox 2230 2938 2379 2998; x_wconf 89' lang='lat' dir='ltr'><strong>parte</strong></span> <span class='ocrx_word' id='word_1_770' title='bbox 2403 2944 2505 3000; x_wconf 87' lang='lat' dir='ltr'><strong>qua</strong></span> <span class='ocrx_word' id='word_1_771' title='bbox 2540 2929 2902 3000; x_wconf 86' lang='lat' dir='ltr'><strong>peregrinatur</strong></span> <span class='ocrx_word' id='word_1_772' title='bbox 2929 2931 2978 2984; x_wconf 92' lang='lat' dir='ltr'><strong>in</strong></span> <span class='ocrx_word' id='word_1_773' title='bbox 3009 2929 3109 2984; x_wconf 94' lang='lat' dir='ltr'><strong>hoc</strong></span> <span class='ocrx_word' id='word_1_774' title='bbox 3134 2931 3351 2997; x_wconf 81' lang='lat' dir='ltr'><strong>saeculo,</strong></span> <span class='ocrx_word' id='word_1_775' title='bbox 3372 2946 3499 3000; x_wconf 87' lang='lat' dir='ltr'><strong>spes</strong></span> <span class='ocrx_word' id='word_1_776' title='bbox 3517 2939 3600 2986; x_wconf 90' lang='lat' dir='ltr'><strong>est</strong></span> <span class='ocrx_word' id='word_1_777' title='bbox 3620 2933 3710 3001; x_wconf 80' lang='lat' dir='ltr'><strong>ju-</strong></span> 
     </span>
    </p>
   </div>
   <div class='ocr_carea' id='block_1_94' title="bbox 2132 3020 3711 3086">
    <p class='ocr_par' dir='ltr' id='par_1_94' title="bbox 2132 3020 3711 3086">
     <span class='ocr_line' id='line_1_94' title="bbox 2132 3020 3711 3086; baseline 0.004 -12"><span class='ocrx_word' id='word_1_778' title='bbox 2132 3029 2360 3074; x_wconf 87' lang='lat' dir='ltr'><strong>storum.</strong></span> <span class='ocrx_word' id='word_1_779' title='bbox 2391 3021 2466 3076; x_wconf 90' lang='lat' dir='ltr'><strong>De</strong></span> <span class='ocrx_word' id='word_1_780' title='bbox 2492 3021 2576 3074; x_wconf 91' lang='lat' dir='ltr'><strong>illa</strong></span> <span class='ocrx_word' id='word_1_781' title='bbox 2604 3020 2800 3075; x_wconf 89' lang='lat' dir='ltr'><strong>dictmn</strong></span> <span class='ocrx_word' id='word_1_782' title='bbox 2827 3032 2930 3086; x_wconf 90' lang='lat' dir='ltr'><strong>est,</strong></span> <span class='ocrx_word' id='word_1_783' title='bbox 2957 3020 3134 3074; x_wconf 79' lang='lat' dir='ltr'><strong>Gloria</strong></span> <span class='ocrx_word' id='word_1_784' title='bbox 3160 3023 3211 3074; x_wconf 90' lang='lat' dir='ltr'><strong>in</strong></span> <span class='ocrx_word' id='word_1_785' title='bbox 3240 3023 3447 3077; x_wconf 73' lang='lat' dir='ltr'><strong>excelsis</strong></span> <span class='ocrx_word' id='word_1_786' title='bbox 3475 3021 3586 3076; x_wconf 87' lang='lat' dir='ltr'><strong>Deo.</strong></span> <span class='ocrx_word' id='word_1_787' title='bbox 3607 3038 3626 3077; x_wconf 89' lang='lat'><strong><em>:</em></strong></span> <span class='ocrx_word' id='word_1_788' title='bbox 3645 3022 3711 3080; x_wconf 79' lang='lat' dir='ltr'><strong>de</strong></span> 
     </span>
    </p>
   </div>
   <div class='ocr_carea' id='block_1_95' title="bbox 2134 3109 3712 3185">
    <p class='ocr_par' dir='ltr' id='par_1_95' title="bbox 2134 3109 3712 3185">
     <span class='ocr_line' id='line_1_95' title="bbox 2134 3109 3712 3185; baseline 0.004 -21"><span class='ocrx_word' id='word_1_789' title='bbox 2134 3109 2234 3166; x_wconf 89' lang='lat' dir='ltr'><strong>hac</strong></span> <span class='ocrx_word' id='word_1_790' title='bbox 2263 3111 2461 3168; x_wconf 78' lang='lat' dir='ltr'><strong>dictum</strong></span> <span class='ocrx_word' id='word_1_791' title='bbox 2488 3121 2597 3179; x_wconf 77' lang='lat' dir='ltr'><strong>est,</strong></span> <span class='ocrx_word' id='word_1_792' title='bbox 2619 3113 2682 3166; x_wconf 80' lang='lat' dir='ltr'><strong>Et</strong></span> <span class='ocrx_word' id='word_1_793' title='bbox 2709 3115 2760 3168; x_wconf 81' lang='lat' dir='ltr'><strong>in</strong></span> <span class='ocrx_word' id='word_1_794' title='bbox 2787 3123 2918 3167; x_wconf 86' lang='lat' dir='ltr'><strong>terra</strong></span> <span class='ocrx_word' id='word_1_795' title='bbox 2943 3131 3046 3185; x_wconf 72' lang='lat' dir='ltr'><strong>pax</strong></span> <span class='ocrx_word' id='word_1_796' title='bbox 3066 3115 3354 3171; x_wconf 52' lang='lat' dir='ltr'><strong>[conﬁnibus</strong></span> <span class='ocrx_word' id='word_1_797' title='bbox 3369 3115 3512 3169; x_wconf 66' lang='lat' dir='ltr'><strong>bona</strong></span> <span class='ocrx_word' id='word_1_798' title='bbox 3536 3116 3712 3171; x_wconf 66' lang='lat' dir='ltr'><strong>volun-</strong></span> 
     </span>
    </p>
   </div>
   <div class='ocr_carea' id='block_1_96' title="bbox 2135 3201 3711 3276">
    <p class='ocr_par' dir='ltr' id='par_1_96' title="bbox 2135 3201 3711 3276">
     <span class='ocr_line' id='line_1_96' title="bbox 2135 3201 3711 3276; baseline 0.004 -22"><span class='ocrx_word' id='word_1_799' title='bbox 2135 3204 2250 3256; x_wconf 84' lang='lat' dir='ltr'><strong>tatis</strong></span> <span class='ocrx_word' id='word_1_800' title='bbox 2279 3201 2431 3275; x_wconf 85' lang='lat' dir='ltr'><strong>(Luc.</strong></span> <span class='ocrx_word' id='word_1_801' title='bbox 2460 3219 2498 3258; x_wconf 84' lang='lat' dir='ltr'><strong>It</strong></span> <span class='ocrx_word' id='word_1_802' title='bbox 2517 3243 2538 3270; x_wconf 81' lang='lat'><strong>,</strong></span> <span class='ocrx_word' id='word_1_803' title='bbox 2572 3203 2695 3276; x_wconf 78' lang='grc'><strong>14).</strong></span> <span class='ocrx_word' id='word_1_804' title='bbox 2748 3203 2847 3271; x_wconf 88' lang='lat' dir='ltr'><strong>Qui</strong></span> <span class='ocrx_word' id='word_1_805' title='bbox 2879 3221 3006 3275; x_wconf 87' lang='lat' dir='ltr'><strong>ergo</strong></span> <span class='ocrx_word' id='word_1_806' title='bbox 3034 3205 3084 3259; x_wconf 91' lang='lat' dir='ltr'><strong>in</strong></span> <span class='ocrx_word' id='word_1_807' title='bbox 3117 3205 3215 3261; x_wconf 90' lang='lat' dir='ltr'><strong>hac</strong></span> <span class='ocrx_word' id='word_1_808' title='bbox 3243 3206 3346 3260; x_wconf 87' lang='lat' dir='ltr'><strong>vita</strong></span> <span class='ocrx_word' id='word_1_809' title='bbox 3375 3214 3628 3276; x_wconf 86' lang='lat' dir='ltr'><strong>gemunt,</strong></span> <span class='ocrx_word' id='word_1_810' title='bbox 3655 3214 3711 3263; x_wconf 84' lang='lat' dir='ltr'><strong>et</strong></span> 
     </span>
    </p>
   </div>
   <div class='ocr_carea' id='block_1_97' title="bbox 2133 3284 3708 3367">
    <p class='ocr_par' dir='ltr' id='par_1_97' title="bbox 2133 3284 3708 3367">
     <span class='ocr_line' id='line_1_97' title="bbox 2133 3284 3708 3367; baseline 0.003 -19"><span class='ocrx_word' id='word_1_811' title='bbox 2133 3292 2439 3348; x_wconf 89' lang='lat' dir='ltr'><strong>desiderant</strong></span> <span class='ocrx_word' id='word_1_812' title='bbox 2466 3294 2607 3349; x_wconf 88' lang='lat' dir='ltr'><strong>illam</strong></span> <span class='ocrx_word' id='word_1_813' title='bbox 2640 3297 2883 3364; x_wconf 88' lang='lat' dir='ltr'><strong>patriam,</strong></span> <span class='ocrx_word' id='word_1_814' title='bbox 2911 3307 3129 3350; x_wconf 86' lang='lat' dir='ltr'><strong>currant</strong></span> <span class='ocrx_word' id='word_1_815' title='bbox 3152 3297 3454 3362; x_wconf 88' lang='lat' dir='ltr'><strong>dilectione,</strong></span> <span class='ocrx_word' id='word_1_816' title='bbox 3479 3314 3586 3353; x_wconf 90' lang='lat' dir='ltr'><strong>non</strong></span> <span class='ocrx_word' id='word_1_817' title='bbox 3615 3284 3708 3367; x_wconf 51' lang='lat' dir='ltr'><strong>pe;</strong></span> 
     </span>
    </p>
   </div>
   <div class='ocr_carea' id='block_1_98' title="bbox 2133 3385 3712 3459">
    <p class='ocr_par' dir='ltr' id='par_1_98' title="bbox 2133 3385 3712 3459">
     <span class='ocr_line' id='line_1_98' title="bbox 2133 3385 3712 3459; baseline 0.004 -20"><span class='ocrx_word' id='word_1_818' title='bbox 2133 3385 2288 3440; x_wconf 89' lang='lat' dir='ltr'><strong>dibus</strong></span> <span class='ocrx_word' id='word_1_819' title='bbox 2309 3388 2582 3456; x_wconf 87' lang='lat' dir='ltr'><strong>corporis:</strong></span> <span class='ocrx_word' id='word_1_820' title='bbox 2603 3403 2706 3442; x_wconf 91' lang='lat' dir='ltr'><strong>non</strong></span> <span class='ocrx_word' id='word_1_821' title='bbox 2730 3398 2965 3458; x_wconf 74' lang='lat' dir='ltr'><strong>quzerant</strong></span> <span class='ocrx_word' id='word_1_822' title='bbox 2993 3404 3174 3456; x_wconf 73' lang='lat' dir='ltr'><strong>naves,</strong></span> <span class='ocrx_word' id='word_1_823' title='bbox 3197 3390 3291 3444; x_wconf 91' lang='lat' dir='ltr'><strong>sed</strong></span> <span class='ocrx_word' id='word_1_824' title='bbox 3321 3405 3552 3459; x_wconf 87' lang='lat' dir='ltr'><strong>pennas;</strong></span> <span class='ocrx_word' id='word_1_825' title='bbox 3578 3390 3712 3445; x_wconf 87' lang='lat' dir='ltr'><strong>duas</strong></span> 
     </span>
    </p>
   </div>
   <div class='ocr_carea' id='block_1_99' title="bbox 2133 3479 3710 3549">
    <p class='ocr_par' dir='ltr' id='par_1_99' title="bbox 2133 3479 3710 3549">
     <span class='ocr_line' id='line_1_99' title="bbox 2133 3479 3710 3549; baseline 0.005 -17"><span class='ocrx_word' id='word_1_826' title='bbox 2133 3479 2243 3532; x_wconf 83' lang='lat' dir='ltr'><strong>alas</strong></span> <span class='ocrx_word' id='word_1_827' title='bbox 2268 3479 2540 3534; x_wconf 90' lang='lat' dir='ltr'><strong>charitatis</strong></span> <span class='ocrx_word' id='word_1_828' title='bbox 2569 3479 2991 3549; x_wconf 88' lang='lat' dir='ltr'><strong>apprehendant.</strong></span> <span class='ocrx_word' id='word_1_829' title='bbox 3023 3479 3152 3549; x_wconf 64' lang='lat' dir='ltr'><strong>Quae</strong></span> <span class='ocrx_word' id='word_1_830' title='bbox 3174 3489 3298 3536; x_wconf 90' lang='lat' dir='ltr'><strong>sunt</strong></span> <span class='ocrx_word' id='word_1_831' title='bbox 3317 3479 3434 3536; x_wconf 75' lang='lat' dir='ltr'><strong>duae</strong></span> <span class='ocrx_word' id='word_1_832' title='bbox 3455 3482 3553 3538; x_wconf 81' lang='lat' dir='ltr'><strong>ahe</strong></span> <span class='ocrx_word' id='word_1_833' title='bbox 3578 3481 3710 3540; x_wconf 73' lang='lat' dir='ltr'><strong>clm-</strong></span> 
     </span>
    </p>
   </div>
   <div class='ocr_carea' id='block_1_100' title="bbox 2135 3569 3709 3641">
    <p class='ocr_par' dir='ltr' id='par_1_100' title="bbox 2135 3569 3709 3641">
     <span class='ocr_line' id='line_1_100' title="bbox 2135 3569 3709 3641; baseline 0.001 -18"><span class='ocrx_word' id='word_1_834' title='bbox 2135 3570 2346 3626; x_wconf 72' lang='lat' dir='ltr'><strong>ritatis?</strong></span> <span class='ocrx_word' id='word_1_835' title='bbox 2373 3570 2596 3626; x_wconf 84' lang='lat' dir='ltr'><strong>Dilectio</strong></span> <span class='ocrx_word' id='word_1_836' title='bbox 2618 3570 2729 3635; x_wconf 91' lang='lat' dir='ltr'><strong>Dei,</strong></span> <span class='ocrx_word' id='word_1_837' title='bbox 2755 3578 2808 3625; x_wconf 92' lang='lat' dir='ltr'><strong>et</strong></span> <span class='ocrx_word' id='word_1_838' title='bbox 2832 3569 3078 3640; x_wconf 83' lang='lat' dir='ltr'><strong>proximi.</strong></span> <span class='ocrx_word' id='word_1_839' title='bbox 3107 3571 3515 3641; x_wconf 81' lang='lat' dir='ltr'><strong>Percgrinamur</strong></span> <span class='ocrx_word' id='word_1_840' title='bbox 3542 3571 3709 3638; x_wconf 82' lang='lat' dir='ltr'><strong>enim.</strong></span> 
     </span>
    </p>
   </div>
   <div class='ocr_carea' id='block_1_101' title="bbox 2134 3661 3712 3736">
    <p class='ocr_par' dir='ltr' id='par_1_101' title="bbox 2134 3661 3712 3736">
     <span class='ocr_line' id='line_1_101' title="bbox 2134 3661 3712 3736; baseline 0.003 -21"><span class='ocrx_word' id='word_1_841' title='bbox 2134 3661 2496 3736; x_wconf 84' lang='lat' dir='ltr'><strong>suspiramns.</strong></span> <span class='ocrx_word' id='word_1_842' title='bbox 2520 3661 2800 3732; x_wconf 71' lang='lat' dir='ltr'><strong>gemimus.</strong></span> <span class='ocrx_word' id='word_1_843' title='bbox 2825 3661 3100 3717; x_wconf 85' lang='lat' dir='ltr'><strong>Venerunt</strong></span> <span class='ocrx_word' id='word_1_844' title='bbox 3141 3661 3212 3716; x_wconf 88' lang='lat' dir='ltr'><strong>ad</strong></span> <span class='ocrx_word' id='word_1_845' title='bbox 3251 3677 3349 3717; x_wconf 86' lang='lat' dir='ltr'><strong>nos</strong></span> <span class='ocrx_word' id='word_1_846' title='bbox 3388 3661 3608 3721; x_wconf 59' lang='lat' dir='ltr'><strong>Litterae</strong></span> <span class='ocrx_word' id='word_1_847' title='bbox 3644 3662 3712 3720; x_wconf 84' lang='lat' dir='ltr'><strong>de</strong></span> 
     </span>
    </p>
   </div>
   <div class='ocr_carea' id='block_1_102' title="bbox 2136 3752 3211 3823">
    <p class='ocr_par' dir='ltr' id='par_1_102' title="bbox 2136 3752 3211 3823">
     <span class='ocr_line' id='line_1_102' title="bbox 2136 3752 3211 3823; baseline 0.003 -19"><span class='ocrx_word' id='word_1_848' title='bbox 2136 3753 2300 3823; x_wconf 88' lang='lat' dir='ltr'><strong>patria</strong></span> <span class='ocrx_word' id='word_1_849' title='bbox 2331 3762 2531 3819; x_wconf 86' lang='lat' dir='ltr'><strong>nostra,</strong></span> <span class='ocrx_word' id='word_1_850' title='bbox 2561 3753 2703 3822; x_wconf 89' lang='lat' dir='ltr'><strong>ipsas</strong></span> <span class='ocrx_word' id='word_1_851' title='bbox 2730 3752 2882 3807; x_wconf 88' lang='lat' dir='ltr'><strong>vobis</strong></span> <span class='ocrx_word' id='word_1_852' title='bbox 2904 3753 3211 3807; x_wconf 87' lang='lat' dir='ltr'><strong>recitamus.</strong></span> 
     </span>
    </p>
   </div>
   <div class='ocr_carea' id='block_1_103' title="bbox 2206 3847 3710 3920">
    <p class='ocr_par' dir='ltr' id='par_1_103' title="bbox 2206 3847 3710 3920">
     <span class='ocr_line' id='line_1_103' title="bbox 2206 3847 3710 3920; baseline 0.001 -16"><span class='ocrx_word' id='word_1_853' title='bbox 2206 3849 2259 3904; x_wconf 85' lang='lat'><strong>6.</strong></span> <span class='ocrx_word' id='word_1_854' title='bbox 2315 3847 2723 3904; x_wconf 76' lang='lat' dir='ltr'><strong>Lwtetuszrael</strong></span> <span class='ocrx_word' id='word_1_855' title='bbox 2762 3849 2813 3903; x_wconf 87' lang='lat' dir='ltr'><strong>in</strong></span> <span class='ocrx_word' id='word_1_856' title='bbox 2842 3865 2898 3902; x_wconf 90' lang='lat' dir='ltr'><strong>eo</strong></span> <span class='ocrx_word' id='word_1_857' title='bbox 2920 3849 3006 3920; x_wconf 86' lang='lat' dir='ltr'><strong>qui</strong></span> <span class='ocrx_word' id='word_1_858' title='bbox 3042 3848 3161 3918; x_wconf 80' lang='lat' dir='ltr'><strong>fecit</strong></span> <span class='ocrx_word' id='word_1_859' title='bbox 3201 3866 3346 3916; x_wconf 86' lang='lat' dir='ltr'><strong>eum,</strong></span> <span class='ocrx_word' id='word_1_860' title='bbox 3373 3859 3420 3904; x_wconf 87' lang='lat' dir='ltr'><strong>et</strong></span> <span class='ocrx_word' id='word_1_861' title='bbox 3457 3850 3554 3918; x_wconf 91' lang='lat' dir='ltr'><strong>ﬁlii</strong></span> <span class='ocrx_word' id='word_1_862' title='bbox 3584 3850 3710 3906; x_wconf 81' lang='lat' dir='ltr'><strong>Sion</strong></span> 
     </span>
    </p>
   </div>
   <div class='ocr_carea' id='block_1_104' title="bbox 2135 3940 3712 4012">
    <p class='ocr_par' dir='ltr' id='par_1_104' title="bbox 2135 3940 3712 4012">
     <span class='ocr_line' id='line_1_104' title="bbox 2135 3940 3712 4012; baseline 0.001 -16"><span class='ocrx_word' id='word_1_863' title='bbox 2135 3943 2382 3998; x_wconf 71' lang='lat' dir='ltr'><strong>exsultent</strong></span> <span class='ocrx_word' id='word_1_864' title='bbox 2411 3943 2463 3996; x_wconf 87' lang='lat' dir='ltr'><strong>in</strong></span> <span class='ocrx_word' id='word_1_865' title='bbox 2494 3959 2610 4012; x_wconf 84' lang='lat' dir='ltr'><strong>rege</strong></span> <span class='ocrx_word' id='word_1_866' title='bbox 2634 3958 2747 3996; x_wconf 89' lang='lat' dir='ltr'><strong>suo.</strong></span> <span class='ocrx_word' id='word_1_867' title='bbox 2795 3940 2944 4009; x_wconf 91' lang='lat' dir='ltr'><strong>Quod</strong></span> <span class='ocrx_word' id='word_1_868' title='bbox 2973 3940 3140 4008; x_wconf 84' lang='lat' dir='ltr'><strong>dixit,</strong></span> <span class='ocrx_word' id='word_1_869' title='bbox 3171 3942 3257 4010; x_wconf 86' lang='lat' dir='ltr'><strong>qui</strong></span> <span class='ocrx_word' id='word_1_870' title='bbox 3281 3944 3399 4011; x_wconf 81' lang='lat' dir='ltr'><strong>fecit</strong></span> <span class='ocrx_word' id='word_1_871' title='bbox 3423 3957 3567 4005; x_wconf 74' lang='lat' dir='ltr'><strong>eum;</strong></span> <span class='ocrx_word' id='word_1_872' title='bbox 3611 3942 3712 3997; x_wconf 91' lang='lat' dir='ltr'><strong>hoc</strong></span> 
     </span>
    </p>
   </div>
   <div class='ocr_carea' id='block_1_105' title="bbox 2133 4032 3712 4105">
    <p class='ocr_par' dir='ltr' id='par_1_105' title="bbox 2133 4032 3712 4105">
     <span class='ocr_line' id='line_1_105' title="bbox 2133 4032 3712 4105; baseline -0.001 -15"><span class='ocrx_word' id='word_1_873' title='bbox 2133 4036 2285 4100; x_wconf 88' lang='lat' dir='ltr'><strong>dixit,</strong></span> <span class='ocrx_word' id='word_1_874' title='bbox 2315 4036 2367 4088; x_wconf 88' lang='lat' dir='ltr'><strong>in</strong></span> <span class='ocrx_word' id='word_1_875' title='bbox 2393 4052 2506 4105; x_wconf 86' lang='lat' dir='ltr'><strong>rege</strong></span> <span class='ocrx_word' id='word_1_876' title='bbox 2529 4052 2642 4088; x_wconf 88' lang='lat' dir='ltr'><strong>suo.</strong></span> <span class='ocrx_word' id='word_1_877' title='bbox 2679 4033 2832 4100; x_wconf 86' lang='lat' dir='ltr'><strong>Quod</strong></span> <span class='ocrx_word' id='word_1_878' title='bbox 2859 4033 3102 4098; x_wconf 89' lang='lat' dir='ltr'><strong>audistis,</strong></span> <span class='ocrx_word' id='word_1_879' title='bbox 3133 4032 3329 4094; x_wconf 85' lang='lat' dir='ltr'><strong>Israel;</strong></span> <span class='ocrx_word' id='word_1_880' title='bbox 3359 4032 3410 4088; x_wconf 89' lang='lat' dir='ltr'><strong>id</strong></span> <span class='ocrx_word' id='word_1_881' title='bbox 3450 4042 3594 4100; x_wconf 90' lang='lat' dir='ltr'><strong>sunt,</strong></span> <span class='ocrx_word' id='word_1_882' title='bbox 3617 4034 3712 4103; x_wconf 88' lang='lat' dir='ltr'><strong>ﬁlii</strong></span> 
     </span>
    </p>
   </div>
   <div class='ocr_carea' id='block_1_106' title="bbox 2136 4123 3712 4195">
    <p class='ocr_par' dir='ltr' id='par_1_106' title="bbox 2136 4123 3712 4195">
     <span class='ocr_line' id='line_1_106' title="bbox 2136 4123 3712 4195; baseline -0.001 -15"><span class='ocrx_word' id='word_1_883' title='bbox 2136 4127 2262 4180; x_wconf 86' lang='lat' dir='ltr'><strong>Sion</strong></span> <span class='ocrx_word' id='word_1_884' title='bbox 2286 4142 2304 4180; x_wconf 85' lang='lat'><strong><em>:</em></strong></span> <span class='ocrx_word' id='word_1_885' title='bbox 2325 4134 2380 4181; x_wconf 90' lang='lat' dir='ltr'><strong>et</strong></span> <span class='ocrx_word' id='word_1_886' title='bbox 2408 4124 2547 4195; x_wconf 91' lang='lat' dir='ltr'><strong>quod</strong></span> <span class='ocrx_word' id='word_1_887' title='bbox 2576 4124 2800 4178; x_wconf 89' lang='lat' dir='ltr'><strong>audistis</strong></span> <span class='ocrx_word' id='word_1_888' title='bbox 2821 4165 2835 4192; x_wconf 92' lang='lat'><strong>,</strong></span> <span class='ocrx_word' id='word_1_889' title='bbox 2862 4125 2913 4176; x_wconf 90' lang='lat' dir='ltr'><strong>in</strong></span> <span class='ocrx_word' id='word_1_890' title='bbox 2943 4140 3000 4178; x_wconf 88' lang='lat' dir='ltr'><strong>eo</strong></span> <span class='ocrx_word' id='word_1_891' title='bbox 3024 4123 3110 4194; x_wconf 89' lang='lat' dir='ltr'><strong>qui</strong></span> <span class='ocrx_word' id='word_1_892' title='bbox 3136 4123 3254 4194; x_wconf 80' lang='lat' dir='ltr'><strong>fecit</strong></span> <span class='ocrx_word' id='word_1_893' title='bbox 3279 4138 3388 4179; x_wconf 83' lang='lat' dir='ltr'><strong>eum</strong></span> <span class='ocrx_word' id='word_1_894' title='bbox 3405 4139 3426 4188; x_wconf 80' lang='lat'><strong>,°</strong></span> <span class='ocrx_word' id='word_1_895' title='bbox 3457 4123 3560 4178; x_wconf 92' lang='lat' dir='ltr'><strong>hoc</strong></span> <span class='ocrx_word' id='word_1_896' title='bbox 3593 4130 3712 4190; x_wconf 69' lang='lat' dir='ltr'><strong>est,</strong></span> 
     </span>
    </p>
   </div>
   <div class='ocr_carea' id='block_1_107' title="bbox 2135 4196 3710 4288">
    <p class='ocr_par' dir='ltr' id='par_1_107' title="bbox 2135 4196 3710 4288">
     <span class='ocr_line' id='line_1_107' title="bbox 2135 4196 3710 4288; baseline -0.001 -17"><span class='ocrx_word' id='word_1_897' title='bbox 2135 4219 2186 4272; x_wconf 80' lang='lat' dir='ltr'><strong>in</strong></span> <span class='ocrx_word' id='word_1_898' title='bbox 2213 4233 2328 4288; x_wconf 84' lang='lat' dir='ltr'><strong>rege</strong></span> <span class='ocrx_word' id='word_1_899' title='bbox 2355 4196 2464 4270; x_wconf 65' lang='grc' dir='ltr'><strong>ξιιο.</strong></span> <span class='ocrx_word' id='word_1_900' title='bbox 2496 4216 2659 4270; x_wconf 83' lang='lat' dir='ltr'><strong>Filius</strong></span> <span class='ocrx_word' id='word_1_901' title='bbox 2689 4215 2781 4270; x_wconf 90' lang='lat' dir='ltr'><strong>Dei</strong></span> <span class='ocrx_word' id='word_1_902' title='bbox 2809 4215 2897 4284; x_wconf 92' lang='lat' dir='ltr'><strong>qui</strong></span> <span class='ocrx_word' id='word_1_903' title='bbox 2937 4213 3062 4268; x_wconf 90' lang='lat' dir='ltr'><strong>fecit</strong></span> <span class='ocrx_word' id='word_1_904' title='bbox 3099 4229 3197 4268; x_wconf 91' lang='lat' dir='ltr'><strong>nos</strong></span> <span class='ocrx_word' id='word_1_905' title='bbox 3220 4255 3242 4280; x_wconf 55' lang='grc' dir='ltr'>ι</span> <span class='ocrx_word' id='word_1_906' title='bbox 3275 4213 3444 4273; x_wconf 77' lang='lat' dir='ltr'><strong>factus</strong></span> <span class='ocrx_word' id='word_1_907' title='bbox 3467 4223 3551 4270; x_wconf 82' lang='lat' dir='ltr'><strong>est</strong></span> <span class='ocrx_word' id='word_1_908' title='bbox 3577 4215 3710 4271; x_wconf 84' lang='lat' dir='ltr'><strong>inter</strong></span> 
     </span>
    </p>
   </div>
   <div class='ocr_carea' id='block_1_108' title="bbox 2135 4303 3710 4376">
    <p class='ocr_par' dir='ltr' id='par_1_108' title="bbox 2135 4303 3710 4376">
     <span class='ocr_line' id='line_1_108' title="bbox 2135 4303 3710 4376; baseline 0.001 -15"><span class='ocrx_word' id='word_1_909' title='bbox 2135 4323 2268 4362; x_wconf 88' lang='lat' dir='ltr'><strong>nos:</strong></span> <span class='ocrx_word' id='word_1_910' title='bbox 2298 4315 2353 4361; x_wconf 91' lang='lat' dir='ltr'><strong>et</strong></span> <span class='ocrx_word' id='word_1_911' title='bbox 2377 4307 2489 4362; x_wconf 86' lang='lat' dir='ltr'><strong>Rex</strong></span> <span class='ocrx_word' id='word_1_912' title='bbox 2517 4314 2696 4360; x_wconf 91' lang='lat' dir='ltr'><strong>noster</strong></span> <span class='ocrx_word' id='word_1_913' title='bbox 2726 4304 2860 4376; x_wconf 82' lang='lat' dir='ltr'><strong>regit</strong></span> <span class='ocrx_word' id='word_1_914' title='bbox 2890 4319 3013 4370; x_wconf 90' lang='lat' dir='ltr'><strong>nos,</strong></span> <span class='ocrx_word' id='word_1_915' title='bbox 3031 4304 3153 4375; x_wconf 89' lang='lat' dir='ltr'><strong>quia</strong></span> <span class='ocrx_word' id='word_1_916' title='bbox 3180 4303 3405 4362; x_wconf 76' lang='lat' dir='ltr'><strong>Creator</strong></span> <span class='ocrx_word' id='word_1_917' title='bbox 3427 4314 3611 4360; x_wconf 83' lang='lat' dir='ltr'><strong>noster</strong></span> <span class='ocrx_word' id='word_1_918' title='bbox 3637 4304 3710 4362; x_wconf 80' lang='lat' dir='ltr'><strong>[e-</strong></span> 
     </span>
    </p>
   </div>
   <div class='ocr_carea' id='block_1_109' title="bbox 2134 4395 3710 4468">
    <p class='ocr_par' dir='ltr' id='par_1_109' title="bbox 2134 4395 3710 4468">
     <span class='ocr_line' id='line_1_109' title="bbox 2134 4395 3710 4468; baseline -0.001 -16"><span class='ocrx_word' id='word_1_919' title='bbox 2134 4399 2208 4452; x_wconf 89' lang='lat' dir='ltr'><strong>cit</strong></span> <span class='ocrx_word' id='word_1_920' title='bbox 2237 4412 2355 4452; x_wconf 91' lang='lat' dir='ltr'><strong>nos.</strong></span> <span class='ocrx_word' id='word_1_921' title='bbox 2388 4395 2504 4468; x_wconf 89' lang='lat' dir='ltr'><strong>Ipse</strong></span> <span class='ocrx_word' id='word_1_922' title='bbox 2529 4407 2610 4451; x_wconf 89' lang='lat' dir='ltr'><strong>est</strong></span> <span class='ocrx_word' id='word_1_923' title='bbox 2641 4406 2816 4450; x_wconf 90' lang='lat' dir='ltr'><strong>tamen</strong></span> <span class='ocrx_word' id='word_1_924' title='bbox 2848 4411 2942 4465; x_wconf 90' lang='lat' dir='ltr'><strong>per</strong></span> <span class='ocrx_word' id='word_1_925' title='bbox 2962 4412 3118 4465; x_wconf 90' lang='lat' dir='ltr'><strong>quem</strong></span> <span class='ocrx_word' id='word_1_926' title='bbox 3142 4395 3265 4454; x_wconf 74' lang='lat' dir='ltr'><strong>facti</strong></span> <span class='ocrx_word' id='word_1_927' title='bbox 3294 4410 3497 4458; x_wconf 85' lang='lat' dir='ltr'><strong>sumus,</strong></span> <span class='ocrx_word' id='word_1_928' title='bbox 3521 4397 3710 4466; x_wconf 75' lang='lat' dir='ltr'><strong>quiest</strong></span> 
     </span>
    </p>
   </div>
   <div class='ocr_carea' id='block_1_110' title="bbox 2136 4485 3708 4558">
    <p class='ocr_par' dir='ltr' id='par_1_110' title="bbox 2136 4485 3708 4558">
     <span class='ocr_line' id='line_1_110' title="bbox 2136 4485 3708 4558; baseline -0.001 -17"><span class='ocrx_word' id='word_1_929' title='bbox 2136 4504 2230 4558; x_wconf 88' lang='lat' dir='ltr'><strong>per</strong></span> <span class='ocrx_word' id='word_1_930' title='bbox 2266 4503 2422 4558; x_wconf 90' lang='lat' dir='ltr'><strong>quem</strong></span> <span class='ocrx_word' id='word_1_931' title='bbox 2467 4501 2563 4540; x_wconf 89' lang='lat' dir='ltr'><strong>nos</strong></span> <span class='ocrx_word' id='word_1_932' title='bbox 2602 4486 2834 4554; x_wconf 78' lang='lat' dir='ltr'><strong>regimur</strong></span> <span class='ocrx_word' id='word_1_933' title='bbox 2856 4493 2948 4541; x_wconf 65' lang='lat' dir='ltr'><strong>tet</strong></span> <span class='ocrx_word' id='word_1_934' title='bbox 2977 4486 3095 4540; x_wconf 88' lang='lat' dir='ltr'><strong>ideo</strong></span> <span class='ocrx_word' id='word_1_935' title='bbox 3124 4485 3447 4551; x_wconf 90' lang='lat' dir='ltr'><strong>Christiani,</strong></span> <span class='ocrx_word' id='word_1_936' title='bbox 3473 4486 3597 4556; x_wconf 90' lang='lat' dir='ltr'><strong>quia</strong></span> <span class='ocrx_word' id='word_1_937' title='bbox 3625 4485 3708 4540; x_wconf 89' lang='lat' dir='ltr'><strong>ille</strong></span> 
     </span>
    </p>
   </div>
   <div class='ocr_carea' id='block_1_111' title="bbox 2133 4575 3708 4641">
    <p class='ocr_par' dir='ltr' id='par_1_111' title="bbox 2133 4575 3708 4641">
     <span class='ocr_line' id='line_1_111' title="bbox 2133 4575 3708 4641; baseline -0.001 -7"><span class='ocrx_word' id='word_1_938' title='bbox 2133 4579 2397 4634; x_wconf 78' lang='lat' dir='ltr'><strong>Christus.</strong></span> <span class='ocrx_word' id='word_1_939' title='bbox 2429 4577 2671 4632; x_wconf 89' lang='lat' dir='ltr'><strong>Christus</strong></span> <span class='ocrx_word' id='word_1_940' title='bbox 2698 4590 2725 4628; x_wconf 91' lang='lat' dir='ltr'><strong>a</strong></span> <span class='ocrx_word' id='word_1_941' title='bbox 2756 4575 3046 4631; x_wconf 87' lang='lat' dir='ltr'><strong>chrismate</strong></span> <span class='ocrx_word' id='word_1_942' title='bbox 3071 4576 3247 4631; x_wconf 90' lang='lat' dir='ltr'><strong>dictus</strong></span> <span class='ocrx_word' id='word_1_943' title='bbox 3275 4585 3354 4631; x_wconf 89' lang='lat' dir='ltr'><strong>est</strong></span> <span class='ocrx_word' id='word_1_944' title='bbox 3375 4619 3399 4641; x_wconf 81' lang='lat'><strong>,</strong></span> <span class='ocrx_word' id='word_1_945' title='bbox 3419 4577 3471 4631; x_wconf 90' lang='lat' dir='ltr'><strong>id</strong></span> <span class='ocrx_word' id='word_1_946' title='bbox 3502 4586 3604 4641; x_wconf 85' lang='lat' dir='ltr'><strong>est,</strong></span> <span class='ocrx_word' id='word_1_947' title='bbox 3644 4576 3708 4632; x_wconf 88' lang='lat' dir='ltr'><strong>ab</strong></span> 
     </span>
    </p>
   </div>
   <div class='ocr_carea' id='block_1_112' title="bbox 2136 4665 3710 4739">
    <p class='ocr_par' dir='ltr' id='par_1_112' title="bbox 2136 4665 3710 4739">
     <span class='ocr_line' id='line_1_112' title="bbox 2136 4665 3710 4739; baseline -0.003 -14"><span class='ocrx_word' id='word_1_948' title='bbox 2136 4669 2408 4726; x_wconf 88' lang='lat' dir='ltr'><strong>unctione.</strong></span> <span class='ocrx_word' id='word_1_949' title='bbox 2455 4667 2627 4737; x_wconf 79' lang='lat' dir='ltr'><strong>Reges</strong></span> <span class='ocrx_word' id='word_1_950' title='bbox 2670 4675 2846 4721; x_wconf 90' lang='lat' dir='ltr'><strong>autem</strong></span> <span class='ocrx_word' id='word_1_951' title='bbox 2878 4667 3210 4738; x_wconf 81' lang='lat' dir='ltr'><strong>angebantur</strong></span> <span class='ocrx_word' id='word_1_952' title='bbox 3239 4666 3287 4739; x_wconf 97' lang='grc'><strong>(1</strong></span> <span class='ocrx_word' id='word_1_953' title='bbox 3319 4665 3448 4735; x_wconf 81' lang='lat' dir='ltr'><strong>Reg.</strong></span> <span class='ocrx_word' id='word_1_954' title='bbox 3480 4683 3510 4720; x_wconf 88' lang='lat' dir='ltr'><strong>x</strong></span> <span class='ocrx_word' id='word_1_955' title='bbox 3533 4708 3556 4733; x_wconf 28' lang='grc' dir='ltr'><strong>,η</strong></span> <span class='ocrx_word' id='word_1_956' title='bbox 3584 4667 3646 4733; x_wconf 77' lang='lat' dir='ltr'><strong>I;</strong></span> <span class='ocrx_word' id='word_1_957' title='bbox 3665 4677 3710 4722; x_wconf 87' lang='lat' dir='ltr'><strong>et</strong></span> 
     </span>
    </p>
   </div>
   <div class='ocr_carea' id='block_1_113' title="bbox 2138 4757 3711 4832">
    <p class='ocr_par' dir='ltr' id='par_1_113' title="bbox 2138 4757 3711 4832">
     <span class='ocr_line' id='line_1_113' title="bbox 2138 4757 3711 4832; baseline -0.001 -15"><span class='ocrx_word' id='word_1_958' title='bbox 2138 4779 2247 4828; x_wconf 74' lang='lat' dir='ltr'><strong>xVI,</strong></span> <span class='ocrx_word' id='word_1_959' title='bbox 2272 4762 2370 4832; x_wconf 80' lang='lat' dir='ltr'><strong>l3)</strong></span> <span class='ocrx_word' id='word_1_960' title='bbox 2400 4771 2453 4816; x_wconf 88' lang='lat' dir='ltr'><strong>et</strong></span> <span class='ocrx_word' id='word_1_961' title='bbox 2483 4760 2792 4816; x_wconf 87' lang='lat' dir='ltr'><strong>sacerdotes</strong></span> <span class='ocrx_word' id='word_1_962' title='bbox 2822 4760 3014 4828; x_wconf 75' lang='lat' dir='ltr'><strong>(Exod.</strong></span> <span class='ocrx_word' id='word_1_963' title='bbox 3043 4775 3168 4822; x_wconf 83' lang='lat' dir='ltr'><strong>xxx,</strong></span> <span class='ocrx_word' id='word_1_964' title='bbox 3189 4757 3277 4829; x_wconf 79' lang='lat'><strong>50)</strong></span> <span class='ocrx_word' id='word_1_965' title='bbox 3305 4777 3316 4812; x_wconf 95' lang='lat'><strong>:</strong></span> <span class='ocrx_word' id='word_1_966' title='bbox 3344 4759 3431 4813; x_wconf 91' lang='lat' dir='ltr'><strong>ille</strong></span> <span class='ocrx_word' id='word_1_967' title='bbox 3457 4774 3586 4813; x_wconf 89' lang='lat' dir='ltr'><strong>vero</strong></span> <span class='ocrx_word' id='word_1_968' title='bbox 3615 4776 3711 4816; x_wconf 90' lang='lat' dir='ltr'><strong>nn-</strong></span> 
     </span>
    </p>
   </div>
   <div class='ocr_carea' id='block_1_114' title="bbox 2135 4851 3714 4922">
    <p class='ocr_par' dir='ltr' id='par_1_114' title="bbox 2135 4851 3714 4922">
     <span class='ocr_line' id='line_1_114' title="bbox 2135 4851 3714 4922; baseline -0.005 -9"><span class='ocrx_word' id='word_1_969' title='bbox 2135 4869 2254 4913; x_wconf 88' lang='lat' dir='ltr'><strong>ctus</strong></span> <span class='ocrx_word' id='word_1_970' title='bbox 2277 4866 2357 4912; x_wconf 90' lang='lat' dir='ltr'><strong>est</strong></span> <span class='ocrx_word' id='word_1_971' title='bbox 2382 4865 2436 4910; x_wconf 91' lang='lat' dir='ltr'><strong>et</strong></span> <span class='ocrx_word' id='word_1_972' title='bbox 2466 4855 2578 4909; x_wconf 88' lang='lat' dir='ltr'><strong>Rex</strong></span> <span class='ocrx_word' id='word_1_973' title='bbox 2606 4863 2660 4909; x_wconf 91' lang='lat' dir='ltr'><strong>et</strong></span> <span class='ocrx_word' id='word_1_974' title='bbox 2688 4853 2970 4907; x_wconf 87' lang='lat' dir='ltr'><strong>Sacerdos.</strong></span> <span class='ocrx_word' id='word_1_975' title='bbox 3002 4853 3119 4908; x_wconf 88' lang='lat' dir='ltr'><strong>Rex</strong></span> <span class='ocrx_word' id='word_1_976' title='bbox 3139 4852 3387 4922; x_wconf 78' lang='lat' dir='ltr'><strong>pugnavit</strong></span> <span class='ocrx_word' id='word_1_977' title='bbox 3417 4865 3513 4921; x_wconf 88' lang='lat' dir='ltr'><strong>pro</strong></span> <span class='ocrx_word' id='word_1_978' title='bbox 3535 4851 3714 4915; x_wconf 81' lang='lat' dir='ltr'><strong>nobis,</strong></span> 
     </span>
    </p>
   </div>
   <div class='ocr_carea' id='block_1_115' title="bbox 2135 4941 3709 5014">
    <p class='ocr_par' dir='ltr' id='par_1_115' title="bbox 2135 4941 3709 5014">
     <span class='ocr_line' id='line_1_115' title="bbox 2135 4941 3709 5014; baseline -0.01 -6"><span class='ocrx_word' id='word_1_979' title='bbox 2135 4949 2398 5008; x_wconf 84' lang='lat' dir='ltr'><strong>Sacerdos</strong></span> <span class='ocrx_word' id='word_1_980' title='bbox 2422 4947 2614 5001; x_wconf 89' lang='lat' dir='ltr'><strong>obtulit</strong></span> <span class='ocrx_word' id='word_1_981' title='bbox 2639 4962 2698 4998; x_wconf 86' lang='lat' dir='ltr'><strong>se</strong></span> <span class='ocrx_word' id='word_1_982' title='bbox 2729 4960 2824 5014; x_wconf 89' lang='lat' dir='ltr'><strong>pro</strong></span> <span class='ocrx_word' id='word_1_983' title='bbox 2856 4943 3030 4998; x_wconf 88' lang='lat' dir='ltr'><strong>nobis.</strong></span> <span class='ocrx_word' id='word_1_984' title='bbox 3059 4941 3282 5010; x_wconf 88' lang='lat' dir='ltr'><strong>Quando</strong></span> <span class='ocrx_word' id='word_1_985' title='bbox 3309 4957 3404 5011; x_wconf 89' lang='lat' dir='ltr'><strong>pro</strong></span> <span class='ocrx_word' id='word_1_986' title='bbox 3433 4941 3587 4995; x_wconf 84' lang='lat' dir='ltr'><strong>nobis</strong></span> <span class='ocrx_word' id='word_1_987' title='bbox 3613 4958 3709 5011; x_wconf 83' lang='lat' dir='ltr'><strong>pu-</strong></span> 
     </span>
    </p>
   </div>
   <div class='ocr_carea' id='block_1_116' title="bbox 2136 5033 3712 5112">
    <p class='ocr_par' dir='ltr' id='par_1_116' title="bbox 2136 5033 3712 5112">
     <span class='ocr_line' id='line_1_116' title="bbox 2136 5033 3712 5112; baseline -0.004 -20"><span class='ocrx_word' id='word_1_988' title='bbox 2136 5040 2333 5112; x_wconf 85' lang='lat' dir='ltr'><strong>gnavit.</strong></span> <span class='ocrx_word' id='word_1_989' title='bbox 2360 5038 2510 5108; x_wconf 87' lang='lat' dir='ltr'><strong>quasi</strong></span> <span class='ocrx_word' id='word_1_990' title='bbox 2543 5038 2715 5090; x_wconf 88' lang='lat' dir='ltr'><strong>victus</strong></span> <span class='ocrx_word' id='word_1_991' title='bbox 2743 5043 2853 5098; x_wconf 87' lang='lat' dir='ltr'><strong>est;</strong></span> <span class='ocrx_word' id='word_1_992' title='bbox 2885 5049 3010 5094; x_wconf 84' lang='lat' dir='ltr'><strong>vere</strong></span> <span class='ocrx_word' id='word_1_993' title='bbox 3033 5043 3215 5089; x_wconf 79' lang='lat' dir='ltr'><strong>autem</strong></span> <span class='ocrx_word' id='word_1_994' title='bbox 3241 5033 3387 5087; x_wconf 78' lang='lat' dir='ltr'><strong>vicit.</strong></span> <span class='ocrx_word' id='word_1_995' title='bbox 3414 5033 3712 5087; x_wconf 82' lang='lat' dir='ltr'><strong>Crucilixus</strong></span> 
     </span>
    </p>
   </div>
   <div class='ocr_carea' id='block_1_117' title="bbox 2135 5122 3716 5193">
    <p class='ocr_par' dir='ltr' id='par_1_117' title="bbox 2135 5122 3716 5193">
     <span class='ocr_line' id='line_1_117' title="bbox 2135 5122 3716 5193; baseline -0.007 -6"><span class='ocrx_word' id='word_1_996' title='bbox 2135 5142 2219 5187; x_wconf 90' lang='lat' dir='ltr'><strong>est</strong></span> <span class='ocrx_word' id='word_1_997' title='bbox 2243 5131 2407 5192; x_wconf 89' lang='lat' dir='ltr'><strong>enim,</strong></span> <span class='ocrx_word' id='word_1_998' title='bbox 2437 5127 2576 5182; x_wconf 88' lang='lat' dir='ltr'><strong>etde</strong></span> <span class='ocrx_word' id='word_1_999' title='bbox 2600 5141 2760 5182; x_wconf 90' lang='lat' dir='ltr'><strong>cruce</strong></span> <span class='ocrx_word' id='word_1_1000' title='bbox 2785 5139 2898 5189; x_wconf 88' lang='lat' dir='ltr'><strong>sua,</strong></span> <span class='ocrx_word' id='word_1_1001' title='bbox 2929 5125 2980 5178; x_wconf 91' lang='lat' dir='ltr'><strong>in</strong></span> <span class='ocrx_word' id='word_1_1002' title='bbox 3004 5139 3104 5193; x_wconf 88' lang='lat' dir='ltr'><strong>qua</strong></span> <span class='ocrx_word' id='word_1_1003' title='bbox 3131 5133 3245 5178; x_wconf 88' lang='lat' dir='ltr'><strong>erat</strong></span> <span class='ocrx_word' id='word_1_1004' title='bbox 3267 5124 3429 5189; x_wconf 71' lang='lat' dir='ltr'><strong>fixus,</strong></span> <span class='ocrx_word' id='word_1_1005' title='bbox 3443 5122 3716 5178; x_wconf 84' lang='lat' dir='ltr'><strong>diabolum</strong></span> 
     </span>
    </p>
   </div>
   <div class='ocr_carea' id='block_1_118' title="bbox 2137 5212 3714 5276">
    <p class='ocr_par' dir='ltr' id='par_1_118' title="bbox 2137 5212 3714 5276">
     <span class='ocr_line' id='line_1_118' title="bbox 2137 5212 3714 5276; baseline -0.003 -2"><span class='ocrx_word' id='word_1_1006' title='bbox 2137 5219 2365 5276; x_wconf 89' lang='lat' dir='ltr'><strong>occidit:</strong></span> <span class='ocrx_word' id='word_1_1007' title='bbox 2389 5227 2444 5273; x_wconf 90' lang='lat' dir='ltr'><strong>et</strong></span> <span class='ocrx_word' id='word_1_1008' title='bbox 2469 5216 2591 5271; x_wconf 92' lang='lat' dir='ltr'><strong>inde</strong></span> <span class='ocrx_word' id='word_1_1009' title='bbox 2621 5216 2730 5270; x_wconf 83' lang='lat' dir='ltr'><strong>Rex</strong></span> <span class='ocrx_word' id='word_1_1010' title='bbox 2765 5224 2963 5270; x_wconf 90' lang='lat' dir='ltr'><strong>noster.</strong></span> <span class='ocrx_word' id='word_1_1011' title='bbox 3000 5213 3151 5269; x_wconf 90' lang='lat' dir='ltr'><strong>Unde</strong></span> <span class='ocrx_word' id='word_1_1012' title='bbox 3191 5223 3370 5268; x_wconf 84' lang='lat' dir='ltr'><strong>autem</strong></span> <span class='ocrx_word' id='word_1_1013' title='bbox 3415 5212 3714 5269; x_wconf 75' lang='lat' dir='ltr'><strong>Sacerdos!-</strong></span> 
     </span>
    </p>
   </div>
   <div class='ocr_carea' id='block_1_119' title="bbox 2138 5302 3714 5382">
    <p class='ocr_par' dir='ltr' id='par_1_119' title="bbox 2138 5302 3714 5382">
     <span class='ocr_line' id='line_1_119' title="bbox 2138 5302 3714 5382; baseline -0.005 -16"><span class='ocrx_word' id='word_1_1014' title='bbox 2138 5313 2269 5382; x_wconf 89' lang='lat' dir='ltr'><strong>Quia</strong></span> <span class='ocrx_word' id='word_1_1015' title='bbox 2296 5327 2354 5365; x_wconf 92' lang='lat' dir='ltr'><strong>se</strong></span> <span class='ocrx_word' id='word_1_1016' title='bbox 2387 5326 2478 5379; x_wconf 87' lang='lat' dir='ltr'><strong>pro</strong></span> <span class='ocrx_word' id='word_1_1017' title='bbox 2509 5307 2662 5364; x_wconf 83' lang='lat' dir='ltr'><strong>nobis</strong></span> <span class='ocrx_word' id='word_1_1018' title='bbox 2686 5305 2899 5361; x_wconf 87' lang='lat' dir='ltr'><strong>obtulit.</strong></span> <span class='ocrx_word' id='word_1_1019' title='bbox 2949 5305 3079 5360; x_wconf 90' lang='lat' dir='ltr'><strong>Date</strong></span> <span class='ocrx_word' id='word_1_1020' title='bbox 3107 5303 3389 5360; x_wconf 85' lang='lat' dir='ltr'><strong>Sacerdoti</strong></span> <span class='ocrx_word' id='word_1_1021' title='bbox 3411 5302 3558 5375; x_wconf 87' lang='lat' dir='ltr'><strong>quod</strong></span> <span class='ocrx_word' id='word_1_1022' title='bbox 3580 5303 3714 5358; x_wconf 72' lang='lat' dir='ltr'><strong>olio-</strong></span> 
     </span>
    </p>
   </div>
   <div class='ocr_carea' id='block_1_120' title="bbox 2139 5392 3716 5468">
    <p class='ocr_par' dir='ltr' id='par_1_120' title="bbox 2139 5392 3716 5468">
     <span class='ocr_line' id='line_1_120' title="bbox 2139 5392 3716 5468; baseline -0.005 -10"><span class='ocrx_word' id='word_1_1023' title='bbox 2139 5410 2240 5459; x_wconf 90' lang='lat' dir='ltr'><strong>rat.</strong></span> <span class='ocrx_word' id='word_1_1024' title='bbox 2286 5398 2422 5468; x_wconf 83' lang='lat' dir='ltr'><strong>Quid</strong></span> <span class='ocrx_word' id='word_1_1025' title='bbox 2452 5397 2716 5452; x_wconf 81' lang='lat' dir='ltr'><strong>inveniret</strong></span> <span class='ocrx_word' id='word_1_1026' title='bbox 2741 5395 2901 5448; x_wconf 91' lang='lat' dir='ltr'><strong>homo</strong></span> <span class='ocrx_word' id='word_1_1027' title='bbox 2925 5393 3066 5464; x_wconf 91' lang='lat' dir='ltr'><strong>quod</strong></span> <span class='ocrx_word' id='word_1_1028' title='bbox 3100 5393 3255 5448; x_wconf 86' lang='lat' dir='ltr'><strong>daret</strong></span> <span class='ocrx_word' id='word_1_1029' title='bbox 3284 5392 3532 5447; x_wconf 86' lang='lat' dir='ltr'><strong>mundam</strong></span> <span class='ocrx_word' id='word_1_1030' title='bbox 3565 5392 3716 5450; x_wconf 79' lang='lat' dir='ltr'><strong>victi-</strong></span> 
     </span>
    </p>
   </div>
   <div class='ocr_carea' id='block_1_121' title="bbox 2140 5483 3716 5558">
    <p class='ocr_par' dir='ltr' id='par_1_121' title="bbox 2140 5483 3716 5558">
     <span class='ocr_line' id='line_1_121' title="bbox 2140 5483 3716 5558; baseline -0.008 -9"><span class='ocrx_word' id='word_1_1031' title='bbox 2140 5509 2280 5550; x_wconf 90' lang='lat' dir='ltr'><strong>mam</strong></span> <span class='ocrx_word' id='word_1_1032' title='bbox 2302 5491 2358 5544; x_wconf 61' lang='lat'><strong>”?</strong></span> <span class='ocrx_word' id='word_1_1033' title='bbox 2378 5490 2545 5558; x_wconf 89' lang='lat' dir='ltr'><strong>Quam</strong></span> <span class='ocrx_word' id='word_1_1034' title='bbox 2567 5487 2834 5541; x_wconf 88' lang='lat' dir='ltr'><strong>victimam</strong></span> <span class='ocrx_word' id='word_1_1035' title='bbox 2848 5485 2875 5540; x_wconf 67' lang='grc' dir='ltr'><em>ἲ</em></span> <span class='ocrx_word' id='word_1_1036' title='bbox 2892 5483 3028 5551; x_wconf 89' lang='lat' dir='ltr'><strong>Quid</strong></span> <span class='ocrx_word' id='word_1_1037' title='bbox 3050 5483 3301 5539; x_wconf 71' lang='lat' dir='ltr'><strong>tutandum</strong></span> <span class='ocrx_word' id='word_1_1038' title='bbox 3329 5491 3507 5555; x_wconf 81' lang='lat' dir='ltr'><strong>potest</strong></span> <span class='ocrx_word' id='word_1_1039' title='bbox 3523 5484 3716 5538; x_wconf 81' lang='lat' dir='ltr'><strong>efferre</strong></span> 
     </span>
    </p>
   </div>
   <div class='ocr_carea' id='block_1_122' title="bbox 2203 5610 3718 5676">
    <p class='ocr_par' dir='ltr' id='par_1_122' title="bbox 2203 5610 3718 5676">
     <span class='ocr_line' id='line_1_122' title="bbox 2203 5610 3718 5676; baseline -0.007 -5"><span class='ocrx_word' id='word_1_1040' title='bbox 2203 5625 2216 5655; x_wconf 78' lang='grc'>³</span> <span class='ocrx_word' id='word_1_1041' title='bbox 2248 5623 2320 5671; x_wconf 87' lang='lat' dir='ltr'><strong>sic</strong></span> <span class='ocrx_word' id='word_1_1042' title='bbox 2341 5627 2449 5669; x_wconf 75' lang='lat' dir='ltr'><strong>Mss.</strong></span> <span class='ocrx_word' id='word_1_1043' title='bbox 2471 5625 2526 5668; x_wconf 78' lang='lat' dir='ltr'><strong>At</strong></span> <span class='ocrx_word' id='word_1_1044' title='bbox 2548 5616 2681 5666; x_wconf 76' lang='lat' dir='ltr'><strong>Fdd.:</strong></span> <span class='ocrx_word' id='word_1_1045' title='bbox 2709 5623 2854 5666; x_wconf 74' lang='lat' dir='ltr'><strong>Nemo</strong></span> <span class='ocrx_word' id='word_1_1046' title='bbox 2875 5613 2966 5666; x_wconf 81' lang='lat' dir='ltr'><strong>sibi</strong></span> <span class='ocrx_word' id='word_1_1047' title='bbox 2995 5617 3207 5676; x_wconf 75' lang='lat' dir='ltr'><strong>arroget.</strong></span> <span class='ocrx_word' id='word_1_1048' title='bbox 3244 5625 3383 5663; x_wconf 84' lang='lat' dir='ltr'><strong>nemo</strong></span> <span class='ocrx_word' id='word_1_1049' title='bbox 3411 5610 3504 5662; x_wconf 73' lang='lat' dir='ltr'><strong>sib!</strong></span> <span class='ocrx_word' id='word_1_1050' title='bbox 3525 5611 3718 5675; x_wconf 63' lang='grc' dir='ltr'><strong>ἀει-ουκ</strong></span> 
     </span>
    </p>
   </div>
   <div class='ocr_carea' id='block_1_123' title="bbox 2139 5691 3716 5802">
    <p class='ocr_par' dir='ltr' id='par_1_123' title="bbox 2139 5691 3716 5802">
     <span class='ocr_line' id='line_1_123' title="bbox 2139 5691 3716 5802; baseline -0.003 -9"><span class='ocrx_word' id='word_1_1051' title='bbox 2139 5691 2544 5793; x_wconf 50' lang='grc' dir='ltr'><strong>ραζῗὲέὶξιῗὲξὲίε</strong></span> <span class='ocrx_word' id='word_1_1052' title='bbox 2571 5747 2654 5790; x_wconf 77' lang='lat' dir='ltr'><strong>us.</strong></span> <span class='ocrx_word' id='word_1_1053' title='bbox 2673 5774 2692 5802; x_wconf 85' lang='lat'><strong>,</strong></span> <span class='ocrx_word' id='word_1_1054' title='bbox 2732 5737 2864 5802; x_wconf 84' lang='lat' dir='ltr'><strong>quod</strong></span> <span class='ocrx_word' id='word_1_1055' title='bbox 2901 5737 3039 5789; x_wconf 74' lang='lat' dir='ltr'><strong>daret</strong></span> <span class='ocrx_word' id='word_1_1056' title='bbox 3077 5733 3349 5788; x_wconf 69' lang='lat' dir='ltr'><strong>muluium?</strong></span> <span class='ocrx_word' id='word_1_1057' title='bbox 3391 5743 3545 5797; x_wconf 76' lang='lat' dir='ltr'><strong>Quam</strong></span> <span class='ocrx_word' id='word_1_1058' title='bbox 3585 5731 3716 5788; x_wconf 68' lang='lat' dir='ltr'><strong>ricti-</strong></span> 
     </span>
    </p>
   </div>
   <div class='ocr_carea' id='block_1_124' title="bbox 2145 5803 2320 5858">
    <p class='ocr_par' dir='ltr' id='par_1_124' title="bbox 2145 5803 2320 5858">
     <span class='ocr_line' id='line_1_124' title="bbox 2145 5803 2320 5858; baseline -0.023 0"><span class='ocrx_word' id='word_1_1059' title='bbox 2145 5819 2275 5858; x_wconf 74' lang='lat' dir='ltr'><strong>mrtm</strong></span> <span class='ocrx_word' id='word_1_1060' title='bbox 2297 5803 2320 5854; x_wconf 67' lang='lat'><strong>.9</strong></span> 
     </span>
    </p>
   </div>
  </div>
