4038 6466
309 493 597 572 peccator?
622 493 668 550 0
694 493 902 564 inique,
929 507 962 546 ο
987 488 1172 562 impie!
1203 486 1476 566 quidquid
1501 484 1745 540 attuleris
1784 483 1882 536 im-

311 588 567 646 mundum
588 595 703 651 est,
732 596 786 641 ct
831 582 1027 654 aliquid
1067 580 1320 637 mundum
1363 592 1460 649 pro
1483 587 1534 632 te
1557 572 1890 630 offerendum

237 677 246 683 ’
310 689 411 738 cst.
434 680 624 749 Quzere
643 677 783 748 apud
815 686 865 732 te
889 675 1014 747 quid
1035 673 1259 740 oll‘eras;
1287 687 1392 727 non
1419 668 1677 725 invenies.
1703 668 1891 736 Qum-re

311 789 377 828 ex
410 781 462 828 te
487 769 631 842 quod
659 770 879 833 oﬂ'eras;
905 785 1008 822 non
1036 766 1330 821 delectatur
1355 763 1635 826 arietibus,
1658 775 1755 814 nec
1781 759 1892 813 hir-

311 865 410 926 cis.
445 877 544 917 nec
573 860 759 915 tauris.
814 857 1000 913 Omnia
1030 857 1195 927 ipsius
1224 863 1384 921 sunt,
1411 853 1512 908 etsi
1543 867 1648 908 non
1675 850 1890 907 offeras.

312 953 458 1022 Oll'er
483 968 612 1023 ergo
639 951 716 1006 illi
745 950 1000 1005 mundum
1029 946 1372 1002 sacriﬁcium.
1401 943 1506 1000 Sed
1537 950 1785 1014 peccator
1809 957 1890 1007 es,

314 1047 508 1116 impius
533 1061 614 1112 es,
645 1045 739 1099 sed
766 1042 1092 1113 inquinatam
1114 1039 1494 1095 conscientiam
1522 1036 1705 1090 habes.
1732 1034 1892 1089 Pote-

316 1141 390 1195 ris
422 1140 556 1194 forte
589 1137 786 1208 aliquid
827 1135 1083 1191 mundum
1125 1133 1352 1196 oll'erre,
1380 1139 1663 1203 purgatus;
1705 1126 1800 1182 sed
1838 1133 1895 1180 ut

318 1230 580 1303 purgeris,
602 1227 801 1299 aliquid
831 1243 925 1298 pro
948 1238 1000 1281 te
1022 1224 1351 1280 olferendum
1374 1230 1473 1277 est.
1492 1219 1630 1290 Quid
1651 1235 1778 1289 ergo
1798 1232 1895 1288 pro
1913 1283 1928 1291 ε

319 1333 370 1378 te
393 1322 670 1378 oblaturus
697 1334 778 1384 es,
811 1316 1201 1375 utimunderis?
1228 1313 1286 1370 Si
1315 1311 1600 1369 mundatus
1627 1327 1709 1378 es,
1739 1318 1894 1380 pote-

319 1415 394 1470 ris
420 1415 613 1470 oll‘erre
638 1411 780 1484 quod
811 1410 1066 1467 mundum
1092 1416 1193 1464 est.
1239 1406 1441 1462 Oll‘erat
1486 1420 1614 1474 ergo
1657 1403 1893 1474 seipsum

319 1507 549 1561 mundus
569 1503 838 1568 sacerdos,
859 1510 914 1557 et
937 1500 1177 1556 mundet.
1202 1499 1314 1554 Hoc
1336 1505 1418 1555 cst
1435 1495 1578 1568 quod
1601 1494 1725 1550 fecit
1743 1493 1896 1549 Chri-

318 1609 451 1654 stus.
496 1597 634 1652 Nihil
665 1595 922 1651 mundum
949 1593 1152 1648 invenit
1177 1591 1229 1646 in
1257 1588 1562 1644 hominibus
1582 1629 1598 1653 ,
1629 1584 1775 1656 quod
1809 1584 1894 1639 ol-

319 1691 484 1746 l‘erret
508 1704 602 1758 pro
626 1686 958 1750 hominibus;
992 1684 1226 1752 seipsum
1256 1679 1446 1734 obtulit
1473 1677 1723 1732 mundam
1745 1675 1898 1730 victi-

319 1797 460 1836 mam
489 1781 527 1833 ί.
561 1778 709 1834 Felix.
735 1777 944 1831 victima
964 1817 978 1840 ,
1007 1789 1133 1830 vera
1162 1772 1372 1827 victima
1392 1811 1408 1836 ,
1437 1769 1604 1824 hostia
1634 1768 1895 1822 immacu-

319 1872 453 1926 lata!
479 1869 594 1924 Non
618 1884 746 1938 ergo
768 1867 869 1922 hoc
889 1866 1080 1922 obtulit
1098 1863 1240 1935 quod
1268 1877 1366 1917 nos
1392 1861 1465 1915 illi
1492 1858 1767 1914 dedimus:
1788 1858 1896 1912 imo

318 1962 423 2017 hoc
453 1960 645 2016 obtulit
667 1958 807 2030 quod
837 1973 865 2011 a
891 1957 1044 2012 nobis
1068 1955 1290 2024 accepit,
1320 1963 1375 2008 et
1395 1951 1652 2007 tnundum
1680 1948 1892 2004 obtulit.

319 2054 547 2108 Carnem
573 2052 712 2108 enim
736 2066 768 2105 a
793 2049 948 2105 nobis
967 2049 1192 2118 accepit,
1222 2046 1358 2101 hanc
1380 2044 1589 2100 obtulit.
1621 2042 1726 2099 Sed
1755 2040 1896 2097 unde

321 2144 463 2198 illam
499 2141 736 2212 accepit?
775 2142 846 2195 De
881 2149 1030 2194 utero
1055 2138 1273 2209 virginis
1312 2137 1490 2192 Maria:
1513 2177 1528 2199 ,
1558 2145 1616 2191 ut
1641 2135 1894 2190 mundam

318 2235 536 2290 oll‘erret
562 2249 655 2304 pm
681 2233 984 2289 immundis.
1031 2233 1149 2303 ipse
1181 2232 1291 2287 [lex
1314 2271 1331 2298 ,
1362 2231 1474 2300 ipse
1501 2228 1797 2296 Sacerdos;
1842 2228 1896 2284 in

317 2340 385 2380 eo
409 2326 671 2381 hetemur.

389 2419 444 2474 7.
476 2417 623 2490 [vers.
654 2415 732 2489 3.]
765 2416 998 2470 Laudent
1035 2431 1217 2470 nomen
1244 2415 1354 2484 ejus
1379 2415 1432 2468 in
1458 2414 1632 2469 choro.
1666 2414 1734 2470 Et
1761 2412 1896 2469 cho—

318 2521 412 2560 rus
436 2507 561 2576 quid
588 2507 890 2576 signiﬁcat?
917 2506 1059 2560 Multi
1103 2515 1366 2560 noverunt
1406 2504 1658 2568 chorum;
1691 2514 1746 2559 et
1774 2504 1894 2574 quia

321 2596 375 2652 in
398 2597 607 2652 civitate
631 2596 919 2667 loquimur,
949 2613 1115 2667 prope
1141 2613 1328 2652 onmcs
1353 2607 1563 2651 norunt.
1587 2595 1793 2650 Chorus
1815 2604 1897 2654 est

318 2689 604 2744 consensio
631 2689 977 2743 cantantium.
1005 2689 1060 2744 Si
1084 2689 1134 2743 in
1160 2690 1325 2743 choro
1354 2697 1650 2754 cantamus,
1673 2703 1897 2742 concor-

322 2777 461 2832 diter
475 2789 767 2834 Cantemus.
791 2777 843 2832 In
861 2779 1026 2833 choro
1045 2779 1368 2832 cantantium
1385 2778 1623 2848 quisquis
1639 2793 1765 2832 voce
1781 2776 1897 2832 dis-

319 2869 605 2939 crepuerit,
633 2867 853 2923 oll'endit
881 2868 1116 2923 auditum
1139 2909 1155 2931 ,
1181 2879 1234 2922 et
1259 2869 1532 2938 perturbat
1559 2867 1800 2922 chorum.
1839 2868 1894 2924 Si

321 2976 425 3016 vox
473 2960 910 3015 inconvenienter
948 2960 1214 3014 cantantis
1259 2959 1524 3014 disturbat
1572 2968 1892 3034 concentum

320 3052 678 3117 cantantium,
727 3049 994 3120 quomodo
1045 3049 1306 3105 disturbat
1350 3049 1568 3104 haeresis
1617 3048 1900 3104 dissonans

320 3153 636 3199 concentum
693 3142 1060 3198 laudantium?
1106 3141 1314 3197 Chorus
1355 3140 1552 3195 Christi
1592 3141 1701 3210 jam
1759 3151 1900 3196 totus

321 3234 551 3290 mundus
576 3243 676 3290 est.
708 3234 918 3289 Chorus
946 3233 1143 3288 Christi
1170 3232 1238 3287 ab
1259 3233 1464 3288 oriente
1493 3233 1542 3286 in
1564 3233 1897 3288 occidentem

322 3336 582 3380 consonat
611 3327 652 3378 '.
695 3325 983 3379 Videamus
1023 3325 1066 3377 si
1113 3332 1315 3378 tantum
1357 3322 1661 3379 extenditur
1704 3321 1899 3380 chorus

324 3416 538 3472 Christi.
577 3416 711 3470 Dicit
740 3417 973 3486 psalmus
1003 3416 1138 3469 alius
1162 3433 1175 3470 :
1196 3416 1234 3468 Α
1263 3414 1385 3468 solis
1410 3428 1521 3469 ortu
1544 3431 1703 3486 usque
1729 3415 1796 3467 ad
1817 3432 1902 3468 oc-

324 3521 496 3559 casum
523 3503 728 3559 laudate
758 3521 937 3558 nomen
967 3503 1175 3558 Domini
1207 3502 1375 3576 (l’sul.
1401 3520 1532 3566 cxu,
1558 3505 1636 3575 ὅ).
1668 3503 1902 3559 Laudent

324 3613 504 3650 nomen
530 3596 637 3666 cjus
666 3596 716 3649 in
742 3596 915 3649 choro.

397 3687 453 3742 8.
494 3685 558 3740 In
586 3696 826 3756 tympano
849 3695 892 3740 et
929 3685 1164 3756 psalterio
1201 3683 1424 3756 psallunt
1447 3686 1510 3740 ei.
1544 3686 1717 3753 Quare
1747 3701 1900 3740 assu-

329 3777 427 3832 mit
455 3787 762 3849 tytnpanum
793 3787 846 3830 et
878 3777 1218 3846 psalterium?
1268 3775 1334 3830 Ut
1370 3791 1473 3829 non
1509 3777 1620 3829 sola
1657 3792 1757 3830 vox
1787 3776 1901 3831 lau-

329 3868 450 3933 det,
485 3867 578 3922 sed
619 3878 674 3922 et
702 3882 882 3939 opera.
929 3865 1150 3934 Quando
1179 3867 1465 3920 assumitur
1504 3872 1812 3937 tympanum
1851 3877 1906 3922 et

330 3961 657 4030 psalterium,
690 3975 876 4014 manus
905 3959 1189 4015 concinunt
1218 3958 1356 4013 voci.
1387 3957 1474 4013 Sic
1499 3965 1552 4012 et
1573 3967 1646 4022 tu,
1673 3957 1716 4012 si
1738 3973 1907 4028 quan-

325 4051 395 4106 do
427 4049 650 4106 Alleluia
679 4050 1156 4119 cantas,.porrigas
1183 4057 1238 4104 et
1266 4064 1453 4119 panem
1485 4049 1738 4105 esurienti
1759 4090 1775 4115 ,
1807 4064 1902 4104 ve-

327 4142 457 4197 stias
489 4143 709 4204 nudum,
739 4140 997 4210 suscipias
1023 4141 1390 4211 peregrinum;
1425 4156 1527 4194 non
1556 4140 1667 4194 sola
1693 4155 1795 4195 vox
1819 4125 1906 4194 so-

331 4237 455 4298 nat,
479 4231 573 4287 sed
613 4239 667 4286 et
711 4245 898 4286 manus
927 4239 1183 4286 consonat
1204 4272 1220 4298 ,
1258 4225 1379 4301 quia
1407 4229 1584 4284 verbis
1615 4229 1748 4284 facta
1773 4246 1904 4285 eon-

328 4321 571 4376 cordant.
604 4322 951 4391 Assumpsisti
982 4337 1239 4392 organum
1262 4363 1275 4386 ,
1309 4330 1363 4376 et
1391 4323 1729 4377 consentiunt
1758 4321 1906 4393 digiti

329 4413 544 4483 linguas.
570 4414 636 4467 Et
663 4414 832 4483 ipsum
851 4415 1167 4485 mysterium
1196 4413 1431 4484 tympani
1463 4425 1514 4468 et
1546 4413 1778 4482 psalterii
1801 4433 1905 4470 non

331 4517 413 4561 est
435 4505 734 4561 tacendum.
767 4506 820 4560 In
849 4518 1098 4578 tympano
1121 4506 1327 4561 corium
1352 4505 1676 4573 extenditur,
1699 4506 1750 4560 in
1776 4508 1908 4578 psal-

333 4599 466 4654 terio
509 4599 728 4654 chorda:
772 4599 1168 4654 extenduntur:
1197 4599 1249 4652 in
1282 4609 1510 4668 utroque
1539 4613 1740 4670 organo
1781 4615 1908 4654 caro

332 4689 674 4760 cruciﬁgitur.
705 4691 872 4758 Quam
901 4691 1034 4744 bene
1063 4688 1323 4759 psallebat
1346 4690 1395 4742 in
1420 4699 1673 4760 tympano
1693 4699 1745 4744 et
1768 4691 1910 4760 psal-

335 4778 490 4840 terio,
515 4779 603 4848 qui
629 4777 836 4832 dicebat
862 4795 875 4829 :
909 4775 1040 4831 .ilihi
1065 4776 1286 4830 mundus
1312 4778 1584 4845 cruciﬁxus
1610 4787 1680 4832 est
1701 4820 1716 4845 ,
1745 4788 1790 4832 et
1819 4795 1909 4850 ego

335 4869 525 4924 mundo
553 4869 748 4940 (Galat.
767 4887 841 4934 vt,
867 4870 1002 4941 ll)!
1038 4869 1213 4939 Ipsum
1244 4869 1574 4938 psalterium,
1599 4872 1746 4924 velut
1775 4879 1910 4942 tym-

333 4979 529 5034 panum
557 4963 577 4994 ³
608 4963 796 5018 tollere
830 4972 880 5018 te
901 4962 1042 5024 vult,
1066 4962 1154 5032 qui
1198 4969 1343 5016 amat
1377 4960 1640 5016 canticum
1675 4975 1867 5016 novum
1891 5003 1906 5026 ,

335 5059 422 5126 qui
456 5067 507 5110 te
535 5055 691 5110 docet
720 5055 931 5125 quando
961 5055 1053 5109 tibi
1083 5051 1211 5108 dicit
1235 5069 1247 5106 τ
1275 5052 1375 5118 Qui
1399 5051 1504 5106 vult
1530 5069 1634 5106 csse
1660 5069 1796 5106 mens
1820 5053 1908 5106 di-

335 5147 580 5217 scipulus,
608 5147 813 5218 abneget
840 5147 1178 5212 semetipsum,
1209 5154 1254 5197 ct
1281 5144 1423 5198 tollat
1448 5159 1646 5197 crucem
1672 5160 1837 5209 suam,
1864 5153 1912 5198 et

335 5249 570 5310 sequatur
599 5255 675 5293 me
701 5237 911 5307 (Matth.
935 5253 1045 5304 xvt,
1069 5235 1182 5307 24).
1205 5235 1322 5291 Νοη
1344 5235 1572 5289 dimittat
1599 5233 1908 5305 psalterium

336 5344 513 5393 suum,
547 5344 650 5383 non
681 5326 910 5382 dimittat
935 5338 1241 5400 tympanum
1268 5325 1620 5382 :cxtendatur
1651 5327 1702 5380 in
1733 5326 1874 5396 ligno
1895 5369 1909 5387 ,

336 5428 390 5474 et
419 5417 650 5474 siccetur
673 5431 702 5472 a
729 5418 1154 5488 concupiscentia
1176 5419 1373 5472 carnis.
1399 5415 1554 5470 Nervi
1575 5426 1772 5486 quanto
1795 5416 1913 5485 plus

402 5575 421 5608 ί
446 5577 530 5626 llic
560 5576 610 5625 in
631 5575 741 5625 ald.
776 5575 964 5625 additur
984 5609 999 5633 ,
1035 5573 1238 5624 hostium
1271 5573 1658 5624 immaculatum:
1689 5583 1740 5625 et
1761 5573 1908 5631 intra,

340 5644 467 5698 post,
507 5649 617 5685 vera
636 5636 842 5694 victima,
867 5637 1129 5698 reperitur,
1154 5637 1334 5686 munda
1375 5635 1597 5695 victima;
1621 5651 1730 5698 qua:
1764 5641 1911 5686 verlsa

341 5705 452 5759 Uss.
472 5702 755 5759 auctoritate
777 5697 1074 5759 sustutnnus.

408 5757 428 5820 ξ
461 5757 648 5820 Aliquot
670 5765 794 5820 Mss,
818 5763 862 5807 et
885 5755 1127 5806 occidente
1150 5764 1389 5807 consonat.

407 5819 428 5852 ⁸
451 5825 580 5881 Lov.,
606 5819 676 5870 vel
699 5827 990 5881 tump..n..m.
1015 5821 1416 5868 dissentientibus
1429 5821 1618 5869 czcteris
1641 5820 1794 5870 libris.

1352 367 1750 427 ENARBATIO
1790 363 1852 420 IN
1892 359 2215 419 PSALMUM
2251 360 2484 420 CXLIX.

2003 475 2203 530 fuerint
2229 477 2430 531 extenti
2453 518 2468 542 ,
2500 485 2644 530 tatuo
2669 477 2876 532 acutius
2913 487 3122 534 sonant.
3166 478 3237 535 Ut
3263 495 3393 550 ergo
3419 491 3575 538 acute

1997 579 2214 622 sonaret
2244 568 2387 622 l'anli
2431 569 2657 638 apostoli
2703 569 3044 638 psalterium,
3075 572 3200 643 quid
3248 573 3417 629 dixit?
3450 574 3576 641 Qua:

1994 668 2132 714 retro
2158 659 2340 714 oblitus
2361 701 2378 726 ,
2418 660 2472 714 in
2499 677 2557 715 ea
2584 677 2697 730 qua:
2723 672 2840 716 ante
2861 671 2980 716 sunt
3003 673 3230 726 extentus
3248 707 3264 733 ,
3294 683 3475 736 sequor
3506 669 3577 722 ad

1999 752 2220 821 palatum
2249 768 2481 820 superna:
2505 754 2780 806 uocationis
2806 751 3065 824 (Philipp.
3095 771 3170 821 Ill,
3196 757 3284 821 15,
3317 757 3426 827 ll).
3460 758 3571 812 Ex-

1999 841 2166 896 tendit
2195 857 2254 896 se
2283 842 2424 911 ipse;
2453 843 2619 912 tetigit
2637 842 2904 908 Christus,
2926 853 2980 898 et
3000 846 3208 898 sonavit
3232 845 3462 908 dulcedo
3485 864 3575 902 ve-

1998 931 2191 1012 ritatis.
2223 930 2288 985 In
2316 943 2554 1002 tympano
2580 943 2626 986 et
2657 934 2894 1004 psalterio
2925 935 3143 1004 psallunt
3172 937 3236 990 ei.

2068 1024 2123 1078 9.
2165 1023 2325 1096 [υργδ.
2354 1023 2436 1098 4.]
2486 1025 2734 1092 Quoniam
2759 1025 2999 1095 benefecit
3024 1026 3274 1082 Dominus
3301 1029 3352 1082 in
3383 1037 3574 1100 papula

1995 1131 2107 1169 suo.
2156 1115 2291 1182 Quid
2335 1125 2440 1170 tam
2485 1117 2815 1183 benelicum,
2846 1133 3002 1187 quam
3048 1118 3183 1172 mori
3225 1135 3319 1188 pro
3360 1122 3574 1192 impiis?

1997 1203 2123 1273 quid
2142 1202 2246 1257 tatti
2268 1203 2587 1268 benelicum,
2615 1220 2774 1275 quam
2801 1207 3055 1276 sanguine
3079 1207 3228 1278 justo
3257 1208 3435 1266 delere
3459 1213 3576 1267 chi-

1998 1293 2318 1364 rographum
2363 1295 2692 1364 peccatoris?
2719 1295 2846 1366 quid
2888 1305 2992 1351 tam
3037 1297 3369 1365 benelicum,
3414 1313 3572 1371 quam

1998 1383 2177 1438 dicere
2203 1401 2216 1438 ;
2241 1383 2351 1440 Nan
2384 1384 2450 1438 ad
2477 1401 2562 1439 me
2589 1387 2814 1455 pertinet
2840 1387 2980 1456 quod
3011 1388 3210 1452 fuistis;
3241 1400 3411 1445 estote
3435 1391 3575 1461 quod

1999 1488 2104 1527 non
2135 1473 2340 1527 fuistis?
2365 1471 2618 1543 Benefecit
2645 1472 2895 1530 Dominus
2930 1476 2982 1530 in
3023 1479 3214 1548 popqu
3238 1495 3361 1547 suo,
3394 1480 3576 1536 dimit-

2000 1563 2161 1617 tendo
2191 1572 2429 1636 peccata,
2463 1565 2822 1634 promittendo
2849 1566 3012 1622 vitam
3039 1576 3314 1623 mtertnnn.
3356 1563 3578 1626 Benel'aé

1998 1654 2071 1709 cit
2098 1669 2341 1710 aversum
2369 1666 2701 1721 convertere,
2725 1669 3044 1728 pugnantem
3063 1659 3336 1730 adjuvare,
3361 1665 3578 1720 vincen-

1999 1754 2103 1801 tem
2134 1762 2390 1804 coronare
2423 1765 2436 1802 :
2464 1745 2719 1819 Benefecit
2763 1749 3012 1804 Dominus
3052 1753 3102 1806 in
3142 1754 3329 1822 papula
3358 1771 3466 1809 suo.
3512 1755 3580 1810 Et

1999 1835 2236 1890 exaltabit
2261 1838 2276 1869 ¹
2305 1851 2592 1893 mansuetos
2632 1837 2684 1892 in
2721 1841 2886 1894 salute
2909 1842 2950 1894 ³.
2985 1841 3296 1898 Exaltantur
3339 1846 3481 1900 enim
3525 1845 3580 1902 et

2000 1925 2211 1997 superbi
2237 1968 2252 1992 ,
2295 1927 2390 1983 sed
2420 1945 2524 1983 non
2558 1930 2610 1984 in
2638 1930 2828 1986 salute.
2860 1931 3114 1987 Mansueti
3163 1933 3212 1988 in
3256 1936 3424 1991 salute
3444 1979 3460 2002 ,
3485 1941 3578 1990 su:

2000 2017 2151 2091 perbi
2193 2020 2244 2075 in
2277 2029 2447 2076 morte
2477 2040 2490 2076 :
2520 2021 2571 2076 id
2600 2029 2716 2086 est,
2747 2023 2961 2093 superbi
2994 2025 3092 2095 ipsi
3124 2041 3184 2082 se
3213 2029 3446 2084 exaltant
3467 2071 3482 2092 ,
3525 2031 3581 2084 et

2005 2113 2260 2170 Dominus
2280 2130 2374 2170 eos
2396 2115 2667 2181 humiliat;
2698 2118 2959 2172 mansueti
2985 2128 3162 2173 autem
3195 2121 3292 2190 ipsi
3319 2137 3378 2176 se
3407 2123 3578 2177 humi-

1999 2205 2163 2270 liant,
2192 2217 2246 2262 et
2296 2209 2434 2264 Deus
2472 2224 2567 2264 eos
2593 2210 2808 2264 exaltat.
2849 2207 2918 2264 Et
2948 2211 3186 2266 exaltabit
3220 2227 3503 2270 mansuetos
3528 2217 3582 2271 in

1997 2297 2180 2352 salute.

2070 2389 2157 2443 10.
2180 2379 2332 2460 Iners.
2357 2390 2410 2453 5.
2435 2384 2512 2463 6.]
2545 2389 2880 2445 Exsultabunt
2901 2391 3061 2446 sancti
3085 2393 3136 2446 in
3157 2393 3342 2463 gloria.
3367 2393 3578 2468 Aliquid

2000 2479 2121 2534 volo
2157 2480 2365 2546 dicere;
2411 2482 2593 2536 audite
2631 2482 2885 2537 attentius
2928 2483 2997 2538 de
3037 2484 3203 2554 gloria
3253 2499 3578 2546 sanctorum.

1999 2571 2166 2628 Nemo
2186 2584 2267 2629 est
2291 2575 2432 2629 enim
2455 2576 2542 2646 qui
2575 2591 2679 2631 non
2707 2585 2844 2630 amet
2865 2578 3110 2647 gloriam.
3133 2577 3238 2634 Sed
3263 2581 3425 2650 gloria
3447 2585 3582 2638 stul-

2001 2673 2171 2719 torum
2193 2708 2207 2732 ,
2238 2667 2507 2737 popularis
2549 2667 2636 2721 illa
2682 2684 2800 2738 qum
2827 2667 3039 2737 dicitur,
3071 2669 3230 2725 habet
3272 2672 3579 2730 illecebram

1999 2755 2329 2826 deceptionis
2347 2800 2363 2824 ,
2387 2768 2444 2813 ut
2485 2757 2552 2813 ad
2595 2759 2780 2814 laudes
2807 2775 3061 2814 vanorum
3091 2761 3366 2818 hominum
3390 2764 3411 2794 ³
3437 2767 3585 2835 quis-

2000 2861 2102 2916 que
2125 2858 2444 2915 commotus,
2468 2849 2596 2904 velit
2619 2849 2696 2903 sic
2727 2851 2924 2915 vivere,
2955 2860 3009 2905 ut
3043 2851 3360 2922 pra'dicetur
3385 2854 3453 2909 ab
3481 2855 3582 2910 ho-

2002 2937 2232 2995 minibus
2251 2939 2690 3010 quibuscumque,
2714 2941 3236 3013 quomodocumque.
3266 2944 3400 3001 llinc
3422 2947 3586 3001 homi-

2003 3043 2099 3084 nes
2125 3030 2293 3085 insani
2323 3030 2519 3094 ell‘ecti,
2547 3040 2600 3086 et
2629 3031 2792 3085 innati
2825 3033 3012 3103 typho,
3047 3033 3232 3089 inanes
3264 3036 3426 3104 intus,
3455 3037 3587 3095 foris

2003 3119 2220 3184 tumidi,
2248 3120 2406 3175 etiam
2430 3137 2516 3175 res
2538 3137 2662 3176 snas
2689 3122 2912 3190 perdere
2940 3124 3160 3189 volunt,
3185 3126 3434 3183 donando
3460 3143 3583 3184 sce-

2003 3209 2156 3269 nicis,
2190 3208 2533 3264 histrionibus
2553 3250 2566 3272 ,
2595 3212 2931 3265 venatoribus
2951 3253 2964 3275 ,
2993 3214 3208 3283 aurigis.
3241 3215 3447 3282 Quanta
3477 3219 3578 3272 do-

2004 3298 2164 3352 nant!
2198 3308 2392 3368 quanta
2443 3299 2786 3368 impendunt!
2837 3300 3127 3357 Ell'undunt
3159 3304 3301 3359 vires
3321 3348 3334 3369 ,
3358 3322 3464 3362 non
3492 3323 3585 3376 pa-

2005 3387 2239 3443 trinwnii
2268 3395 2472 3441 tantmn
2494 3429 2509 3454 ,
2539 3386 2634 3443 sed
2661 3389 2818 3442 etiam
2846 3391 3006 3444 animi
3035 3392 3135 3446 sui.
3185 3393 3274 3449 lsti
3309 3394 3584 3453 fastidiunt

2005 3495 2313 3552 pauperem,
2345 3479 2466 3551 quia
2497 3495 2599 3534 non
2623 3480 2824 3543 clamat
2855 3483 3098 3552 populus,
3135 3495 3188 3538 ut
3213 3501 3413 3556 pauper
3441 3490 3585 3544 acci-

2006 3573 2145 3642 piat;
2174 3571 2372 3626 clamat
2396 3579 2574 3625 autem
2607 3571 2832 3640 pepulus
2851 3613 2866 3637 ,
2895 3583 2949 3626 ut
2980 3583 3200 3628 venator
3225 3577 3470 3646 accipiat.
3506 3579 3584 3635 llli

2006 3677 2136 3731 ergo
2161 3660 2249 3715 ubi
2278 3661 2357 3716 eis
2386 3675 2490 3716 non
2519 3661 2798 3728 clamatur,
2837 3662 3023 3716 nolunt
3063 3679 3282 3735 erogare
3308 3682 3323 3717 :
3347 3667 3436 3722 ubi
3475 3669 3585 3724 cla-

2007 3759 2181 3805 matur
2215 3751 2284 3805 ab
2323 3751 2557 3816 insanis,
2586 3751 2888 3817 insaniunt;
2921 3762 2974 3808 et
3004 3755 3132 3808 liunt
3161 3771 3346 3812 omnes
3377 3758 3583 3828 insani,

2007 3852 2060 3898 et
2082 3843 2168 3914 qui
2195 3853 2481 3914 Spectatur,
2505 3848 2559 3897 et
2582 3843 2670 3912 qui
2693 3853 2929 3912 spectat,
2951 3853 3004 3899 ct
3040 3847 3128 3916 qui
3169 3847 3348 3904 donat.
3396 3849 3583 3908 lnsana

2009 3933 2108 3989 ista
2138 3935 2304 4005 gloria
2333 3933 2744 4004 reprehenditur
2766 3951 2795 3989 a
2828 3935 3070 4000 Domino,
3105 3939 3434 4008 improbatur
3460 3955 3586 4000 ante

2009 4025 2192 4080 oculos
2220 4024 2632 4094 Omnipotentis.
2662 4025 2727 4079 Et
2759 4035 2958 4092 tamen,
2977 4027 3165 4083 fratres
3194 4031 3316 4095 mei,
3343 4031 3592 4088 Christus

2009 4119 2086 4173 sic
2113 4115 2435 4187 improperat
2460 4117 2592 4181 suis,
2625 4125 2679 4172 et
2701 4116 2828 4171 dicit
2851 4134 2864 4170 :
2891 4117 3007 4172 Non
3037 4134 3066 4172 a
3095 4121 3242 4174 vobis
3271 4124 3448 4192 accepi
3480 4133 3590 4180 tam

2012 4218 2140 4269 tum,
2169 4219 2424 4278 quantum
2454 4217 2775 4277 acceperunt
2794 4217 3102 4276 venatores;
3131 4224 3182 4266 et
3215 4214 3318 4270 illis
3346 4225 3402 4270 ut
3425 4216 3590 4272 dona-

2010 4300 2161 4364 retis,
2185 4298 2252 4352 de
2274 4313 2396 4354 meo
2417 4297 2656 4353 donastis
2680 4316 2692 4355 :
2717 4314 2815 4369 ego
2835 4309 3012 4355 autem
3035 4304 3200 4357 mulus
3226 4299 3460 4374 erant,'c‘t
3489 4326 3588 4364 non

2011 4392 2222 4446 vestistis
2246 4400 2348 4444 ‘me.
2377 4391 2441 4445 Et
2471 4391 2544 4444 illi
2572 4409 2584 4444 :
2612 4389 2677 4444 Et
2719 4393 2922 4462 quando
2963 4403 3011 4447 te
3047 4396 3261 4452 vidimus
3295 4400 3512 4466 nudum,
3545 4414 3592 4456 ct

2013 4502 2112 4538 non
2140 4483 2424 4537 vestivimus
2451 4483 2534 4536 te?
2563 4481 2632 4537 Et
2663 4485 2750 4538 ille
2775 4502 2788 4536 :
2812 4483 2937 4539 Cum
2981 4487 3070 4540 uni
3109 4505 3173 4542 ea:
3212 4491 3430 4548 minimis
3469 4496 3591 4549 mcis

2012 4592 2114 4630 non
2138 4573 2344 4644 fecistis,
2373 4590 2461 4628 nec
2487 4574 2608 4627 mihi
2634 4574 2823 4645 fecistis
2856 4576 3066 4646 (Matth.
3099 4595 3224 4644 xxv,
3251 4583 3452 4654 4545).
3485 4587 3588 4640 δραι

2013 4681 2133 4722 eum
2163 4667 2240 4719 vis
2266 4669 2460 4720 vestire
2480 4709 2494 4731 ,
2522 4666 2608 4735 qui
2638 4667 2729 4720 tibi
2760 4667 2935 4736 placet
2965 4687 2979 4724 :
3009 4669 3060 4724 in
3093 4688 3198 4742 quo
3224 4674 3316 4727 tibi
3346 4675 3591 4732 Christus

2013 4755 2290 4825 diSpIiCct?
2321 4755 2524 4809 Vestire
2551 4757 2628 4808 vis
2655 4765 2981 4823 venatorem,
3013 4776 3118 4830 quo
3145 4763 3282 4816 l'orte
3309 4764 3448 4820 victo
3467 4781 3591 4820 cru-

2016 4849 2200 4904 bescas
2225 4868 2237 4901 :
2265 4848 2513 4903 Christus
2544 4865 2811 4918 nunquam
2842 4851 3099 4916 vincitur;
3131 4865 3182 4906 et
3207 4854 3478 4912 diabolum
3509 4861 3588 4914 vi-

2015 4941 2116 5007 cit,
2145 4947 2199 4993 et
2228 4954 2321 5008 pro
2352 4949 2403 4994 te
2431 4939 2595 5008 vicit,
2621 4951 2678 4995 et
2702 4940 2797 4996 tibi
2829 4941 2974 5007 vicit,
2997 4952 3051 4997 et
3078 4943 3131 4998 in
3161 4953 3212 5000 te
3232 4944 3377 5004 vicit.
3407 4950 3589 5008 Talem

2018 5031 2269 5085 victorem
2298 5031 2490 5086 vestire
2520 5047 2626 5087 non
2655 5032 2755 5086 vis.
2786 5031 2997 5098 Quare?
3025 5033 3158 5102 Quia
3187 5038 3362 5094 minus
3389 5041 3589 5098 clama-

2018 5131 2123 5189 tur,
2151 5121 2272 5191 quia
2303 5123 2476 5176 minus
2502 5122 2779 5177 insanitur.
2816 5123 3099 5193 Propterea
3133 5128 3218 5182 isti
3244 5131 3331 5198 qui
3360 5133 3449 5186 tali
3474 5135 3586 5203 glo-

2019 5212 2093 5266 ria
2119 5211 2464 5277 delectantur,
2497 5211 2548 5265 in
2575 5211 2899 5266 conscientia
2930 5227 3022 5266 sua
3051 5215 3180 5271 nihil
3209 5218 3424 5276 habent.
3447 5222 3592 5290 Quo.

1991 5303 2179 5358 modo
2233 5302 2550 5357 exhauriunt
2602 5317 2794 5369 arcas,
2844 5313 2900 5359 ut
2948 5317 3122 5363 vestes
3169 5310 3381 5366 mittant
3417 5309 3468 5380 ‘;
3515 5317 3593 5371 sic

2084 5395 2098 5424 ¹
2124 5401 2252 5451 MSS.,
2274 5390 2517 5442 exultavit.

2018 5456 2217 5565 mgni:
2245 5462 2350 5502 ωδε.
2391 5453 2530 5514 juxta
2568 5459 2696 5502 Lxx.
2729 5461 2785 5504 At
2826 5455 2955 5518 add,
2979 5455 3244 5511 insalutem
3273 5474 3292 5512 :
3317 5470 3368 5514 et
3391 5463 3528 5528 intra,
3546 5466 3594 5518 in

2085 5579 2106 5608 ³
2127 5577 2199 5624 sic
2233 5581 2334 5643 Mss.
2359 5579 2415 5643 At
2435 5580 2554 5634 Am.,
2583 5575 2925 5643 delectationis,
2966 5585 3017 5643 ut
3058 5579 3124 5630 ad
3169 5581 3362 5634 laudem
3394 5601 3530 5638 suam
3551 5597 3595 5638 ct

2019 5637 2245 5709 hmtarem
2288 5636 2545 5709 hominum.
2573 5645 2661 5693 Exn,
2687 5637 3009 5709 delectationis
3041 5648 3087 5693 et
3129 5636 3435 5709 deceptionis,
3459 5636 3509 5698 ut
3529 5636 3594 5699 ul

2019 5700 2209 5749 laudem
2234 5710 2370 5745 suam
2393 5705 2436 5745 et
2453 5695 2677 5747 honorem
2701 5711 2926 5748 vanorum
2949 5701 3206 5753 hanttuum.
3227 5695 3308 5757 S'ic‘
3322 5695 3597 5760 ctiam—edi;

2021 5762 2088 5810 tio
2113 5769 2218 5808 ιον,
2247 5766 2456 5828 excepto
2473 5759 2599 5828 quod
2624 5773 2719 5807 non
2744 5761 2889 5817 addit,
2913 5768 2958 5810 et
2977 5763 3283 5828 deceptionis.
3504 5759 3509 5760 ν
3539 5793 3541 5797 ι

2085 5829 2104 5855 ι
2131 5831 2228 5870 Am.
2252 5827 2302 5868 ct
2325 5827 2418 5879 tua,
2443 5827 2636 5870 mutent.
2662 5828 2791 5882 Lov.,
2815 5832 3010 5874 niteant.
3033 5827 3333 5891 CaSttguntur
3353 5831 3412 5884 ad
3433 5839 3538 5882 uss.
