4080 6472
473 396 612 454 i955

471 512 782 574 exiuaniunt
813 508 981 579 ipsam
1011 499 1391 560 conscientiam
1413 538 1430 566 ,
1452 507 1506 552 ut
1539 493 1669 551 nihil
1710 494 1780 549 ibi
1820 492 2053 548 habeant

472 607 784 680 pretiosum.

544 700 631 755 ll.
661 694 839 753 Sancti
868 702 1042 746 autem
1079 687 1168 758 qui
1197 685 1465 743 exsultant
1492 684 1544 736 in
1571 676 1760 751 gloria,
1785 677 2053 751 quomodo

473 792 759 852 exsultent,
793 803 899 842 non
925 799 1059 853 opus
1083 791 1164 836 est
1195 790 1250 834 ut
1276 796 1374 833 nos
1398 777 1672 838 dicamus;
1707 773 1871 842 ipsius
1909 769 2054 826 Psal-

471 885 544 940 mi
586 881 765 937 audite
805 884 1120 948 sequentum
1158 887 1369 928 versum
1397 887 1409 922 :
1441 864 1784 921 Exsultabunl
1815 863 1974 916 sancti
2003 861 2056 914 in

470 976 638 1049 gloria
663 972 1007 1028 :lattabunlur
1029 968 1082 1021 in
1109 964 1353 1020 cubilibus
1375 961 1502 1016 suis.
1546 959 1662 1015 Non
1704 958 1755 1012 in
1797 955 2053 1049 theatris,

472 1047 578 1128 non
611 1071 662 1125 in
689 1063 1129 1138 amphitheatris,
1163 1076 1267 1114 non
1316 1059 1365 1112 in
1413 1055 1602 1115 circis,
1649 1068 1753 1106 non
1783 1051 1834 1104 in
1864 1047 2017 1120 nugis
2038 1088 2053 1111 ,

477 1180 578 1219 non
607 1163 659 1217 in
684 1161 842 1223 foris;
871 1156 989 1220 sed,
1019 1155 1071 1208 in
1100 1151 1344 1206 cubilibus
1372 1150 1498 1202 suis.
1525 1143 1662 1214 Quid
1691 1152 1794 1205 est,
1826 1143 1878 1195 in
1909 1140 2052 1194 cubi-

467 1255 601 1309 libus
629 1252 768 1308 suis?
796 1251 850 1304 In
889 1244 1141 1302 cordibus
1176 1242 1306 1297 suis.
1343 1240 1476 1294 Audi
1506 1237 1803 1307 apostolum
1829 1233 2054 1288 Paulum

464 1334 829 1401 exsultantem
859 1339 911 1393 in
934 1333 1094 1392 cubili
1124 1350 1219 1388 suo
1245 1351 1258 1386 :
1285 1321 1421 1386 Nunt
1449 1329 1611 1399 gloria
1638 1335 1809 1379 nostra
1834 1324 1942 1378 Ita'c
1963 1333 2053 1387 est,

472 1433 811 1491 testimonium
830 1428 1149 1486 conscientiae
1172 1435 1356 1501 nostrtu
1379 1420 1450 1492 (ll
1473 1420 1590 1476 Cor.
1618 1433 1654 1479 I.
1679 1416 1745 1472 12
1762 1417 1801 1486 ).
1826 1415 2054 1468 Rursum

474 1529 766 1587 timendum
795 1534 877 1582 est
903 1539 968 1578 ne
997 1523 1219 1591 quisque
1248 1517 1386 1587 apud
1413 1515 1648 1585 seipsmn
1678 1511 1767 1564 liat
1803 1508 1902 1563 sibi
1942 1507 2057 1577 pla-

473 1637 605 1679 cens
624 1660 640 1685 ,
670 1629 724 1674 et
748 1618 896 1689 quasi
927 1613 1186 1684 superbus
1209 1611 1275 1664 de
1297 1604 1620 1662 conscientia
1651 1617 1744 1657 sua
1775 1599 2052 1689 glorietur.

472 1713 642 1769 Debet
664 1688 803 1765 enim
828 1707 1051 1778 quisque
1077 1718 1196 1758 cum
1228 1713 1457 1754 tremore
1483 1694 1749 1750 exsultare
1782 1688 1951 1761 (Psal.
1982 1705 2054 1756 ιι,

473 1803 597 1876 H);
630 1802 752 1872 quia
779 1798 978 1854 donum
1013 1795 1104 1848 Dei
1136 1801 1220 1848 est
1246 1789 1384 1843 unde
1405 1786 1654 1846 exsultat,
1680 1800 1785 1837 non
1806 1782 2054 1876 lllt'l'illllll

471 1874 651 1952 suum.
682 1892 888 1948 Etenim
915 1896 1037 1942 sunt
1064 1883 1212 1941 tnulti
1242 1883 1338 1936 sibi
1374 1880 1644 1948 placentes
1665 1917 1680 1938 ,
1719 1884 1773 1928 et
1797 1874 1970 1942 justos
1998 1887 2056 1925 se

474 2003 594 2044 esse
613 1986 964 2045 arbitrantes;
989 1989 1040 2033 et
1067 1975 1301 2047 procedit
1325 1969 1579 2026 adversus
1602 1968 1719 2022 illos
1741 1964 1842 2021 alia
1869 1965 2054 2035 pagina

474 2078 658 2134 dicens
682 2095 694 2129 :
721 2076 845 2139 Quis
865 2070 1159 2143 gloriabitur
1181 2076 1376 2120 castum
1397 2080 1448 2116 se
1474 2062 1656 2115 habere
1679 2077 1764 2113 cor
1786 2076 1804 2123 ;
1829 2067 1916 2110 aut
1945 2057 2056 2127 quis

473 2169 772 2240 gloriabitur
810 2161 1049 2218 mundum
1083 2177 1137 2213 se
1168 2175 1275 2212 esse
1301 2174 1330 2208 (ι
1362 2164 1564 2224 peccato
1593 2147 1774 2221 (Prov.
1817 2165 1886 2202 xx
1909 2191 1922 2209 ,
1951 2145 2056 2217 9)?

473 2258 571 2314 Est
593 2241 955 2327 ergoquidam
981 2250 1173 2306 modus
1210 2249 1262 2303 in
1297 2243 1622 2302 conscientia
1660 2240 1920 2312 gloriandi
1944 2283 1958 2304 ,
1999 2245 2057 2294 ut

474 2350 687 2406 noveris
713 2347 869 2402 iidem
899 2355 1040 2400 tuam
1071 2357 1191 2398 esse
1218 2341 1503 2403 sinceram,
1532 2335 1744 2390 noveris
1764 2347 1884 2388 esse
1905 2346 2053 2402 Spem

474 2451 617 2496 tuam
639 2435 1090 2504 certant,novcris
1113 2434 1426 2487 cltaritatcm
1451 2440 1590 2482 tuam
1614 2441 1732 2481 esse
1756 2427 1870 2479 sine
1892 2424 2057 2498 simu:-

475 2533 691 2588 latione.
737 2530 844 2586 Sed
884 2528 1134 2598 quoniam
1168 2525 1330 2579 ttmlta
1369 2531 1493 2576 sunt
1535 2519 1708 2574 adhuc
1757 2517 1896 2572 forte
1935 2530 2057 2588 qua:

473 2637 696 2698 possunt
715 2623 984 2680 offendere
1009 2620 1192 2674 oculos
1216 2617 1329 2681 Dei,
1349 2615 1501 2669 lauda
1535 2614 1696 2667 Deum
1720 2611 1808 2681 qui
1836 2609 1929 2663 tibi
1956 2610 2053 2662 ista

472 2719 719 2782 donavit;
751 2727 876 2770 tunc
906 2712 1143 2784 perficiet
1167 2708 1305 2781 quod
1333 2705 1571 2761 donavit.
1615 2705 1902 2773 Propterea
1930 2717 2052 2756 cum

471 2811 722 2873 dixisset,
748 2805 1075 2860 Lwtabuntur
1105 2803 1156 2855 in
1200 2799 1444 2853 cubilibus
1483 2796 1617 2859 suis;
1651 2811 1716 2849 ne
1759 2793 1908 2863 quasi
1953 2791 2054 2847 sibi

472 2904 743 2974 placentes
771 2897 1104 2959 viderentur,
1139 2891 1382 2961 adiunxit
1421 2888 1638 2952 statim,
1675 2883 2054 2974 Exsultationes

473 2973 568 3046 Dei
607 2993 660 3046 in
701 2988 931 3062 faucibus
974 3001 1168 3040 eorum.
1207 2984 1296 3036 Sic
1337 2978 1656 3034 ltetabuatur
1693 2976 1745 3030 in
1786 2973 2055 3028 cubilibus

470 3087 616 3149 suis,
645 3095 695 3138 ut
727 3097 832 3137 non
859 3081 958 3135 sibi
990 3077 1221 3133 tribuant
1247 3072 1389 3144 quod
1432 3071 1556 3126 boni
1587 3077 1744 3135 sunt,
1769 3067 1864 3122 sed
1906 3067 2052 3120 illum

471 3176 690 3232 laudent
717 3188 746 3226 a
777 3187 882 3242 quo
907 3175 1229 3238 acceperunt
1252 3161 1390 3234 quod
1419 3170 1580 3227 sunt,
1606 3174 1636 3212 a
1662 3172 1768 3229 quo
1797 3167 2053 3211 vocantur

470 3278 530 3324 nt
560 3265 868 3337 perveniant
888 3261 952 3315 ad
985 3259 1036 3314 id
1065 3257 1206 3329 quod
1238 3254 1472 3309 nondum
1495 3261 1641 3313 sunt.
1668 3261 1722 3304 et
1741 3264 1770 3302 a
1793 3263 1899 3318 quo
1927 3263 2053 3317 spe-

469 3371 588 3418 rant
621 3356 1030 3429 perfectionem;
1060 3347 1144 3405 cui
1171 3348 1368 3417 gratias
1390 3353 1572 3415 agunt,
1598 3341 1720 3412 quia
1749 3338 2052 3395 inchoavit:

471 3452 849 3508 Exsultationes
880 3441 972 3500 Dei
1009 3446 1061 3498 in
1086 3442 1316 3512 faucibus
1341 3454 1534 3493 eorum.
1579 3435 1697 3490 .lam
1723 3433 1899 3488 videte
1923 3447 2050 3485 san-

469 3554 620 3609 etos,
652 3541 826 3595 videte
866 3537 1089 3608 gloriam
1130 3547 1316 3588 eorum
1340 3571 1355 3594 ,
1382 3529 1560 3583 videte
1609 3541 1703 3595 per
1742 3523 2052 3578 universum

469 3633 748 3696 mundum,
781 3629 956 3684 videte
985 3625 1126 3696 quod
1156 3621 1514 3678 exsultationes
1546 3615 1639 3671 Dei
1666 3616 1770 3670 sint
1798 3614 1850 3668 in
1881 3613 2052 3684 fauci-

471 3730 562 3784 bus
585 3741 779 3782 eorum.

542 3819 631 3874 12.
672 3814 737 3870 Et
757 3819 963 3886 framea
987 3812 1060 3866 bis
1081 3818 1246 3864 acuti:
1266 3807 1320 3861 in
1345 3804 1574 3860 manibus
1604 3818 1798 3857 eorum.
1824 3799 2048 3855 Framca

468 3910 786 3983 appellatur,
808 3921 967 3977 quam
1010 3903 1168 3973 vulgo
1196 3899 1439 3970 spatham
1478 3895 1682 3951 dicunt.
1731 3893 1866 3949 Sunt
1909 3891 2050 3946 enim

467 4004 628 4076 gladii
657 4018 722 4058 ex
753 4016 855 4056 una
881 4006 1029 4070 parte
1066 3994 1230 4062 acuti,
1255 3993 1383 4064 ipsa:
1417 3999 1542 4046 sunt
1589 3986 1888 4042 timeba-rae.
1918 3984 2053 4052 Ipsm

469 4112 647 4158 autem
691 4097 924 4159 framerr,
958 4093 1086 4162 ipsa:
1127 4099 1180 4144 et
1225 4085 1532 4155 rontphatzn,
1559 4082 1687 4151 ipsa:
1729 4081 1888 4134 etiam
1930 4091 2051 4146 spa-

471 4192 578 4247 thae
616 4187 965 4260 appellantur.
995 4181 1238 4251 Magnum
1281 4175 1589 4248 mysterium
1633 4171 1794 4226 habet
1828 4169 1928 4224 hoc
1956 4182 2053 4238 ge-

470 4298 573 4340 nus
601 4278 926 4341 ferramenti,
954 4274 1094 4344 qttud
1143 4287 1212 4328 ex
1261 4279 1486 4339 utraque
1531 4273 1681 4335 parte
1710 4272 1921 4318 acutum
1947 4269 2050 4318 est.

472 4373 604 4444 Ipsa:
643 4373 852 4442 framea
887 4375 1017 4422 sunt
1058 4365 1132 4418 bis
1159 4371 1322 4416 acuta:
1360 4361 1414 4414 in
1444 4356 1672 4412 manibus
1703 4371 1892 4409 eorum.
1927 4351 2054 4444 Fra-

470 4481 620 4527 meas
663 4463 745 4518 bis
775 4471 957 4516 acutas
992 4455 1334 4526 intelligimus
1372 4463 1673 4506 sermonem
1703 4445 1910 4501 Domini
1955 4461 1966 4497 :
1999 4453 2055 4509 et

471 4571 575 4612 una
601 4555 798 4610 framea
819 4560 929 4614 est;
960 4548 1052 4603 sed
1081 4547 1200 4602 ideo
1225 4544 1405 4600 multa:
1429 4541 1706 4601 dicuntur,
1739 4537 1860 4607 quia
1889 4536 2052 4590 multa

469 4664 564 4703 ora
597 4654 762 4710 sunt,
804 4652 856 4699 et
885 4641 1064 4696 multa:
1101 4639 1294 4706 linguae
1331 4643 1654 4688 sanctorum.
1697 4631 1887 4686 Sermo
1927 4642 2054 4696 ergo

473 4741 590 4802 Dei.
621 4736 827 4808 gladius
856 4733 938 4788 bis
965 4738 1150 4786 acutus
1181 4727 1367 4798 (Hebr.
1392 4740 1464 4791 tv,
1491 4722 1603 4794 12).
1631 4721 1786 4778 Unde
1826 4720 1906 4774 bis
1931 4735 2055 4774 acu-

473 4831 601 4887 tus?
623 4829 760 4885 Dicit
783 4826 851 4881 de
871 4819 1252 4892 temporalibus
1271 4859 1285 4881 ,
1308 4815 1438 4871 dicit
1467 4814 1532 4869 de
1560 4813 1795 4868 aeternis.
1827 4811 1883 4864 In
1912 4819 2054 4863 ntro-

471 4937 577 4994 que
605 4919 796 4992 probat
817 4916 960 4988 quod
987 4913 1134 4976 dicit,
1168 4919 1222 4965 et
1249 4924 1371 4966 eum
1401 4921 1562 4977 quem
1589 4903 1734 4968 ferit,
1765 4910 1985 4994 separat
2023 4915 2052 4954 a

471 4993 694 5070 mundo.
715 4994 902 5067 Nonne
923 5008 1035 5077 ipse
1063 5012 1146 5060 est
1161 4999 1388 5073 gladius,
1407 4999 1473 5055 de
1488 5013 1593 5069 quo
1616 4995 1868 5050 Dominus
1887 4993 2015 5046 dicit
2038 5008 2050 5046 :

473 5103 598 5159 Non
616 5102 728 5156 ueni
753 5115 926 5171 pacem
953 5097 1145 5151 mittere
1174 5095 1226 5147 in
1254 5102 1460 5155 (errant,
1482 5089 1569 5144 sed
1583 5087 1809 5160 gladium
1831 5083 2045 5154 (Matth.

471 5211 528 5262 ι,
559 5190 690 5263 51)?
715 5188 945 5246 Attende
967 5183 1234 5257 quomodo
1261 5182 1408 5238 venit
1433 5179 1754 5250 disjungere,
1785 5174 2053 5248 quomodo

472 5286 619 5341 venit
655 5296 926 5352 separare.
960 5277 1220 5348 Dis-jungit
1243 5283 1488 5334 sanctos.
1527 5269 1780 5341 disiungit
1824 5269 2015 5338 impios
2037 5307 2052 5333 ,

471 5385 686 5449 separat
705 5391 734 5429 a
763 5385 813 5429 te
839 5371 978 5443 quod
1007 5381 1057 5425 te
1086 5367 1324 5439 impedit.
1355 5363 1519 5420 Filius
1546 5361 1652 5417 vult
1685 5358 1892 5415 servire
1923 5358 2054 5425 Deo,

475 5480 627 5540 pater
656 5451 766 5521 non,
787 5463 902 5518 vult
933 5479 945 5515 :
971 5461 1114 5516 venit
1142 5457 1345 5529 gladius
1365 5498 1380 5520 ,
1409 5456 1557 5511 venit
1595 5469 1774 5509 sermo
1808 5450 1932 5516 Dei;
1973 5449 2056 5504 di-

474 5561 607 5616 vidit
626 5559 792 5615 lilium
823 5574 853 5612 a
880 5565 1050 5626 patre.
1074 5553 1203 5607 Filia
1231 5551 1364 5616 vult,
1394 5557 1564 5605 mater
1583 5563 1688 5602 non
1717 5547 1857 5605 vult;
1880 5543 2058 5614 gladio

475 5652 784 5709 dividuntur
814 5650 881 5705 ab
901 5648 1149 5704 invicem.
1181 5644 1356 5699 Nurus
1387 5642 1515 5708 \ult,
1553 5655 1743 5697 socrus
1770 5654 1875 5693 non
1905 5636 2016 5690 vult
2041 5651 2056 5700 ;

482 5744 663 5799 veniat
693 5742 900 5813 gladius
931 5741 1009 5795 bis
1045 5747 1232 5793 acutus
1253 5778 1267 5802 ,
1290 5735 1475 5790 aﬂ'erat
1505 5731 1915 5803 promissionem
1937 5729 2060 5781 vita:

481 5837 758 5909 prasentis
803 5845 858 5892 et
907 5834 1096 5890 futurae
1128 5873 1144 5901 ,
1187 5823 2055 5895 consolationemtemporalium,

1709 378 1766 434 S.
1807 370 2166 432 AUGUSTINI
2208 371 2506 434 EPlSCODl

3603 387 3746 452 £956

2153 500 2477 549 arternorum
2526 495 2948 567 perfruitioncm.
2996 500 3136 559 Ecce
3177 495 3384 575 gladius
3414 522 3481 562 ex
3518 517 3746 582 utraque

2159 595 2307 652 parte
2355 597 2572 652 acutus,
2607 591 2921 659 promittens
2957 597 3268 666 temporalia
3313 609 3369 655 et
3406 609 3624 657 arterna.
3683 604 3744 660 In

2155 690 2261 746 quo
2289 694 2386 735 nos
2407 681 2594 736 fefellit
2619 685 2664 738 "t
2687 684 2873 740 Nerine
2900 685 3136 744 Ecclesia
3161 691 3250 746 Dei
3273 705 3368 762 per
3397 703 3563 749 totum
3589 712 3747 752 mune
3813 675 3816 677 ’

2158 771 2284 826 dum
2318 789 2420 829 non
2465 777 2618 831 erat?
2658 777 2798 833 Ecce
2837 789 2936 834 est.
2983 784 3153 838 Antea
3209 785 3500 856 legebatur,
3543 800 3596 843 et
3637 807 3744 846 non

2159 868 2473 924 videbatur:
2499 870 2656 924 modo
2683 872 2821 926 sicut
2851 874 3061 944 legitur,
3091 877 3159 930 ita
3188 875 3443 934 cernitur.
3479 883 3746 953 Quidquid

2162 961 2528 1028 temporaliter
2549 961 2704 1017 nobis
2746 965 3066 1033 promissum
3096 977 3176 1022 est
3197 1011 3212 1034 ,
3241 968 3310 1024 ad
3341 985 3498 1025 uuam
3541 985 3748 1042 partem

2158 1047 2320 1131 gladii
2344 1051 2607 1121 pertinet:
2637 1054 2890 1126 quidquid
2913 1057 2968 1110 in
2987 1060 3391 1128 sempiternum,
3423 1063 3488 1117 ad
3519 1064 3744 1119 alteram

2162 1155 2364 1212 partem
2377 1143 2534 1214 gladii
2556 1147 2804 1216 pertinet.
2835 1148 3011 1204 Habes
3042 1164 3194 1222 spem
3223 1151 3519 1210 futurarum
3543 1175 3746 1226 rermn,

2159 1235 2326 1290 habes
2351 1239 2770 1295 consolationem
2812 1245 3190 1312 pra-sentium;
3222 1247 3332 1302 noli
3362 1250 3558 1304 retrahi
3588 1252 3656 1305 ab
3680 1269 3749 1306 eo

2157 1327 2245 1396 qui
2282 1329 2394 1383 vult
2436 1330 2755 1386 retrahere:
2795 1343 2973 1403 pater,
3023 1339 3222 1398 mater.
3270 1352 3441 1401 soror,
3477 1355 3612 1396 uxor
3649 1345 3742 1405 sit,

2158 1419 2362 1475 amicus
2389 1422 2476 1485 sit,
2508 1437 2612 1475 non
2655 1431 2707 1477 te
2727 1425 2994 1490 retrahat;
3031 1437 3086 1481 et
3109 1428 3253 1484 utilis
3279 1429 3371 1483 tibi
3400 1432 3500 1484 erit
3537 1433 3749 1502 gladius

2158 1510 2240 1565 bis
2265 1522 2470 1566 acutus.
2505 1512 2718 1569 Utiliter
2747 1526 2797 1570 te
2828 1516 2918 1572 ille
2939 1528 3171 1589 separat.
3197 1521 3336 1576 male
3365 1531 3416 1577 te
3446 1532 3498 1576 ιιι
3521 1527 3746 1595 conglu-

2160 1603 2316 1657 tinas.
2349 1601 2504 1658 Venit
2529 1620 2658 1674 ergo
2686 1605 2941 1663 Domintts
2967 1620 3150 1664 noster
3179 1611 3358 1666 ferens
3401 1614 3630 1683 gladium
3663 1617 3748 1672 bis

2158 1704 2394 1761 acutum,
2430 1699 2743 1763 promittens
2771 1707 2991 1765 :etcrna,
3009 1701 3235 1770 implens
3253 1705 3586 1774 temporalia.
3610 1707 3745 1763 Nam

2159 1786 2279 1842 ideo
2301 1797 2356 1840 et
2393 1787 2500 1842 duo
2544 1788 2893 1845 Testamenta
2935 1791 3204 1848 dicuntur.
3256 1795 3385 1863 ριιςυ
3421 1808 3574 1851 erant
3616 1814 3749 1868 ergo

2157 1881 2366 1951 framea:
2395 1880 2469 1935 bis
2494 1891 2656 1935 acuta:
2682 1882 2736 1936 in
2762 1881 2993 1938 manibus
3018 1901 3191 1940 eorum
3210 1886 3238 1940 ἵ
3263 1889 3375 1941 iluo
3401 1887 3746 1945 Testamenta

2156 1974 2222 2027 ad
2239 1973 2472 2045 gladium
2498 1973 2580 2028 bis
2601 1984 2813 2029 acutum
2838 1975 3103 2045 pertinent
3125 1995 3138 2030 :
3159 1977 3321 2031 Vetus
3343 1979 3744 2035 Testamentum

2158 2072 2367 2120 terrena
2398 2065 2675 2137 promittit,
2731 2064 2934 2121 Novum
2975 2079 3193 2122 aeterna.
3219 2068 3274 2123 In
3305 2082 3531 2142 utroque
3560 2089 3746 2128 sermo

2160 2157 2251 2213 Dei
2279 2173 2436 2212 verax
2473 2159 2716 2214 inventus
2737 2169 2838 2226 est,
2875 2160 3156 2231 ntgladius
3198 2162 3278 2215 bis
3303 2171 3510 2217 acutus.
3558 2164 3741 2234 Quare

2157 2265 2285 2319 ergo
2314 2250 2367 2303 in
2406 2251 2686 2312 manibus.
2712 2261 2765 2305 et
2795 2268 2900 2307 non
2947 2251 2998 2306 itt
3038 2253 3277 2322 linguis?
3318 2252 3382 2308 Et
3425 2259 3635 2326 [mntem
3671 2255 3750 2313 bis

2157 2350 2346 2403 acuttc,
2380 2341 2553 2412 inquit
2579 2383 2594 2407 ,
2625 2342 2681 2395 in
2714 2343 2948 2397 manibus
2978 2359 3172 2397 corum.
3200 2344 3262 2398 In
3300 2347 3530 2402 manibus
3572 2348 3746 2414 dixit,

2157 2430 2211 2486 in
2236 2442 2518 2502 potestate.
2551 2435 2886 2504 Acceperunt
2935 2449 3064 2505 ergo
3093 2451 3397 2491 sermonem
3430 2438 3520 2491 Dei
3556 2437 3606 2492 in
3646 2454 3747 2509 po-

2159 2533 2350 2581 testate
2369 2566 2384 2590 ,
2417 2535 2472 2578 ut
2497 2524 2584 2579 ubi
2613 2525 2808 2581 vellent
2827 2525 3065 2582 dicerent
3083 2569 3099 2592 ,
3128 2527 3214 2582 cui
3241 2529 3436 2584 vellent
3465 2529 3701 2585 dicerent
3727 2547 3747 2596 ;

2161 2632 2268 2672 non
2290 2617 2537 2671 timerent
2565 2626 2911 2688 potestatem,
2944 2633 3049 2672 non
3079 2629 3487 2674 contemnerent
3514 2637 3748 2691 pauper-

2158 2719 2340 2764 tatem.
2364 2707 2420 2764 lu
2447 2711 2692 2766 numibus
2730 2711 2873 2766 enim
2922 2711 3189 2768 habebant
3217 2711 3472 2783 gladium,
3509 2729 3612 2785 qua
3652 2730 3750 2769 vo-

2155 2801 2356 2863 lebant,
2382 2800 2678 2866 vibrabant,
2730 2803 3055 2867 versabant,
3114 2804 3595 2874 percutiebantzet
3645 2805 3751 2860 hoc

2156 2901 2326 2946 totum
2359 2893 2552 2946 eratin
2585 2902 2848 2962 potestate
2891 2895 3313 2964 prtedicantium.
3363 2895 3494 2950 Nam
3542 2897 3586 2951 si
3639 2914 3747 2951 non

2155 2995 2236 3037 est
2267 2985 2317 3038 in
2349 2984 2593 3039 manibus
2620 3001 2834 3039 sermo:
2858 3001 2926 3046 ne
2953 2985 3089 3040 forte
3108 2987 3299 3057 aliquis
3319 2986 3481 3054 dicat,
3512 2985 3749 3055 Quomo-

2154 3074 2226 3131 do
2250 3090 2430 3130 sermo
2457 3075 2764 3146 estgladius
2795 3077 2876 3132 bis
2907 3087 3126 3140 acutus,
3152 3088 3205 3133 et
3231 3079 3501 3148 quomodo
3549 3080 3600 3133 in
3641 3083 3750 3133 ma.
3805 3103 3810 3108 -

2156 3169 2351 3224 nibus?
2393 3169 2440 3224 si
2483 3183 2612 3239 ergo
2650 3185 2831 3224 sermo
2877 3184 2982 3224 non
3036 3179 3120 3224 est
3165 3171 3221 3226 in
3266 3171 3530 3236 manibus,
3581 3187 3749 3242 quare

2154 3261 2411 3330 scriptum
2438 3271 2538 3324 est,
2572 3258 2765 3315 Factus
2791 3271 2862 3315 est
2885 3278 3050 3316 sermo
3078 3259 3287 3316 Domini
3319 3263 3373 3316 in
3399 3279 3552 3317 manu
3572 3265 3748 3334 Aggtri

2150 3355 2412 3426 propheta:
2436 3354 2633 3426 (Αριθωὶ
2661 3371 2696 3419 ι,
2732 3352 2828 3424 l)?
2855 3354 3142 3424 Numquid,
3169 3354 3365 3410 fratres
3391 3397 3405 3419 ,
3437 3371 3745 3411 sertnonem

2152 3460 2308 3500 suum
2337 3445 2480 3500 Deus
2508 3446 2558 3499 in
2585 3445 2765 3516 digitis
2793 3445 2960 3514 ipsius
2995 3445 3158 3501 fecit?
3187 3446 3321 3515 Quid
3372 3457 3453 3502 est
3471 3489 3486 3510 ,
3519 3448 3570 3501 in
3591 3439 3747 3501 manu

2156 3539 2324 3608 ipsius
2343 3537 2507 3607 [actus
2529 3538 2639 3591 est?
2665 3537 2717 3591 In
2749 3547 3015 3607 potestate
3046 3539 3117 3593 illi
3141 3538 3322 3592 datum
3343 3549 3425 3594 est
3453 3540 3744 3608 pra-dicare

2152 3644 2459 3685 sermonem
2506 3629 2738 3684 Domini.
2788 3629 3069 3686 Postremo
3111 3646 3392 3702 possumus
3431 3633 3590 3686 etiam
3645 3630 3745 3686 has

2153 3742 2344 3782 manus
2368 3727 2523 3782 aliter
2545 3726 2861 3798 intelligere.
2899 3727 3032 3784 Nam
3060 3730 3146 3800 qui
3177 3730 3335 3784 locuti
3363 3741 3510 3796 sunt,
3545 3730 3598 3784 in
3641 3730 3745 3784 lin~

2151 3837 2253 3893 gua
2284 3819 2582 3875 habuerunt
2615 3834 2917 3874 sermonem
2964 3820 3089 3886 Dei;
3141 3821 3232 3890 qui
3275 3821 3634 3890 scripserunt.
3679 3822 3736 3876 in

2154 3913 2401 3969 manibus
2429 3930 2442 3966 :
2473 3911 2540 3966 Et
2565 3911 2773 3982 framea:
2797 3911 2871 3966 bis
2900 3921 3061 3966 acuta:
3095 3912 3145 3965 in
3175 3912 3400 3966 manibus
3435 3929 3628 3965 eorum.

2229 4006 2314 4061 15.
2356 4005 2504 4078 (vers.
2534 4003 2613 4078 7.]
2638 4004 2776 4070 Jam,
2806 4003 2997 4059 fratres
3022 4046 3037 4069 ,
3081 4005 3270 4060 videtis
3304 4018 3518 4060 sanetos
3561 4021 3740 4060 arma-

2154 4106 2268 4158 tos;
2298 4095 2558 4152 attendite
2599 4109 2825 4166 strages,
2871 4096 3132 4151 attendite
3167 4097 3398 4166 gloriosa
3431 4097 3633 4166 prandia.
3681 4097 3741 4152 Si

2154 4189 2296 4243 enim
2328 4187 2638 4258 imperator,
2690 4196 2746 4243 et
2781 4189 2970 4250 miles;
3002 4189 3048 4244 si
3102 4189 3278 4256 miles,
3329 4198 3386 4243 et
3437 4190 3646 4255 hostis;
3694 4192 3740 4244 si

2154 4280 2374 4344 belhnn,
2419 4290 2474 4335 et
2520 4279 2762 4335 victoria.
2803 4279 2938 4350 Quid
2972 4280 3208 4335 fecerunt
3242 4281 3324 4335 isti
3383 4282 3643 4338 habentes
3685 4283 3739 4338 in

2156 4370 2401 4425 manibus
2428 4371 2655 4424 frameas
2681 4369 2762 4424 bis
2787 4375 3008 4425 acutas?
3033 4372 3114 4423 Ad
3143 4371 3427 4439 faciendam
3463 4375 3741 4427 vindictam

2154 4463 2206 4517 in
2225 4464 2468 4534 gentibus.
2506 4462 2695 4518 Videte
2726 4462 2768 4517 si
2802 4479 2906 4516 non
2936 4473 3019 4517 est
3049 4463 3280 4520 vindicta
3311 4466 3448 4520 facta
3486 4467 3538 4520 in
3563 4467 3739 4535 gentio

2154 4553 2274 4610 bus.
2302 4554 2549 4622 Quotidie
2574 4555 2685 4624 ipsa
2710 4554 2798 4621 fit;
2835 4553 2936 4610 hoc
2966 4557 3171 4626 agimus
3210 4566 3266 4612 et
3311 4573 3409 4612 nos
3450 4558 3738 4628 loquendo.

2157 4645 2428 4702 Attendite
2449 4645 2716 4716 quomodo
2744 4661 2898 4701 etesze
2931 4656 3055 4701 sunt
3078 4659 3263 4718 gentes
3289 4649 3618 4719 Babylonius.
3663 4651 3740 4706 Illi

2155 4737 2396 4793 redditur
2419 4737 2637 4808 duplum
2669 4754 2683 4792 :
2713 4738 2791 4793 sic
2812 4735 2953 4793 enim
2975 4739 3042 4794 de
3062 4740 3147 4795 illa
3172 4743 3427 4808 scriptum
3457 4753 3536 4798 est
3558 4786 3575 4807 ,
3608 4735 3745 4802 Red-

2155 4829 2258 4884 dite
2282 4829 2358 4884 illi
2377 4830 2608 4899 duplum,
2631 4830 2699 4883 ad
2726 4830 2859 4900 quod
2888 4830 3003 4899 fecit
3031 4829 3217 4902 (Apoc.
3241 4848 3388 4897 xvnt,
3413 4833 3745 4903 6).Quomo-

2155 4921 2226 4975 do
2248 4921 2487 4976 redditur
2514 4921 2772 4991 duplum?
2796 4921 3004 4976 Bellant
3029 4923 3221 4987 sancti,
3248 4923 3484 4979 educunt
3511 4926 3752 4989 frameas.

2157 5012 2240 5069 bis
2261 5023 2482 5078 acutas;
2514 5014 2644 5068 fiunt
2669 5022 2895 5084 strages,
2925 5015 3068 5069 ﬁunt
3098 5015 3417 5080 occisiones,
3447 5019 3744 5086 separatio.

2160 5121 2256 5161 nes
2301 5123 2314 5160 :
2365 5107 2633 5176 quomodo
2680 5107 2752 5161 illi
2797 5106 3014 5175 duplum
3067 5107 3340 5162 redditur?
3388 5107 3479 5163 Illa
3529 5109 3745 5181 quando

2159 5205 2366 5266 poterat
2388 5197 2631 5267 persequi
2649 5196 3002 5259 Christianos.
3026 5213 3241 5252 carnem
3257 5200 3552 5265 occidebat,
3573 5201 3742 5269 Deum

2159 5303 2265 5342 non
2317 5287 2728 5360 confringebat:
2761 5288 2922 5343 modo
2973 5289 3047 5343 illi
3085 5289 3305 5360 duplutn
3362 5292 3637 5358 redditur;
3690 5281 3744 5348 et

2161 5378 2359 5452 Pagani
2381 5381 2792 5452 exstinguuntur
2816 5382 2860 5447 ί,
2883 5388 2938 5434 et
2971 5382 3108 5436 idola
3141 5383 3477 5453 franguntur.
3515 5390 3747 5450 utrumn-

2160 5475 2252 5542 do,
2285 5475 2510 5543 inquies.
2536 5473 2732 5543 Pagaui
2761 5472 3122 5528 occiduntur?
3150 5473 3430 5540 Quomodo
3451 5517 3466 5539 ,
3491 5476 3592 5529 nisi
3621 5490 3741 5530 cum

2161 5565 2444 5622 Christiani
2468 5567 2638 5620 tiunt‘t
2663 5564 2855 5633 Quer
2886 5581 3168 5635 paganum,
3192 5582 3297 5620 non
3324 5568 3564 5633 invenio;
3595 5567 3743 5622 chri-

2227 5706 2244 5736 ι
2278 5706 2349 5754 sic
2366 5703 2674 5772 aliquptlttss.
2701 5709 2756 5753 At
2776 5702 2908 5764 ald,
2932 5701 3209 5766 promittens
3229 5704 3530 5769 temporalia,
3567 5704 3620 5757 in
3637 5718 3743 5772 φη-
3815 5687 3817 5690 ’

2163 5765 2250 5815 bus
2271 5779 2355 5815 nos
2376 5763 2467 5814 non
2480 5763 2666 5828 fcfcllzt.

2230 5829 2250 5860 ⁸
2271 5825 2640 5878 christiaieanus
2662 5834 2762 5889 διε,
2787 5832 2835 5876 et
2847 5825 3055 5891 pagania
3071 5827 3309 5880 occiditur
