4038 6466
267 377 402 438 I957

265 491 473 545 ttianus
492 493 578 544 est
604 503 620 541 :
648 501 776 558 ergo
814 493 1054 542 mortuus
1075 493 1158 540 est
1192 497 1446 554 paganus.
1485 483 1618 539 Nam
1656 484 1706 538 si
1731 498 1840 538 non

269 581 607 646 occiduntur,
645 580 785 635 unde
818 580 1016 644 dictum
1055 589 1139 634 est
1173 580 1328 634 Petro
1361 579 1573 632 :Maeta
1612 587 1661 632 et
1701 593 1848 632 matt-

273 674 404 726 ἀνω
451 671 588 739 (Act.
639 687 699 737 ι,
741 671 872 741 l3)?
921 670 1070 726 Unde
1115 670 1228 740 ipse
1277 669 1469 725 Saulus
1508 668 1716 722 occisus
1764 674 1850 724 est

276 772 605 835 persecutor,
633 773 688 818 et
718 763 912 818 Paulus
935 773 1147 818 erectus
1173 771 1256 818 est
1281 762 1629 832 przedicator?
1654 761 1850 827 Qtucro

273 857 496 912 Saulum
543 863 960 925 persecutorem,
990 864 1046 910 et
1077 871 1182 909 non
1224 853 1463 920 invenio;
1511 853 1722 908 occisus
1747 862 1848 907 est.

275 949 469 1005 Unde?
496 948 571 1003 De
599 951 799 1003 I‘ramea
832 947 914 1003 bis
941 957 1114 1001 acuta.
1156 946 1259 1002 Sed
1290 947 1410 1016 quia
1441 947 1649 1000 occisus
1688 953 1769 1000 εει
1796 943 1852 999 in

275 1056 354 1104 se,
389 1050 439 1096 et
463 1041 762 1095 vivificatus
787 1049 871 1094 est
893 1039 943 1094 in
969 1038 1180 1094 Christo
1204 1079 1218 1100 .
1248 1037 1367 1093 ideo
1389 1037 1660 1092 conlidens
1684 1036 1850 1090 dicit:

289 1129 414 1184 Vivo
431 1140 606 1184 autent
618 1131 731 1201 jam
760 1147 859 1183 non
903 1147 1025 1200 ego;
1060 1130 1176 1184 civit
1211 1140 1380 1183 autem
1413 1128 1464 1182 in
1507 1143 1586 1182 tne
1627 1125 1856 1182 Christus

282 1221 475 1295 (Colat.
506 1237 564 1288 II,
596 1221 712 1291 20).
743 1222 1018 1288 Quomodo
1042 1222 1111 1277 illi
1135 1221 1307 1287 lit,sic.
1331 1237 1427 1291 per
1453 1221 1620 1276 illum.
1643 1219 1856 1276 Etenim

285 1328 407 1369 cum
441 1317 610 1369 factus
633 1322 776 1368 esset
799 1314 1132 1384 pra-dicatur,
1163 1313 1365 1384 accepit
1391 1323 1443 1367 et
1473 1312 1657 1383 ipsein
1681 1311 1856 1367 mani-

287 1406 388 1462 bus
418 1406 672 1462 frameam
702 1407 783 1462 bis
820 1417 1050 1470 acutam.
1094 1407 1162 1462 ad
1188 1407 1473 1478 faciendam
1500 1407 1769 1461 vindictam
1806 1406 1858 1460 in

284 1499 531 1569 gentibus.
565 1499 628 1552 Et
654 1515 719 1552 ne
741 1498 868 1553 vere
891 1508 944 1552 tu
967 1506 1180 1568 putares
1204 1497 1447 1552 homines
1467 1496 1608 1551 ferro
1633 1496 1857 1566 perculi,

284 1587 786 1659 sanguincm'fundi,
815 1588 1031 1643 vulnera
1063 1588 1115 1642 in
1139 1602 1301 1642 carne
1331 1587 1467 1651 fieri,
1507 1588 1764 1656 sequitur,
1807 1595 1863 1642 et

285 1679 503 1748 exponit
539 1695 552 1730 :
584 1677 972 1748 Obiurgationes
1018 1679 1071 1730 in
1128 1677 1348 1746 populis.
1391 1676 1702 1745 Obiurgatio
1743 1690 1862 1746 qua

285 1768 728 1839 estiCorreptio.
762 1768 1021 1823 Procedat
1042 1783 1109 1822 es
1153 1767 1306 1822 vobis
1337 1766 1535 1822 framea
1563 1767 1646 1821 bis
1665 1777 1818 1821 acuta
1843 1807 1859 1832 ,

287 1861 451 1916 nolite
479 1860 896 1925 cessare;dedit
943 1860 1083 1914 illam
1127 1859 1278 1914 vobis
1321 1860 1461 1914 Dens
1508 1875 1602 1928 pro
1651 1859 1864 1913 modulo

287 1959 486 2006 vestro.
514 1949 697 2019 Qualis
733 1950 894 2004 homo
919 1963 998 2012 es,
1030 1948 1118 2018 qui
1151 1948 1287 2004 idola
1337 1948 1512 2002 colis?
1561 1947 1655 2003 Dic
1692 1949 1865 2004 amico

289 2050 402 2104 tuo,
424 2039 468 2095 si
501 2049 676 2093 tamen
717 2038 975 2094 remansit
1018 2041 1101 2092 cui
1129 2037 1278 2093 dicas
1308 2056 1320 2092 :
1350 2039 1534 2106 Qualis
1579 2039 1742 2093 homo
1783 2053 1863 2103 es,

289 2132 380 2202 qui
427 2131 671 2186 dimisisti
698 2147 819 2185 eum
847 2147 875 2184 a
906 2147 1012 2200 quo
1059 2131 1228 2186 fartus
1265 2146 1344 2198 es,
1387 2141 1441 2186 et
1486 2132 1678 2187 adoras
1724 2131 1867 2201 quod

293 2223 506 2278 fecisti?
542 2223 724 2277 Melior
753 2232 835 2277 εει
867 2222 1015 2277 faber
1038 2265 1052 2286 ,
1082 2239 1238 2292 quam
1261 2224 1400 2293 quod
1434 2223 1654 2278 fabricat
1694 2223 1863 2279 faber.

291 2313 347 2367 Si
371 2311 576 2366 fabrum
607 2312 832 2368 aderare
877 2313 1167 2380 erubescis,
1209 2313 1349 2384 quod
1383 2314 1529 2368 faber
1562 2313 1684 2369 fecit
1706 2357 1721 2380 ,
1760 2329 1866 2369 non

292 2405 608 2460 erubescis?
657 2405 788 2459 Cum
838 2405 1062 2474 cmperit
1099 2405 1434 2470 erubescere,
1485 2421 1605 2460 cum
1645 2407 1871 2476 cmperit

293 2497 598 2563 compnngi,
631 2493 797 2548 fecisti
827 2495 1016 2548 vulnus
1045 2493 1112 2548 de
1145 2494 1378 2559 framea;
1405 2497 1642 2564 pervenit
1663 2495 1728 2550 ad
1750 2511 1866 2561 cor,

294 2583 586 2636 moriturus
608 2592 766 2636 estut
789 2584 930 2637 vivat
961 2600 974 2634 :
1013 2583 1244 2638 Frontem
1279 2583 1354 2638 bis
1373 2595 1533 2639 acuta:
1564 2586 1616 2638 in
1642 2584 1870 2639 manibus

296 2689 488 2735 eorum,
517 2673 586 2726 ad
610 2674 892 2742 faciendam
919 2675 1186 2727 rindietam
1217 2675 1268 2728 in
1289 2675 1536 2746 gentibus,
1561 2675 1872 2746 objurgatio-

293 2779 382 2816 nes
401 2763 453 2817 in
475 2764 695 2831 populis.

367 2855 472 2908 15.
499 2852 647 2925 [ιιι-η.
679 2853 758 2926 8.]
788 2854 855 2909 Ut
878 2856 1086 2924 alligent
1111 2873 1250 2927 reges
1265 2873 1436 2910 eorum
1457 2857 1508 2910 in
1531 2857 1868 2926 compedibus,

224 2945 226 2947 ’
294 2953 344 2997 ει
369 2943 558 2999 nobiles
578 2961 750 2999 eorum
776 2945 826 2998 in
849 2947 1059 3000 vinculis
1078 2949 1270 3018 ferreis.
1307 2947 1373 3002 Ut
1395 2949 1584 3019 faciant
1617 2949 1669 3002 in
1704 2949 1774 3002 eis
1784 2949 1877 3018 ju-

299 3033 484 3086 dieium
511 3037 870 3104 conscriptum.
903 3036 1081 3091 Facile
1119 3039 1460 3106 exposuimus
1499 3041 1767 3108 quomodo
1807 3039 1876 3096 de

300 3123 516 3184 fratneis
540 3127 732 3180 cadant
765 3137 822 3179 ut
855 3137 1160 3196 exsurgant,
1203 3140 1515 3196 separentur
1545 3139 1603 3184 ttt
1649 3145 1873 3199 coogre-

300 3223 509 3284 gentur,
532 3215 876 3269 vulnerentur
898 3227 951 3269 ttt
969 3225 1240 3282 sanentur,
1265 3217 1559 3272 moriantur
1584 3227 1640 3272 ut
1656 3220 1868 3273 vivant:

301 3307 395 3361 sed
425 3307 549 3377 quid
575 3307 868 3361 faciemus?
892 3309 1158 3377 quomodo
1177 3323 1524 3377 esponemns,
1551 3309 1629 3362 Ad
1654 3310 1874 3378 alligan-

302 3399 394 3453 dos
420 3416 558 3470 reges
573 3416 744 3452 eorum
773 3401 824 3452 in
861 3400 1229 3468 contpetlibus?
1267 3400 1436 3471 [leges
1479 3401 1717 3471 gentium
1753 3400 1874 3456 alli-

298 3489 455 3559 gandi
503 3491 554 3543 itt
601 3490 988 3560 compedibus;
1033 3499 1077 3544 et
1113 3489 1302 3546 nobiles
1348 3509 1521 3545 eorum
1553 3493 1606 3546 in
1643 3493 1876 3562 vinculis,

302 3581 504 3636 addidit
523 3581 718 3655 fet-rcis.
751 3582 1024 3645 Adestntc,
1063 3590 1119 3636 ut
1160 3585 1457 3653 agnoscatis
1494 3585 1633 3655 quod
1686 3586 1872 3640 nostis.

305 3671 392 3726 Isti
407 3676 548 3726 enim
567 3689 752 3727 versus
777 3688 909 3741 quos
928 3674 1698 3742 cmpimnsexponcrc,obscuri
1714 3685 1834 3730 sunt
1859 3693 1874 3742 ;

300 3764 393 3818 sed
430 3763 558 3818 illud
583 3763 722 3833 quod
752 3780 818 3818 ex
848 3764 950 3818 illis
975 3764 1214 3818 dicturus
1239 3779 1378 3830 sum,
1415 3781 1520 3818 non
1545 3777 1626 3819 εει
1657 3781 1874 3821 novum.

299 3853 417 3909 Jam
465 3866 648 3909 notum
677 3863 761 3908 est
789 3854 939 3908 vobis
964 3871 978 3916 ;
1008 3854 1168 3909 ntodo
1197 3871 1299 3909 non
1325 3855 1532 3910 discere
1551 3870 1685 3925 opus
1711 3857 1876 3912 babe-

301 3947 390 4011 tis,
425 3945 518 4000 sed
561 3945 994 4001 commemorari.
1035 3944 1115 4000 Ad
1164 3945 1265 3999 hoc
1309 3955 1484 4002 autem
1523 3947 1688 4001 voluit
1739 3947 1877 4003 Deus

299 4041 527 4097 obscure
551 4054 750 4110 ponere
771 4038 1026 4109 quosdam
1056 4054 1246 4094 versus
1272 4053 1417 4100 suos.
1449 4055 1554 4093 non
1579 4049 1635 4094 ιιι
1670 4041 1876 4110 aliqttid

299 4148 495 4189 novum
526 4133 592 4186 de
620 4132 724 4185 illis
766 4140 1010 4194 eruatur;
1047 4129 1141 4184 sed
1180 4139 1236 4183 ut
1284 4131 1424 4199 quod
1472 4130 1580 4199 jam
1625 4131 1876 4186 usitatqu

297 4237 416 4283 erat
446 4228 486 4293 ⁸,
527 4226 767 4281 obscuris
793 4223 1048 4294 expositis
1093 4224 1391 4278 innovetur.
1421 4222 1677 4278 Novimus
1721 4239 1876 4295 reges

301 4321 467 4375 factos
501 4318 840 4382 christianos,
895 4316 1136 4370 novimus
1179 4315 1384 4370 nobiles
1430 4317 1662 4386 gentium
1710 4317 1877 4374 factos

298 4412 634 4468 christianos.
664 4409 799 4463 Sunt
827 4408 1084 4479 hodieque
1107 4448 1122 4472 ,
1149 4418 1203 4463 et
1230 4407 1440 4463 fuerunt
1467 4409 1509 4473 ³,
1543 4416 1598 4463 ει
1617 4418 1800 4475 erunt;
1823 4419 1878 4465 et

300 4521 405 4559 non
427 4513 638 4559 cessant
667 4502 880 4557 framea:
910 4501 990 4556 bis
1017 4509 1186 4556 acutae
1212 4500 1529 4556 inmanibus
1547 4511 1872 4557 sanctorum.

298 4595 581 4662 Quomodo
605 4609 733 4663 ergo
774 4594 962 4662 ligatos
986 4591 1332 4662 compedibus
1356 4601 1410 4647 et
1439 4593 1664 4648 vinculis
1690 4591 1876 4650 ferreis

299 4684 678 4754 intelligimus?
703 4683 814 4738 Scit
843 4682 1089 4737 Charitas
1115 4692 1290 4738 vestra
1319 4690 1373 4737 et
1394 4682 1623 4738 eruditio
1651 4684 1796 4754 (quia
1821 4685 1872 4738 in

301 4775 536 4831 Ecclesia
570 4773 749 4829 nutriti
777 4773 938 4838 estis,
966 4781 1019 4826 et
1039 4772 1224 4826 soletis
1250 4773 1433 4826 audire
1457 4774 1660 4828 divinas
1686 4774 1873 4830 lectio-

299 4867 442 4937 nes),
473 4865 720 4936 quoniant
770 4863 976 4943 inﬁrma
1005 4862 1180 4915 mundi
1209 4861 1355 4930 elegit
1384 4860 1552 4925 Deus,
1581 4872 1634 4916 ut
1660 4865 1876 4932 confun-

299 4958 438 5012 deret
462 4957 651 5028 fortia;
687 4965 732 5010 et
764 4953 918 5010 stulta
947 4954 1120 5007 mundi
1159 4953 1306 5024 elegit
1340 4951 1496 5020 Deus,
1539 4955 1608 5007 ad
1658 4957 1876 5025 eonfun.

297 5050 489 5105 dendos
512 5049 788 5119 sapientes;
831 5056 878 5100 et
903 5063 962 5101 ea
993 5061 1105 5115 qua:
1129 5062 1229 5099 non
1255 5055 1368 5099 sunt
1395 5055 1632 5116 tanquam
1675 5061 1733 5101 ea
1760 5063 1874 5118 qua:

297 5150 432 5206 sunt,
455 5151 510 5194 ut
528 5156 640 5210 qua
664 5149 779 5195 sunt
808 5147 1125 5192 evacnentnr.
1164 5136 1253 5194 Sic
1278 5138 1418 5192 enim
1439 5139 1515 5193 ait
1535 5139 1821 5208 Apostolus
1852 5156 1866 5193 :

309 5233 482 5288 Videte
501 5231 632 5287 enim
650 5231 954 5285 vocationem
975 5239 1205 5294 uestram,
1232 5229 1435 5297 fratres,
1463 5229 1581 5299 quia
1609 5245 1708 5284 non
1731 5231 1867 5284 mul-

298 5324 334 5376 ti
371 5322 620 5390 sapientes
639 5319 911 5375 secnndum
939 5335 1141 5372 carnem
1162 5360 1178 5384 ,
1202 5335 1302 5372 non
1331 5317 1478 5371 multi
1504 5329 1746 5388 potentes,
1770 5338 1871 5376 non

297 5411 445 5464 multi
469 5409 660 5464 nobiles
679 5426 698 5474 ;
717 5414 805 5464 sed
833 5408 986 5462 stulta
1015 5409 1188 5461 mundi
1221 5408 1367 5478 elegit
1391 5407 1528 5464 Deus
1545 5449 1561 5474 ,
1588 5421 1635 5464 et
1668 5411 1871 5480 infirma

297 5501 496 5561 rotundi.
518 5509 573 5554 ut
597 5500 924 5568 confunderet
969 5500 1158 5568 fortia;
1187 5508 1233 5552 et
1277 5499 1516 5568 ignobilia
1561 5511 1609 5554 et
1650 5513 1871 5557 content-

299 5592 492 5662 ptibilia
519 5592 665 5664 elegit
690 5589 825 5646 Deus
841 5631 855 5655 ,
877 5601 923 5645 et
943 5607 1003 5644 ea
1033 5605 1144 5658 qua:
1162 5607 1261 5644 non
1286 5599 1405 5645 sunt
1429 5600 1664 5662 tanquam
1684 5611 1742 5648 ea
1761 5612 1872 5665 qua:

360 5727 379 5756 ⁸
412 5725 485 5774 sic
504 5731 610 5774 tlss.
635 5724 746 5774 add.
771 5737 908 5780 vero,
929 5722 1202 5773 inusitatmn
1223 5729 1345 5773 erat.

359 5787 383 5819 ³
412 5791 486 5836 ετ.
511 5786 656 5848 Lugd.
679 5796 816 5839 ven:
843 5791 956 5836 sunt
975 5785 1114 5835 hodie
1134 5797 1243 5845 qtae
1261 5786 1471 5844 ﬁteruttt.
1569 5793 1624 5836 st.

1324 369 1722 434 ENAllllA'l’lO
1761 368 1824 424 ΙΝ
1863 367 2182 430 Ρειιιιυιι
2210 368 2440 434 CXLIX.

3386 415 3408 468 l
3419 414 3525 471 958

1947 498 2092 596 sunt,
2269 512 2381 565 qua:
2401 508 2519 596 sunt
2545 511 2900 583 evacuenturﬂ
2922 513 3038 570 Cor.
3071 535 3108 581 t.
3136 520 3345 596 26-28).
3369 529 3523 590 Venit

1952 579 2089 689 :Deus
2114 580 2358 689 Christus
2385 591 2641 689 prodesse
2659 579 2908 658 omnibus
2940 623 2954 661 :
2982 610 3074 665 sed
3096 579 3254 686 elegit

1951 674 2258 776 imperatori
2284 677 2354 733 de
2370 681 2649 754 piscatore,
2674 705 2778 745 non
2809 692 3054 762 piscatori
3075 702 3142 758 de
3175 674 3522 776 ὗητξεηῖτζξᾷξ

1952 771 2007 862 et
2027 763 2187 834 elegit
2223 783 2290 822 ea
2317 785 2438 840 quae
2475 777 2670 833 nullius
2710 760 2962 843 momenti
2998 803 3151 848 erant
3201 760 3269 850 in"

1956 854 2102 924 Ipsos
2129 859 2364 954 implevit
2392 865 2589 935 Spiritu
2611 888 2729 939 suo,
2767 875 2910 934 dedit
2946 883 3023 937 eis
3049 883 3277 946 frameas
3305 854 3528 954 bis

1954 954 2056 1054 tas,
2081 951 2369 1017 prmdicare
2397 964 2647 1054 praecepit
2676 965 3038 1042 Evangelium,
3069 985 3123 1032 et
3149 981 3224 1037 ire
3244 1000 3342 1054 per
3360 951 3526 1047 totum

1956 1039 2140 1138 orbem
2188 1052 2447 1138 terrarum
2497 1053 2704 1122 (Matth.
2731 1039 2910 1130 xxvttt,
2943 1039 3051 1138 19).
3103 1039 3532 1136 Freniuit

1957 1128 2079 1230 dus,
2106 1135 2273 1189 erevit
2291 1153 2352 1193 se
2379 1140 2462 1195 leo
2486 1144 2741 1204 adversus
2766 1169 2959 1223 agnum
2991 1128 3124 1216 :Ised
3156 1164 3342 1222 fortior
3376 1172 3528 1230 leone

1961 1219 2204 1325 inventus
2245 1238 2327 1282 est
2357 1246 2542 1300 agnus.
2586 1236 2694 1293 Leo
2727 1243 2890 1298 viettts
2915 1257 2996 1301 est
3033 1253 3332 1325 saeviendo,
3363 1275 3531 1325 agnus

1961 1313 2090 1369 vicit
2122 1318 2386 1386 patiendo.
2411 1327 2675 1385 Conversa
2719 1345 2841 1390 sunt
2868 1339 3026 1393 corda
3055 1313 3331 1402 hominum

1961 1421 2164 1462 moretu
2207 1410 2438 1480 Christi;
2469 1433 2744 1490 coeperunt
2797 1443 2967 1498 reges,
3014 1448 3287 1503 cmperunt
3328 1445 3534 1500 nobiles

1962 1505 2232 1606 miraculis
2245 1517 2590 1583 commoveri,
2613 1521 2902 1590 prophetia:
2917 1527 3290 1598 ailitnpletione
3307 1536 3533 1606 turbari,

1961 1595 2144 1652 videre
2171 1600 2222 1653 in
2262 1618 2424 1657 unum
2467 1622 2657 1663 nomen
2683 1627 3006 1672 concurrere
3027 1595 3196 1688 genus
3220 1595 3533 1686 humanum:

1965 1685 2033 1782 liit
2077 1690 2202 1782 quid
2235 1691 2505 1750 facerent?
2553 1698 2694 1754 Multi
2721 1703 3002 1774 elegerunt
3031 1685 3417 1779 ignobilitatem
3442 1761 3456 1782 ,
3483 1685 3538 1776 ει

1965 1778 2292 1838 dimittentes
2320 1785 2508 1842 domos
2533 1805 2675 1858 suas,
2707 1796 3029 1852 substantias
3058 1778 3188 1857 snas
3210 1778 3536 1866 distribuen-

1968 1878 2048 1924 tes
2097 1875 2448 1943 pauperibus,
2498 1896 2845 1941 cucurrerunt
2881 1888 2945 1942 ad
2980 1894 3374 1958 perfectionem.
3426 1901 3538 1959 Tali

1967 1965 2108 2017 enim
2139 1966 2448 2063 imperfecto
2477 1973 2669 2028 dicitur
2711 1993 2738 2030 a
2787 1980 3006 2037 Domino
3040 2003 3054 2040 :
3084 1987 3144 2041 Si
3187 1990 3259 2043 vis
3295 1994 3542 2063 perfectus

1969 2071 2094 2122 esse,
2122 2059 2264 2124 vade,
2293 2063 2449 2118 vende
2467 2067 2635 2120 omnia
2662 2085 2775 2138 qnte
2803 2072 2972 2139 habes,
3003 2087 3047 2129 et
3088 2079 3156 2130 (la
3201 2059 3542 2153 pauperibus;

1969 2157 2015 2200 et
2058 2152 2188 2217 veni,
2239 2169 2440 2224 sequere
2485 2175 2581 2224 me,
2637 2154 2686 2214 et
2727 2163 2926 2220 habebis
2980 2170 3267 2224 thesaurum
3309 2152 3364 2229 in
3406 2180 3543 2232 rwlis

1973 2237 2081 2309 (Μ.
2108 2257 2214 2304 χιιι.
2245 2244 2359 2315 2|).
2391 2248 2534 2302 Multi
2579 2266 2642 2305 ex
2695 2254 2955 2311 nobilibus
3001 2259 3239 2318 fecerunt
3289 2264 3541 2325 hoczscd

1971 2346 2316 2391 cessaverunt
2361 2338 2445 2394 isti
2503 2343 2707 2397 nobiles
2760 2362 2879 2402 esse
2927 2354 3162 2420 gentium
3201 2373 3215 2420 ;
3267 2359 3544 2431 elegerunt

1975 2436 2334 2496 paupertatem
2363 2431 2414 2486 itt
2446 2437 2660 2502 S:l.'Clli0,
2697 2441 3026 2499 nobilitatem
3054 2445 3104 2500 itt
3132 2448 3363 2505 Christo.
3398 2435 3544 2510 Mulli

1973 2529 2149 2574 autem
2181 2529 2360 2578 tenent
2393 2526 2569 2594 ’ἰρκιιιιι
2611 2531 2936 2588 nobilitatem
2964 2537 2979 2568 ¹
3001 2577 3015 2600 ,
3045 2546 3226 2595 tenent
3254 2544 3424 2613 regias
3447 2561 3544 2614 po-

1977 2622 2193 2667 testates
2213 2656 2226 2674 ,
2255 2625 2309 2669 et
2338 2617 2414 2670 sic
2440 2628 2564 2674 sunt
2597 2621 2888 2679 christiani.
2923 2627 3022 2696 Ipsi
3049 2641 3170 2684 sunt
3210 2642 3455 2705 tanquam
3495 2639 3545 2692 itt
3608 2627 3614 2637 ’

1974 2704 2338 2771 compedibus,
2366 2715 2421 2762 ct
2469 2718 2715 2780 tanquam
2768 2716 2818 2768 in
2868 2717 3087 2775 vinculis
3131 2704 3340 2779 ferreis.
3400 2727 3546 2783 Unde

1977 2793 2114 2849 hoc?
2143 2794 2216 2850 Ne
2247 2800 2689 2868 progrederentur
2717 2805 2781 2857 ad
2824 2807 2998 2864 illicita
3020 2850 3035 2864 .
3077 2815 3362 2884 compedes
3399 2833 3547 2872 acce-

1978 2897 2194 2952 perunt;
2254 2891 2540 2958 compedes
2588 2895 2879 2962 sapit-mir,
2917 2903 3198 2971 compedes
3234 2905 3377 2960 verbi
3435 2908 3547 2963 Dei.
3601 2896 3621 2904 ﬂ

2050 2978 2136 3032 15.
2177 2978 2353 3043 Quare
2406 2998 2533 3052 ergo
2583 2985 2788 3040 vincula
2843 2989 3032 3058 ferrea,
3081 3004 3134 3048 et
3187 3011 3289 3051 non
3343 2998 3548 3055 vincula

1977 3079 2134 3120 aurea
2157 3067 2180 3119 ?
2210 3067 2403 3124 Ferrea
2425 3083 2548 3126 sunt
2575 3077 2822 3142 quamdiu
2854 3079 3068 3146 timent;
3093 3095 3290 3150 ament,
3315 3099 3366 3142 et
3391 3105 3550 3145 aurea

1978 3165 2156 3210 erunt.
2186 3159 2436 3214 Attettdat
2460 3162 2704 3218 Charitas
2735 3179 2906 3222 vestra
2937 3171 3061 3239 quid
3086 3174 3288 3242 loquar.
3315 3181 3550 3237 Audistis

1980 3245 2138 3299 modo
2167 3250 2463 3315 apostolum
2483 3250 2742 3308 Joannem
2777 3273 2790 3310 :
2825 3255 2996 3312 Timor
3032 3279 3130 3316 non
3158 3279 3227 3318 est
3253 3267 3304 3320 in
3330 3271 3552 3324 charito-

1978 3346 2062 3401 te;
2089 3338 2179 3390 sed
2205 3340 2424 3408 perfecta
2439 3344 2657 3397 charitas
2677 3350 2817 3416 foras
2842 3352 2987 3404 mittit
3005 3354 3248 3423 timorem,
3271 3362 3386 3428 quia
3407 3365 3551 3418 timor

1981 3436 2281 3484 tormentum
2314 3431 2458 3486 habet
2489 3433 2530 3501 (Ι
2555 3433 2712 3490 Joan.
2742 3454 2814 3504 tv,
2841 3440 2948 3510 l8).
3003 3443 3112 3499 lloc
3150 3458 3231 3501 est
3285 3451 3552 3509 vinculum

1981 3517 2233 3575 ferreum.
2260 3521 2328 3576 Et
2363 3531 2538 3578 tamen
2571 3527 2668 3581 nisi
2699 3528 2891 3586 timore
2921 3533 3136 3604 incipiat
3183 3539 3342 3593 homo
3389 3543 3554 3600 Deum

1979 3610 2158 3666 colere
2178 3653 2191 3674 ,
2224 3627 2329 3666 non
2358 3616 2629 3682 perveniet
2651 3617 2716 3672 ad
2744 3635 3001 3677 amorem.
3049 3625 3256 3683 lnilinnt
3285 3632 3554 3700 sapientia:

1982 3701 2146 3757 timor
2173 3704 2376 3758 Domini
2403 3705 2574 3778 (Psal.
2606 3724 2692 3774 cx,
2730 3711 2841 3783 l0).
2875 3713 3060 3785 incipit
3099 3734 3226 3788 ergo
3264 3737 3292 3775 a
3335 3724 3556 3781 vincolis

1982 3793 2192 3860 ferreis,
2217 3795 2397 3852 linitur
2417 3797 2484 3852 ad
2518 3809 2756 3871 torquem
2787 3819 3025 3861 aureum.
3061 3809 3263 3867 Dictum
3307 3827 3383 3868 est
3413 3819 3553 3873 enim

1979 3885 2048 3940 de
2095 3886 2381 3956 Sapientia,
2439 3889 2506 3944 Et
2561 3901 2784 3964 torquem
2823 3913 3030 3953 aureunt
3071 3902 3204 3956 circa
3258 3915 3394 3961 tuam
3449 3928 3555 3963 rer-

1981 3980 2133 4034 vicent
2163 3980 2349 4054 (Eccli.
2385 3999 2460 4047 Vl,
2508 3984 2620 4056 25).
2673 3987 2786 4042 Non
2834 3991 2924 4046 tibi
2969 3993 3262 4065 imponeret
3315 4010 3557 4072 torquem

1980 4085 2200 4126 aureum
2234 4113 2248 4134 ,
2288 4074 2386 4128 nisi
2420 4077 2590 4145 printo
2629 4078 2680 4132 in
2723 4084 3067 4150 compedibus
3107 4085 3293 4143 ferreis
3333 4101 3384 4145 te
3421 4095 3556 4147 alli-

1979 4172 2176 4232 gasset.
2217 4163 2434 4235 C(episti
2474 4182 2502 4221 a
2546 4169 2734 4224 timore
2758 4213 2773 4237 ,
2813 4179 3196 4232 consummaris
3233 4181 3298 4234 ad
3348 4185 3556 4252 sapien-

1983 4254 2106 4308 tiam
2132 4256 2174 4306 ⁸.
2215 4255 2382 4322 Quam
2423 4259 2568 4313 multi
2609 4271 2730 4314 sunt
2772 4263 2859 4332 qui
2905 4276 3185 4335 propterea
3231 4273 3412 4326 nolunt
3445 4292 3556 4329 tua-

1982 4347 2030 4401 le
2068 4347 2259 4411 facere,
2302 4349 2422 4418 quia
2463 4351 2730 4420 gehennas
2771 4355 2983 4420 timent,
3025 4360 3145 4424 quia
3184 4364 3446 4419 cruciatus
3493 4369 3558 4421 ti-

1980 4439 2163 4493 ment?
2182 4437 2427 4494 Nondum
2449 4451 2627 4496 amant
2651 4442 2932 4510 justitiam.
2963 4449 3017 4501 Si
3040 4450 3142 4505 illis
3161 4453 3558 4519 promitterentr

1979 4529 2300 4601 impunitas,
2343 4540 2397 4586 et
2439 4531 2702 4588 diceretur
2738 4537 2841 4597 eis.
2873 4536 3053 4594 Facite
3088 4541 3229 4611 quod
3272 4544 3425 4599 vultis
3468 4562 3557 4602 se-

1978 4622 2128 4688 curi,
2173 4623 2487 4694 impunitum
2526 4625 2674 4680 vobis
2717 4627 2850 4693 erit;
2891 4633 3198 4688 emitterent
3241 4650 3557 4706 progressus

1979 4711 2254 4768 libidinum
2283 4729 2498 4770 suarum
2528 4716 2577 4770 in
2603 4733 2824 4788 qumque
2846 4721 3200 4792 nequissima:
3218 4735 3272 4780 et
3303 4729 3554 4793 maxime,

1978 4803 2171 4859 fratres
2213 4805 2350 4871 ntei,
2382 4806 2612 4861 maxime
2651 4823 2802 4878 reges
2844 4819 2897 4864 et
2941 4812 3178 4877 nobiles,
3213 4815 3404 4882 quibus
3448 4833 3553 4871 non

1979 4894 2132 4950 facile
2166 4893 2392 4961 dicitur,
2421 4896 2557 4962 Quid
2594 4897 2806 4954 fecisti?
2832 4900 2962 4956 Nam
3004 4917 3205 4972 pauper
3233 4905 3392 4958 homo
3411 4948 3426 4970 ,
3453 4910 3554 4962 etsi

1979 4999 2084 5037 non
2117 4983 2297 5040 timeat
2325 4985 2490 5040 Deum
2515 5002 2530 5050 ;
2560 4987 2681 5056 quia
2715 4987 2977 5044 nullarum
3012 4989 3202 5046 virium
3232 5004 3314 5048 est
3334 5035 3348 5060 ,
3379 4997 3553 5049 nulla-

1976 5088 2095 5127 rum
2133 5071 2475 5140 facultatum;
2507 5090 2574 5132 ne
2601 5091 2721 5132 cum
2751 5092 2812 5132 se
2853 5083 3226 5148 commoverit,
3258 5083 3310 5138 in
3349 5087 3554 5158 suppli-

1976 5163 2116 5217 cium
2149 5163 2404 5232 rapiatur,
2435 5175 2608 5221 cessat
2636 5167 2828 5223 timore
2864 5167 3126 5238 ltominis,
3156 5173 3255 5227 etsi
3297 5187 3401 5229 non
3436 5176 3550 5231 Dei.

1978 5255 2227 5311 Potentes
2265 5266 2442 5312 autem
2485 5258 2702 5324 mundi,
2745 5274 2928 5329 reges,
2973 5263 3208 5332 nobiles,
3242 5266 3340 5321 nisi
3384 5268 3549 5324 Deum

1979 5349 2228 5414 timeant,
2259 5348 2384 5418 quid
2414 5337 2838 5406 timebunt?Scd
2864 5353 3179 5420 praedicatur
3199 5356 3322 5423 illis,
3353 5367 3406 5413 et
3427 5375 3551 5428 per-

1975 5438 2246 5492 cutiuntur
2283 5438 2480 5492 framea
2520 5439 2601 5493 bis
2627 5449 2798 5494 acuta.
2831 5441 3030 5496 Dicitur
3065 5444 3167 5498 illis
3198 5447 3318 5515 quia
3347 5457 3430 5502 est
3457 5451 3546 5518 qui

1977 5537 2138 5598 ponat
2164 5529 2299 5582 alios
2321 5527 2388 5582 ad
2413 5527 2681 5583 dexteram
2697 5571 2713 5596 ,
2742 5531 2874 5586 alios
2899 5531 2964 5586 ad
2990 5534 3294 5602 sinistrant;
3326 5547 3382 5592 ιιι
3410 5538 3551 5595 dicat

2040 5667 2056 5731 ξ
2084 5665 2173 5731 tli_c_
2188 5663 2236 5711 in
2259 5662 2594 5731 Edd._additur,
2618 5661 2667 5713 in
2689 5663 2874 5714 rhrisw
2897 5666 3060 5731 :quod
3083 5669 3222 5731 abest
3237 5683 3264 5731 a
3288 5677 3394 5721 Mss.

2037 5729 2058 5759 ³
2083 5726 2214 5794 ψει..
2236 5739 2270 5794 a_
2288 5726 2537 5794 sapientia.
2563 5733 2618 5775 At
2633 5739 2805 5776 omnes
2826 5726 3042 5794 htss.,'ad
3063 5728 3345 5793 sapientiam
3373 5740 3462 5784 :et
3486 5748 3548 5783 es

1978 5790 2054 5838 his
2073 5801 2087 5846 ι
2109 5785 2244 5835 lnrcs
2259 5785 2457 5844 habent,
2480 5799 2764 5837 consumma:
2777 5800 2821 5838 ε.
