4038 6488
528 358 667 416 1959

528 478 608 531 eis
635 476 725 546 qui
768 492 799 530 a
841 477 1072 533 sinistris
1101 489 1264 534 sunt:
1298 478 1378 534 ltc
1415 479 1469 533 in
1507 481 1669 551 ignem
1703 492 1945 537 internum
1966 523 1981 547 ,
2014 482 2103 546 qui

528 577 737 636 paratus
761 578 831 622 est
850 569 1049 623 diabolo
1081 578 1128 623 et
1160 571 1351 641 angelis
1364 573 1472 643 ejus
1493 571 1703 644 (Matth.
1730 588 1856 638 xxv,
1878 574 1967 637 55,
1989 572 2100 643 Μ).

528 656 772 711 Nondum
808 658 1034 728 diligunt
1065 660 1358 730 justitiam,
1396 662 1491 717 sed
1531 663 1717 717 timent
1755 677 1995 733 pinnam;
2049 671 2107 716 et

531 750 764 805 timendo
802 765 1046 818 pinnam,
1085 751 1195 821 jam
1241 763 1560 824 acceperunt
1598 755 1913 824 compedes,
1958 766 2010 809 et
2049 755 2101 807 iu

528 843 750 895 vinculis
794 840 978 896 ferreis
1019 843 1349 898 erudiuntur.
1394 843 1553 899 Venit
1595 845 1660 899 ad
1705 859 1801 898 nos
1839 844 1998 898 homo
2036 843 2104 899 de

527 933 724 987 sicculo
766 941 989 1001 potens;
1038 933 1258 988 oﬂ‘eudit
1303 935 1447 989 illum
1488 950 1623 989 uxor
1662 949 1792 1000 sua,
1838 942 1931 988 aut
1966 932 2103 987 forte

526 1024 831 1093 concupivit
865 1025 1085 1079 alterius
1125 1025 1513 1095 pulchriorem,
1562 1035 1654 1080 aut
1691 1026 1908 1081 alteram
1948 1025 2105 1080 ditio-

527 1132 639 1170 rem
666 1134 678 1169 :
704 1118 814 1171 vult
848 1118 1119 1174 dimittere
1154 1132 1272 1173 eam
1312 1134 1468 1189 qnatn
1502 1119 1688 1182 habet,
1724 1126 1777 1173 et
1814 1133 1917 1171 non
1959 1116 2101 1171 facit.

522 1208 689 1264 Audit
718 1225 747 1263 a
778 1225 938 1264 servo
970 1210 1097 1275 Dei,
1129 1210 1328 1264 audita
1358 1209 1611 1280 propheta
1632 1249 1648 1276 ,
1679 1210 1823 1263 audit
1861 1208 1930 1262 ab
1969 1222 2102 1279 apo-

526 1301 700 1366 stolo,
731 1310 786 1355 et
823 1316 928 1355 non
965 1301 1090 1356 facit
1115 1302 1167 1368 ¹;
1204 1300 1349 1356 audit
1378 1301 1444 1355 ab
1486 1316 1551 1355 eo
1596 1302 1647 1355 in
1679 1299 1831 1367 cujus
1860 1300 2103 1355 manibus

526 1400 611 1446 est
638 1391 833 1465 framea
866 1391 946 1446 his
965 1401 1118 1446 acuta
1139 1434 1155 1459 ,
1184 1391 1301 1446 Non
1330 1391 1524 1459 facies,
1553 1407 1658 1446 non
1686 1390 1807 1446 licet
1836 1390 1962 1456 tibi,
1995 1404 2103 1445 non

530 1482 787 1551 permittit
815 1482 951 1535 Deus
980 1482 1248 1537 dimittere
1279 1498 1524 1546 uxorem,
1556 1489 1773 1551 excepta
1797 1495 1955 1536 causa
1988 1479 2101 1535 for-

528 1571 807 1626 nicationis
849 1570 959 1641 (Id.
1007 1589 1059 1639 v,
1097 1572 1212 1645 32.)
1253 1590 1267 1626 :
1310 1572 1457 1626 audit
1502 1572 1630 1639 hoc,
1674 1572 1861 1639 timet,
1901 1580 1955 1626 et
1995 1587 2103 1628 non

528 1663 670 1718 facit.
714 1662 882 1719 Pedes
922 1664 1066 1719 leves
1103 1665 1212 1734 jam
1257 1664 1729 1735 progrediebantur
1769 1666 1821 1719 in
1857 1665 2099 1735 lapsum,

525 1754 872 1826 compedibus
921 1765 1199 1820 tenentur;
1250 1756 1411 1812 habet
1447 1757 1655 1811 vincula
1700 1758 1903 1822 ferrea,
1953 1760 2103 1813 timet

529 1846 716 1902 Deum.
769 1847 968 1902 Dicitur
1010 1848 1081 1903 illi
1118 1868 1129 1903 :
1160 1849 1440 1904 Datnnabit
1484 1860 1535 1905 te
1580 1851 1748 1916 Deus,
1794 1852 1837 1906 si
1879 1850 2098 1915 feceris;

524 1937 686 2006 judex
724 1949 807 1993 est
834 1954 993 2009 supra
1033 1955 1247 2005 omnes,
1280 1941 1429 1994 audit
1455 1940 1711 2010 gemitum
1743 1943 1923 1996 uxoris
1962 1953 2097 2009 tum,

526 2046 651 2086 reus
683 2030 946 2087 teneberis
977 2031 1028 2085 in
1053 2041 1339 2100 conspectu
1367 2032 1500 2101 ejus.
1528 2033 1639 2088 Hae
1673 2036 2101 2104 concupiscentia

526 2122 813 2189 blanditur,
842 2123 941 2178 hac
970 2139 1123 2193 poena
1153 2124 1409 2180 deterret.
1443 2125 1553 2179 Ibat
1572 2125 1637 2180 ad
1659 2126 2098 2180 consentiendum

524 2230 705 2286 prava:
725 2215 999 2286 cupiditati
1022 2258 1039 2282 ,
1066 2216 1169 2271 nisi
1195 2216 1399 2271 vincula
1425 2217 1593 2272 ferrea
1617 2219 1928 2274 retinerent.
1950 2218 2100 2286 Quod

525 2309 643 2379 plus
687 2318 801 2373 est,
844 2309 888 2363 si
930 2309 1101 2374 dicat,
1151 2310 1439 2365 Continere
1478 2309 1587 2379 jam
1631 2310 1786 2375 volo,
1827 2310 1951 2365 nolo
1989 2310 2100 2380 jam

523 2414 746 2456 uxorem
780 2417 794 2453 :
822 2399 934 2481 NQ
963 2409 1134 2471 potes.
1157 2398 1326 2467 Quid,
1348 2399 1391 2453 si
1413 2409 1467 2454 tu
1492 2400 1573 2454 vis
1591 2442 1605 2465 ,
1634 2409 1688 2455 et
1712 2400 1801 2455 illa
1824 2416 1927 2454 non
1954 2401 2101 2455 vult?

524 2490 778 2560 numquid
818 2505 912 2560 per
941 2491 1319 2545 continentiam
1351 2501 1491 2545 tuam
1519 2490 1676 2545 debet
1705 2491 1789 2544 illa
1835 2492 1945 2545 lieri
1989 2491 2099 2546 lor-

522 2584 793 2640 nicaria'?
819 2583 874 2638 Si
908 2584 996 2638 alii
1022 2584 1263 2653 nupserit
1294 2593 1344 2637 te
1371 2582 1524 2649 vivo,
1558 2581 1797 2636 adultera
1835 2583 1953 2637 erit.
1984 2581 2098 2636 Non

520 2677 634 2730 vult
664 2676 751 2729 tali
781 2674 928 2730 lucro
952 2675 1090 2730 Deus
1110 2690 1457 2744 compensare
1484 2675 1587 2729 tale
1615 2674 1887 2728 damnum.
1916 2673 2097 2730 Redde

519 2767 793 2830 debitum;
823 2768 921 2822 etsi
964 2782 1069 2822 non
1113 2767 1310 2838 exigis,
1342 2765 1524 2821 redde.
1555 2766 1656 2820 Pro
1682 2766 2099 2822 sanctiﬁcatione

519 2863 753 2935 perfecta
800 2863 939 2918 Dcus
988 2862 1081 2917 tibi
1128 2861 1491 2931 computabit,
1531 2861 1575 2916 si
1621 2876 1725 2914 noti
1761 2859 1899 2930 quod
1940 2860 2099 2915 debet

518 2953 687 3024 exigis
712 2953 754 3016 ³,
786 2952 880 3007 sed
919 2952 1095 3007 reddis
1122 2951 1261 3022 quod
1291 2951 1517 3005 debetur
1550 2954 1726 3004 uxori.
1750 2949 1959 3013 Times,
1990 2964 2095 3003 non

520 3045 682 3109 l'acis;
718 3044 1094 3099 concutiuntur
1130 3044 1335 3098 vincula
1383 3053 1492 3097 tua.
1535 3041 1670 3096 Audi
1713 3042 1837 3111 quia
1875 3042 2097 3096 vinculis

516 3136 703 3191 ferreis
729 3136 1047 3191 constrictus
1081 3150 1140 3190 es
1167 3151 1180 3187 :
1212 3134 1457 3203 Alligatus
1487 3150 1538 3187 es
1572 3133 1757 3186 uxori?
1780 3130 1862 3186 Ne
1886 3133 2097 3203 qua‘sie-

515 3229 587 3280 ris
614 3226 914 3280 solutionem
944 3222 1002 3295 (1
1035 3222 1153 3281 Cor.
1190 3240 1296 3288 vn,
1343 3224 1447 3290 59,
1480 3225 1546 3290 3,
1587 3222 1700 3294 27).
1742 3224 1938 3278 Durttm
1977 3235 2092 3289 est,

513 3315 746 3372 ferreum
788 3324 889 3371 est.
918 3315 1047 3370 Nam
1077 3316 1287 3386 quando
1317 3315 1569 3371 Dominus
1600 3314 1699 3371 hoc
1727 3317 1834 3381 ait,
1864 3315 2097 3370 ostendit

510 3410 636 3480 quia
680 3407 946 3462 vinculum
989 3419 1072 3462 est
1115 3406 1345 3462 ferreum
1380 3424 1392 3459 :
1425 3406 1825 3479 (adolescentes
1875 3407 2091 3462 audite:

512 3500 721 3555 vincula
751 3500 923 3555 l'errea
966 3508 1092 3553 sunt
1112 3541 1127 3565 ,
1157 3498 1318 3553 nolite
1354 3498 1515 3567 pedes
1556 3498 1804 3561 mittere;
1835 3513 1956 3553 cum
1990 3498 2091 3552 mi-

511 3592 716 3657 seritis,
768 3590 968 3645 arctius
1017 3588 1454 3658 constringemini
1526 3588 1890 3657 compedibus.
1939 3589 2092 3644 Tales

510 3680 797 3752 compedes
822 3681 1158 3735 consolidant
1184 3680 1333 3734 vobis
1355 3690 1409 3733 et
1432 3679 1666 3750 episcopi
1694 3695 1901 3735 manus.
1923 3680 2089 3735 Num-

510 3774 637 3844 quid
667 3788 773 3828 non
802 3772 1007 3842 fugiunt
1037 3773 1086 3827 in
1120 3772 1409 3826 Ecclesium
1438 3771 1760 3841 compediti,
1791 3781 1847 3828 et
1872 3775 2089 3827 solvun-

512 3873 598 3918 tur
619 3863 743 3918 hic?
775 3863 880 3917 Viri
926 3862 1132 3932 fugiunt
1161 3861 1264 3916 huc
1306 3862 1543 3917 volentes
1581 3860 1850 3917 dimittere
1894 3876 2088 3917 uxores

508 3968 665 4019 suas;
697 3952 783 4009 hic
810 3953 1007 4007 arctius
1031 3953 1384 4023 colligantur:
1410 3968 1567 4007 nemo
1594 3954 1751 4007 solvit
1774 3953 1793 3984 ι
1821 3954 1915 4008 has
1943 3968 2088 4009 com-

515 4046 738 4120 pedes).
774 4046 923 4115 Quod
951 4043 1090 4099 Deus
1120 4046 1406 4115 conjunxit,
1441 4045 1589 4099 Immo
1618 4062 1717 4098 non
1747 4056 1957 4114 separet.
1982 4045 2086 4101 Sed

515 4139 651 4194 dura
680 4147 802 4193 sunt
830 4137 1058 4192 vincula.
1083 4136 1211 4204 Quis
1246 4135 1485 4192 nesciat?
1519 4136 1688 4206 Ipsam
1714 4136 1958 4191 duritiam
1986 4136 2083 4191 do-

508 4231 726 4287 luerunt
751 4231 985 4301 Apostoli
1007 4271 1022 4295 ,
1066 4239 1119 4285 et
1146 4229 1433 4285 dixerunt:
1467 4229 1528 4286 Si
1560 4229 1675 4285 talis
1704 4240 1774 4284 est
1797 4247 1950 4284 causa
1970 4248 2084 4284 cum

507 4340 685 4389 uxore,
710 4340 811 4376 non
834 4322 1032 4389 expedit
1054 4325 1256 4376 nubere.
1280 4322 1336 4375 Si
1366 4321 1572 4376 vincula
1599 4321 1766 4377 ferrea
1789 4332 1914 4377 sunt
1932 4364 1947 4388 ,
1978 4340 2083 4379 non

510 4432 645 4485 opus
674 4425 756 4471 est
797 4425 851 4469 ut
882 4415 989 4469 illic
1030 4414 1192 4484 pedes
1224 4415 1519 4469 mittantur.
1548 4414 1615 4468 Et
1644 4414 1896 4469 Dominus
1921 4433 1932 4467 :
1962 4414 2082 4469 Non

507 4525 679 4562 omnes
705 4510 911 4576 capiunt
936 4508 1131 4561 verbum
1158 4507 1327 4571 istud;
1348 4507 1437 4561 sed
1461 4507 1547 4576 qui
1572 4515 1731 4577 potest
1755 4523 1931 4576 cupere
1953 4546 1969 4572 ,
1991 4522 2080 4560 ca-

504 4603 611 4671 piat
638 4600 846 4669 (Matt/1.
874 4616 992 4660 XIX.
1021 4600 1053 4654 6
1074 4640 1090 4666 ,
1118 4601 1183 4654 {0
1206 4638 1221 4663 ,
1259 4600 1367 4666 II).
1399 4598 1648 4668 Alligatus
1694 4614 1743 4651 es
1786 4598 1973 4650 uxori?
2000 4596 2083 4651 Nc

503 4692 758 4759 quwsieris
803 4691 1130 4754 solutionem;
1160 4704 1279 4759 quia
1322 4689 1565 4759 alligatus
1603 4702 1662 4742 es
1710 4688 1931 4743 vinculis
1971 4687 2078 4743 l'er-

503 4787 629 4839 reis.
662 4783 870 4839 Solutus
897 4799 949 4836 es
977 4782 1039 4836 ab
1071 4782 1265 4836 uxore?
1290 4797 1351 4835 ne
1375 4781 1627 4849 qua’sieris
1649 4797 1854 4834 uxorem
1882 4780 1926 4853 (Ι
1954 4779 2076 4835 Cor.

506 4894 576 4933 vn
604 4919 618 4939 .
651 4876 742 4947 ‘27)
767 4894 779 4937 ς
810 4892 914 4930 ηοιι
943 4884 994 4930 te.
1018 4874 1236 4945 cnlliges
1266 4874 1488 4929 vinculis
1513 4873 1722 4928 ferreis.

576 4968 659 5022 16.
693 4966 712 5039 [
732 4985 857 5022 vers.
878 4965 968 5039 9.]
991 4965 1056 5020 Ut
1072 4966 1264 5037 faciant
1292 4966 1343 5017 in
1363 4964 1433 5018 eis
1440 4964 1693 5035 judicium
1717 4965 2071 5032 conscriptum.

499 5062 613 5119 Hoc
638 5073 721 5117 cst
740 5061 997 5131 judicium
1028 5058 1168 5129 quod
1200 5058 1395 5113 faciunt
1419 5058 1587 5111 sancti
1620 5073 1712 5126 per
1736 5072 1921 5110 omnes
1947 5072 2077 5127 gen-

501 5168 599 5211 tes.
636 5156 810 5223 Quare
831 5196 845 5218 ,
877 5151 1256 5221 conscriptum?
1279 5150 1412 5218 Quia
1456 5149 1553 5205 ista
1588 5158 1740 5202 antea
1774 5149 2073 5218 conscripta

561 5314 575 5345 ι
616 5311 837 5373 Plerique
864 5318 987 5373 Mss,
1028 5307 1357 5373 quam‘liabet.
1396 5316 1504 5373 Non
1536 5305 1675 5370 raris,
1704 5305 1847 5373 _au_dit
1878 5320 1909 5355 α
1930 5320 2073 5373 servo

501 5377 602 5433 hei,
627 5368 771 5421 audit
786 5386 816 5421 α
830 5368 1075 5433 νωμῆσαι,
1094 5368 1230 5433 audit
1247 5370 1307 5418 ab
1324 5368 1549 5433 apostolo,
1570 5378 1669 5419 Non
1688 5368 1826 5431 facis.
1853 5376 1904 5417 Et
1928 5370 1974 5416 in
1982 5370 2064 5417 f‘ra:

496 5431 597 5487 Non
620 5433 756 5496 facis,
784 5431 875 5496 non
898 5431 1007 5482 licet
1021 5431 1124 5490 tibi,
1149 5439 1244 5496 etc.

556 5500 576 5529 ε
699 5494 843 5556 Lugd.
884 5502 999 5556 Ven.
1041 5496 1110 5542 sic
1151 5494 1331 5556 habent
1352 5492 1478 5541 hunc.
1505 5490 1702 5556 locum:
1735 5490 1897 5556 Dicam
1942 5491 2070 5553 quod

493 5557 601 5620 plus
624 5564 691 5607 est
716 5572 732 5605 :
754 5552 841 5605 sed
866 5553 1282 5620 dirat,_(jontinere
1298 5556 1404 5620 jam
1428 5553 1558 5620 _rolo,
1583 5552 1689 5600 nolo
1711 5552 1825 5620 jam
1846 5552 2066 5620 natarent,

492 5613 587 5667 non
608 5624 809 5681 potest...
832 5616 1062 5681 numquid
1083 5630 1166 5679 per
1183 5614 1515 5665 continentiam
1537 5622 1669 5663 tuam
1688 5614 1828 5665 debes
1846 5613 1975 5663 illam
1996 5617 2069 5676 [a-

492 5693 601 5729 cere
625 5679 968 5742 fornicariam.’
1046 5686 1098 5742 at.

558 5742 578 5774 ³
601 5735 674 5789 sic
691 5740 785 5800 illul
801 5753 855 5789 es
877 5747 981 5787 Mss.
1003 5738 1113 5787 Edd.
1140 5750 1261 5786 vero
1276 5750 1297 5801 _:
1327 5735 1374 5785 si
1395 5736 1522 5797 quod
1554 5749 1645 5786 non
1670 5736 1866 5786 debetur
1888 5735 2061 5801 exigis.

554 5804 577 5834 ⁸
600 5803 675 5852 sic
826 5808 879 5850 AI
898 5801 1028 5857 uid,
1052 5812 1189 5849 nemo
1215 5798 1375 5847 soleat.

1767 368 1824 425 S.
1864 367 2225 426 AUGUSTINI
2263 369 2560 429 EPISCOPI

3649 388 3791 448 1980

2208 492 2367 547 sunt,
2406 495 2462 541 et
2498 487 2660 543 modo
2693 490 3048 561 complentur.
3096 494 3232 551 Ecce
3279 496 3439 553 modo
3484 498 3618 555 ﬁunt
3644 518 3660 553 :
3687 502 3786 560 ali-

2208 574 2422 642 quando
2456 577 2784 648 legebantur,
2818 592 2871 637 et
2905 598 3009 638 non
3051 585 3264 642 ﬁebant.
3300 588 3366 642 Et
3383 589 3639 645 conclusit
3670 591 3741 645 ita
3768 608 3783 648 :

2211 661 2387 718 Gloria
2412 668 2520 722 lucc
2556 680 2628 724 est
2654 673 2882 728 omnibus
2916 684 3103 730 sanctis
3127 694 3258 746 ejus.
3287 677 3389 733 Per
3418 688 3587 735 totum
3628 696 3788 736 mun-

2210 754 2335 810 dum
2360 798 2376 822 ,
2424 775 2518 829 per
2561 763 2835 822 universas
2880 778 3069 837 gentes
3115 769 3216 825 hoc
3261 772 3435 826 sancti
3478 783 3679 843 agunt,
3710 776 3787 830 sic

2209 846 2604 914 gloriﬁcantur:
2632 855 2711 910 sic
2758 858 2995 913 exaltant
3044 859 3211 914 Deum
3259 861 3312 915 in
3360 861 3598 917 faucibus
3638 865 3784 928 suis.

2208 937 2286 992 sic
2311 938 2557 997 laetantur
2585 945 2637 999 in
2674 945 2936 1003 cubilibus
2969 951 3079 1004 suis
3098 991 3115 1016 ,
3141 952 3218 1007 sic
3242 953 3512 1008 exsultant
3538 955 3591 1008 in
3620 955 3783 1024 gloria

2208 1042 2336 1093 sua,
2363 1031 2441 1085 sic
2478 1035 2776 1092 exaltantur
2801 1038 2854 1093 in
2900 1040 3111 1110 salute,
3153 1042 3229 1098 sic
3266 1052 3485 1099 cantant
3521 1046 3783 1100 canticum

2210 1135 2407 1177 novum
2429 1164 2444 1189 ,
2476 1126 2553 1182 sic
2580 1127 2760 1184 dicunt
2784 1131 3005 1187 Alleluia
3023 1174 3040 1199 ,
3070 1133 3250 1201 corde,
3282 1150 3376 1191 ore
3394 1176 3410 1203 ,
3439 1137 3565 1191 vita.
3589 1136 3785 1193 Arnen.

2654 1339 2738 1401 IN
2780 1341 3158 1403 PSALMUM
3200 1342 3298 1404 CL

2796 1461 2980 1516 ENAB
2991 1458 3214 1519 RATIO.

2281 1569 2333 1626 I.
2361 1570 2614 1637 Quamvis
2653 1574 2786 1629 ordo
2816 1575 3144 1631 Psalmorum
3166 1616 3181 1643 ,
3209 1577 3297 1647 qui
3328 1577 3458 1632 mihi
3486 1580 3663 1649 magni
3702 1595 3787 1635 sa-

2207 1665 2466 1720 cramenti
2507 1665 2716 1719 videtur
2760 1668 3035 1723 continere
3071 1678 3334 1723 secretum
3379 1669 3617 1724 nondum
3658 1671 3781 1725 mihi

2209 1755 2366 1811 fuerit
2392 1758 2693 1823 revelatus;
2729 1769 2904 1816 tamen
2934 1761 3053 1829 quia
3080 1776 3265 1817 omnes
3290 1771 3503 1818 centum
3529 1764 3786 1834 quinqua-

2207 1847 2350 1915 ginta
2386 1858 2748 1913 numerantur,
2778 1850 2938 1906 etiam
2967 1851 3119 1906 nobis
3144 1853 3232 1921 qui
3277 1853 3437 1909 totius
3468 1852 3671 1910 ordinis
3696 1870 3785 1910 eo-

2207 1953 2325 1992 rum
2343 1939 2673 1995 altitudinem
2698 1940 2871 1997 adhuc
2890 1942 3003 1996 acie
3026 1943 3219 1997 mentis
3241 1958 3345 1998 non
3368 1944 3782 2013 penetravimus,

2209 2031 2478 2088 insinuant
2515 2034 2743 2103 aliquid,
2790 2035 2928 2090 unde
2980 2051 3087 2090 non
3134 2036 3485 2105 impudenter,
3530 2047 3783 2108 quantum

2210 2123 2463 2178 Dominus
2488 2124 2701 2193 adjuvat
2718 2166 2734 2188 ,
2762 2125 3031 2194 disputare
3061 2127 3345 2196 possimus.
3366 2127 3601 2182 Primum
3626 2128 3783 2198 quin-

2207 2215 2456 2271 denarius
2497 2232 2783 2283 numerus,
2823 2234 2888 2273 ex
2913 2234 3018 2290 quo
3056 2220 3155 2274 iste
3193 2220 3571 2289 multiplicatur
3611 2220 3783 2290 (quod

2206 2308 2347 2362 enim
2393 2308 2575 2363 valent
2617 2309 2921 2379 quindecim
2972 2311 3025 2365 in
3065 2310 3252 2366 ordine
3291 2310 3658 2380 singulorum,
3689 2311 3785 2367 hoc

2207 2398 2383 2453 valent
2407 2410 2623 2455 centum
2653 2400 3031 2470 quinquaginta
3076 2402 3127 2456 in
3170 2401 3359 2457 ordine
3398 2401 3777 2467 denariorum,

2207 2490 2456 2559 quoniam
2508 2492 2816 2561 quindecies
2867 2492 2989 2547 deni
3032 2507 3126 2547 eos
3172 2492 3403 2557 faciunt;
3455 2492 3558 2547 hoc
3609 2493 3784 2548 valent

2208 2582 2352 2637 mille
2392 2585 2659 2655 quingenti
2706 2585 2757 2638 iu
2805 2584 2997 2640 ordine
3040 2586 3496 2651 centenariorum,
3536 2586 3779 2654 quoniam

2206 2674 2513 2743 quindecies
2540 2676 2750 2730 centeni
2782 2684 2937 2740 sunt;
2970 2675 3071 2730 hoc
3095 2675 3272 2729 valent
3295 2675 3596 2744 quindecim
3624 2676 3780 2730 millia

2208 2765 2260 2819 in
2289 2766 2476 2821 ordine
2516 2766 2934 2821 milleuariorum
2957 2808 2971 2831 ,
3002 2766 3251 2836 quoniam
3297 2765 3606 2836 quindecies
3639 2765 3779 2820 mille

2204 2856 2362 2929 sunt)
2388 2876 2401 2912 :
2431 2858 2806 2928 quindenarius
2834 2872 2961 2927 ergo
2987 2872 3239 2929 numerus
3263 2857 3599 2912 concordiam
3616 2857 3776 2927 signi-

2207 2949 2328 3005 Iicat
2362 2949 2522 3004 duum
2550 2915 3051 3004 Tesmmentorum!
3057 2948 3113 3003 In
3160 2949 3248 3003 illo
3290 2951 3431 3004 enim
3468 2950 3775 3004 observatur

2204 3040 2513 3105 sabbatum,
2554 3039 2694 3109 quod
2725 3038 2985 3110 significat
3009 3040 3240 3110 quietem
3270 3037 3464 3106 (Exod.
3499 3054 3569 3093 xx
3589 3082 3605 3103 ,
3642 3040 3731 3107 ltl)
3759 3056 3772 3091 :

2203 3132 2257 3187 in
2290 3132 2389 3186 isto
2416 3132 2712 3187 dominicus
2739 3131 2885 3198 dies,
2913 3133 3001 3202 qui
3027 3132 3289 3202 significat
3314 3133 3775 3187 resurrectionem.
3773 3114 3833 3219 /

2200 3223 2485 3279 Sahhatum
2513 3233 2689 3279 autem
2731 3233 2813 3279 est
2853 3224 2968 3279 dies
3003 3225 3296 3294 septimus:
3329 3224 3625 3280 dominicus
3652 3241 3774 3281 vero

2203 3325 2316 3384 post
2357 3315 2639 3382 septimum
2660 3357 2675 3379 ,
2706 3314 2832 3384 quid
2874 3314 2971 3369 nisi
2998 3324 3245 3377 octavus,
3280 3316 3416 3371 idem
3446 3317 3533 3386 qui
3578 3318 3774 3386 primus

2202 3404 2476 3460 habendus
2514 3406 2635 3459 est?
2661 3404 2776 3475 Ipse
2816 3406 2957 3460 enim
3001 3406 3192 3461 dicitur
3237 3408 3396 3463 etiam
3444 3426 3547 3462 una
3581 3407 3772 3462 sabbati

2200 3494 2392 3562 (Marc.
2424 3510 2512 3549 xvr
2535 3535 2550 3558 ,
2577 3494 2658 3565 2),
2686 3505 2746 3550 ut
2771 3495 2962 3551 deinde
2991 3497 3060 3550 sit
3094 3496 3326 3553 secunda
3348 3539 3361 3560 ,
3391 3499 3544 3552 tertia
3565 3540 3581 3563 ,
3609 3514 3771 3568 quar-

2198 3595 2282 3649 ta,
2313 3595 2369 3641 et
2400 3587 2649 3657 deinceps
2678 3604 2844 3658 usque
2867 3588 2932 3642 ad
2963 3590 3242 3657 septimum
3268 3589 3562 3645 sabbatum.
3592 3592 3635 3647 A
3674 3591 3768 3647 do-

2200 3678 2393 3731 tninieo
2421 3688 2595 3733 autem
2628 3693 2794 3748 usque
2820 3679 2885 3734 ad
2914 3679 3234 3735 dominicum
3265 3692 3481 3736 octavus
3506 3693 3589 3738 est
3615 3683 3764 3739 dies:

2197 3771 2284 3825 ubi
2331 3771 2654 3827 Testamenti
2696 3772 2826 3827 Novi
2868 3774 3123 3828 revelatio
3166 3774 3486 3839 declaratur,
3531 3776 3675 3846 quod
3714 3777 3763 3831 in

2199 3863 2373 3917 Veteri
2403 3872 2650 3933 tanquam
2678 3864 2777 3918 sub
2821 3865 3047 3919 terrenis
3087 3866 3527 3933 promissionibus
3553 3866 3766 3937 tegeba-

2197 3962 2300 4009 tur.
2339 3954 2551 4023 Septem
2582 3969 2736 4023 porro
2764 3964 2819 4010 et
2856 3964 2978 4010 octo
3003 3956 3303 4025 quindecim
3343 3966 3483 4009 sunt.
3517 3957 3619 4011 Tot
3645 3967 3765 4011 sunt

2194 4056 2248 4100 et
2283 4047 2485 4102 cantica
2513 4061 2630 4116 quae
2672 4047 3003 4117 appellantur
3030 4049 3319 4118 graduum,
3349 4051 3596 4117 quoniam
3641 4051 3762 4104 toti-

2193 4137 2313 4191 dem
2360 4136 2569 4192 fuerant
2605 4137 2763 4193 etiam
2805 4139 2981 4208 templi
3020 4139 3232 4208 gradus.
3279 4139 3477 4194 Deinde
3518 4142 3764 4210 etquin-

2192 4229 2546 4296 quageuarius
2572 4244 2822 4285 numerus
2851 4245 3098 4297 maguum
3144 4239 3528 4284 sacramentum
3571 4246 3667 4301 per
3704 4246 3760 4287 se

2190 4320 2343 4389 gerit.
2400 4319 2618 4373 Constat
2660 4319 2799 4373 enim
2855 4320 2922 4375 de
2975 4320 3265 4389 septimana
3312 4320 3751 4389 septimanarutn.

2188 4411 2367 4465 addito
2398 4426 2503 4466 uno
2534 4420 2779 4481 utinquam
2808 4414 2921 4480 ipso
2949 4420 3136 4465 octavo
3160 4411 3226 4465 ad
3256 4408 3757 4482 quiniluagenarium

2190 4521 2466 4560 numerum
2494 4506 2909 4560 terminandum.
2933 4506 3143 4575 Septies
3173 4508 3368 4577 quippe
3396 4518 3601 4575 septem
3628 4522 3755 4575 qua-

2186 4596 2423 4666 draginta
2474 4611 2667 4650 novem
2716 4596 2947 4660 faciunt;
2996 4597 3188 4666 quibus
3233 4613 3370 4651 unus
3422 4597 3655 4663 additur,
3705 4608 3759 4650 ut

2188 4688 2315 4739 [iant
2363 4686 2757 4757 quinquaginta.
2814 4688 2914 4755 Qui
2973 4703 3224 4743 numerus
3282 4689 3759 4758 quinquagenarius

2185 4796 2351 4851 usque
2385 4782 2516 4836 adeo
2546 4798 2750 4853 magna:
2782 4782 3182 4852 signiﬁcationis
3215 4791 3329 4846 est,
3360 4791 3417 4835 ut
3453 4797 3518 4834 ex
3552 4781 3757 4835 Domini

2098 4876 2105 4884 ‘
2184 4874 2572 4928 resurrectione
2601 4881 2677 4927 tot
2720 4873 2908 4927 diebus
2948 4872 3257 4943 completis,
3287 4872 3402 4940 ipso
3430 4872 3754 4940 quinquage-

2185 4966 2333 5019 nario
2374 4966 2460 5021 die
2506 4967 2709 5020 venerit
2753 4980 2913 5033 super
2954 4979 3048 5019 eos
3088 4969 3177 5035 qui
3217 4965 3268 5019 in
3305 4964 3521 5019 Christo
3550 4963 3755 5019 inerant

2180 5060 2485 5128 congregati
2508 5100 2522 5123 ,
2552 5058 2778 5127 Spiritus
2804 5068 3016 5112 sanctus
3044 5058 3177 5130 (Aet.
3204 5074 3271 5123 ιι,
3304 5058 3446 5126 1-4).
3476 5058 3576 5123 Qui
3604 5057 3752 5127 spiri-

2182 5161 2265 5206 tus
2293 5162 2505 5205 sanctus
2530 5152 2582 5206 in
2609 5152 2896 5221 Scripturis
2921 5152 3220 5220 septenario
3244 5151 3508 5220 praecipue
3534 5164 3750 5206 numero

2177 5243 2613 5311 commendatur,
2646 5244 2757 5298 sive
2783 5242 2919 5313 apud
2949 5242 3133 5296 Isaiam
3153 5283 3168 5305 ,
3208 5243 3320 5296 sive
3346 5242 3398 5295 in
3433 5240 3746 5313 Apocalypsi

2178 5335 2358 5406 (Apoc.
2408 5352 2458 5403 I,
2497 5336 2626 5406 9.0);
2669 5337 2755 5392 ubi
2798 5336 3132 5406 apertissime
3170 5344 3373 5405 septem
3401 5335 3635 5405 Spiritus
3663 5335 3748 5387 Det

2174 5426 2540 5497 perhibentur,
2570 5439 2783 5497 propter
2802 5428 3163 5496 operationem
3200 5426 3555 5497 septenariam
3598 5425 3748 5479 unius

2174 5518 2516 5586 ejusdemque
2564 5518 2812 5586 Spiritus.
2852 5517 2982 5585 Quin
3032 5517 3269 5586 operatio
3311 5516 3614 5583 septenaria
3658 5529 3747 5584 per

2175 5609 2360 5663 Isaiam
2394 5608 2704 5677 prophetam
2734 5611 2802 5662 ita
2832 5617 3279 5663 commemoratur
3310 5625 3324 5662 :
3359 5607 3649 5676 Requiescet
3675 5622 3746 5658 su-

2174 5716 2262 5769 per
2288 5696 2399 5752 eum
2426 5698 2648 5769 Spiritus
2683 5699 2812 5763 Dei;
2843 5698 3067 5769 Spiritus
3087 5698 3349 5769 sapientia:
3369 5707 3415 5750 et
3439 5698 3742 5752 intellectus.

2179 5791 2402 5861 Spiritus
2446 5792 2643 5845 consilii
2691 5798 2738 5845 et
2786 5791 3131 5861 fortitudinis,
3179 5789 3407 5860 Spiritus
3443 5789 3664 5844 scientia!
3704 5793 3745 5837 et
