4080 6500
327 363 452 422 1961

324 475 555 538 pietatis,
586 473 811 543 Spiritus
841 471 1034 528 timoris
1066 470 1273 526 Domini
1302 468 1452 536 (Isai.
1475 484 1559 532 XI,
1589 469 1645 529 2,
1677 453 1754 537 5).
1783 465 1900 536 Ipse

317 567 480 622 debet
527 563 746 634 intelligi
788 566 948 619 timor
991 562 1198 617 Domini
1247 570 1458 624 castus,
1491 573 1807 629 permanens
1848 557 1900 610 in

320 656 576 712 saeculum
622 656 804 710 sa-culi
850 653 1020 722 (Psal.
1071 669 1237 717 xvnt,
1266 652 1376 721 l0).
1424 651 1680 705 Servilem
1723 657 1900 702 autem

290 781 298 818 ε
319 748 568 800 timorem
598 751 962 799 consummata
983 743 1214 798 Charitas
1242 742 1382 794 foras
1403 740 1560 794 mittit
1585 738 1625 808 (I
1646 738 1801 791 Jonn.
1825 754 1899 804 tv,

291 823 450 909 1,48);
481 845 534 890 et
559 850 656 890 nos
687 835 881 889 liberos
909 834 1069 898 facit,
1101 849 1170 888 ne
1195 831 1400 886 servilia
1433 846 1592 900 Opera
1625 829 1898 894 faciamus,

293 925 442 996 ique:
472 927 694 982 sabbato
723 924 1090 994 prohibentur.
1123 922 1367 977 Charitas
1393 932 1568 976 autem
1597 921 1686 974 Dei
1714 919 1901 974 uillosa

321 1025 407 1072 est
445 1017 495 1070 in
540 1015 791 1070 cordibus
839 1015 1037 1069 nostris
1079 1029 1172 1083 per
1215 1013 1466 1081 Spiritum
1506 1021 1743 1066 sanctum
1769 1051 1782 1072 ,
1815 1010 1902 1079 qui

323 1108 480 1162 datus
523 1117 604 1162 est
649 1107 802 1160 nobis
843 1103 1020 1175 (Rom.
1065 1119 1121 1170 ν,
1155 1105 1230 1173 5).
1263 1104 1394 1158 Hinc
1430 1118 1642 1172 quoque
1679 1102 1904 1170 Spiritus

323 1209 540 1252 sanctus
560 1198 858 1267 septenario
881 1211 1100 1250 numero
1127 1195 1545 1250 commendatur.
1571 1193 1908 1262 Quinquage-

322 1292 534 1345 narium
558 1307 685 1345 vero
712 1290 868 1344 etiam
901 1289 952 1343 in
979 1287 1326 1358 quadraginta
1353 1298 1407 1340 et
1437 1286 1620 1340 decem
1651 1285 1905 1338 Dominus

316 1383 633 1454 dispertitos
657 1391 757 1436 est.
785 1383 880 1436 Die
919 1383 1112 1451 quippe
1141 1379 1544 1449 quadragesimo
1573 1385 1694 1448 post
1722 1391 1905 1430 resur-

323 1479 615 1530 rectionem
648 1489 797 1528 suam
826 1473 1067 1526 ascendit
1093 1473 1144 1524 in
1166 1471 1358 1526 ctelum
1380 1512 1394 1536 ,
1425 1484 1487 1524 ac
1526 1467 1718 1522 deinde
1757 1481 1906 1520 com-

320 1565 483 1633 pletis
511 1565 696 1619 diebus
737 1565 922 1618 decem
971 1564 1116 1617 misit
1161 1562 1418 1631 Spiritum
1461 1569 1700 1615 sanctum
1734 1577 1748 1612 :
1777 1575 1907 1627 qua-

323 1655 640 1726 dragenario
663 1655 865 1710 scilicet
885 1668 1108 1706 numero
1129 1652 1474 1721 temporalem
1502 1651 1551 1704 in
1580 1650 1680 1704 hoc
1707 1649 1907 1704 mundo

305 1745 771 1801 cohabitationem
809 1742 1209 1798 commendans.
1234 1742 1492 1808 Quoniam
1538 1739 1906 1809 quaternarius

321 1837 384 1890 in
431 1835 776 1905 quadraginta
826 1849 1075 1888 numerus
1121 1833 1398 1902 praevalet;
1453 1841 1681 1902 quatuor
1728 1841 1904 1886 autem

324 1936 509 1994 partes
537 1926 694 1980 habet
721 1926 947 1980 mundus
975 1935 1029 1980 et
1052 1940 1223 1979 anuus
1251 1943 1266 1978 :
1298 1924 1518 1979 denario
1543 1939 1668 1978 vero
1691 1923 1903 1990 addito,

321 2019 475 2075 velut
507 2019 752 2075 mercede
779 2036 874 2089 pro
909 2021 1124 2089 impleta
1159 2021 1272 2090 lege
1311 2019 1463 2074 bonis
1506 2019 1756 2088 cperibns
1785 2017 1908 2072 red-

317 2109 456 2172 dita,
483 2110 593 2180 ipsa
621 2114 888 2165 mternitas
919 2112 1192 2179 ﬁguratur.
1227 2111 1374 2163 Ilunc
1396 2107 1904 2179 quinquagenarium

319 2200 540 2269 triplnm
579 2200 738 2255 habet
761 2201 1084 2255 centesimus
1122 2210 1176 2256 et
1203 2202 1671 2271 quinquagesimtts
1713 2215 1904 2254 nume-

324 2304 455 2354 rus,
491 2299 736 2360 tanquam
773 2305 892 2344 eum
937 2291 1363 2359 multiplicaverit
1401 2290 1630 2344 trinitas.
1661 2287 1816 2344 Unde
1851 2299 1908 2344 et

309 2379 427 2435 liae
451 2395 608 2435 causa
640 2395 746 2434 non
775 2381 1207 2436 ineouven-ienter
1237 2381 1579 2451 intelligimus
1609 2380 1766 2435 istum
1804 2395 1906 2434 nu-

315 2485 530 2536 merum
557 2485 675 2525 esse
716 2471 1072 2526 Psalmorum.
1098 2471 1229 2526 Nam
1263 2483 1318 2527 et
1361 2473 1412 2526 in
1457 2472 1548 2528 illo
1577 2487 1800 2526 numero
1831 2471 1909 2541 pi-

317 2561 494 2616 scium
547 2561 636 2631 qui
687 2563 825 2630 capti
877 2571 1001 2616 sunt
1047 2563 1249 2617 retibus
1299 2571 1420 2632 post
1457 2562 1905 2617 resurrectionem

319 2656 506 2709 missis
525 2697 540 2720 ,
572 2655 638 2710 ad
668 2665 878 2710 centum
907 2657 1282 2725 quinquaginta
1310 2655 1503 2709 additis
1532 2654 1699 2709 tribus
1726 2654 1902 2724 (Joan.

319 2763 422 2804 ut
448 2791 462 2816 ,
489 2748 597 2820 ll),
629 2765 692 2804 ve
718 2760 774 2806 rt
793 2751 1091 2804 admonitio
1117 2750 1324 2804 videtur
1347 2749 1484 2804 facta
1504 2791 1520 2816 ,
1555 2751 1604 2802 in
1627 2759 1756 2818 quot
1781 2763 1906 2817 par-

321 2849 408 2896 tes
452 2842 644 2896 debeat
693 2842 794 2896 iste
845 2857 1096 2895 numerus
1143 2841 1550 2910 dispertiri,.ut
1596 2849 1676 2893 ter
1712 2837 1905 2893 habeat

323 2932 740 3002 quinquagenos.
771 2931 1082 3000 Quanquam
1126 2931 1214 2984 ille
1255 2943 1507 2984 numerus
1546 2929 1767 2998 piscium
1808 2927 1906 2982 ha-

313 3021 448 3077 beat
485 3031 537 3078 et
578 3023 734 3077 aliam
781 3023 1040 3076 rationem
1083 3021 1250 3075 multo
1279 3018 1612 3073 subtiliorem
1639 3019 1902 3085 ctjucun-

311 3113 531 3168 diorem
554 3153 570 3176 ,
599 3111 738 3182 quod
766 3110 950 3166 decem
979 3118 1036 3165 et
1057 3121 1260 3178 septem
1304 3112 1354 3162 in
1397 3109 1661 3177 trigonum
1693 3107 1868 3161 missis
1888 3147 1902 3170 ,

315 3201 376 3258 id
403 3212 522 3268 est,
555 3203 622 3258 ab
651 3218 757 3256 uno
800 3215 971 3271 usque
999 3199 1064 3254 ad
1101 3199 1286 3254 decem
1316 3207 1371 3254 et
1409 3207 1614 3268 septem
1657 3198 1906 3251 omnibus

317 3293 682 3363 computatis,
735 3291 801 3345 ad
849 3290 1094 3344 cmndem
1140 3304 1421 3344 numerum
1470 3287 1794 3357 pervenitur.
1848 3285 1906 3341 ln

319 3385 512 3440 decem
535 3393 710 3438 autem
733 3382 864 3448 Lex,
888 3383 942 3435 in
968 3390 1172 3451 septem
1197 3396 1324 3434 vero
1345 3367 1521 3434 Gratia
1545 3379 1904 3449 signiﬁcatur;

307 3475 450 3548 quia
475 3474 674 3545 Legem
712 3489 820 3529 non
850 3473 1071 3542 implet,
1100 3472 1201 3526 nisi
1224 3471 1452 3526 charitas
1481 3469 1671 3524 diffusa
1697 3471 1752 3524 in
1783 3485 1906 3525 cor-

321 3567 483 3622 dibus
528 3565 724 3618 nostris
753 3579 848 3634 per
876 3562 1130 3632 Spiritum
1170 3569 1446 3628 sanctum,
1477 3561 1567 3632 qui
1603 3562 1908 3631 septenario

323 3651 553 3712 numero
577 3653 920 3724 signilicatur.

396 3749 454 3804 2.
487 3748 636 3815 Quod
661 3762 789 3816 ergo
819 3745 1034 3814 quidam
1065 3744 1082 3776 ⁸
1113 3742 1350 3798 omnium
1387 3742 1722 3797 Psalmorum
1749 3741 1906 3812 quin-

325 3855 434 3910 que
470 3839 636 3894 libros
673 3852 792 3892 esse
819 3835 1198 3901 crediderunt,
1230 3834 1359 3888 illud
1386 3835 1550 3888 secuti
1581 3842 1739 3901 sunt,
1769 3850 1907 3904 quo-

323 3931 432 3986 ties
460 3931 512 3985 in
541 3930 644 3984 ﬁne
669 3927 855 3998 psalmi
885 3926 1082 3981 dictum
1106 3924 1263 3979 fuerit
1281 3966 1296 3991 ,
1327 3924 1482 3988 Fiat,
1507 3927 1596 3994 ﬁat
1615 3925 1783 3996 (Psal.
1811 3941 1906 3994 η,

327 4037 492 4086 uxr,
522 4035 772 4075 axxxvm
793 4060 809 4084 ,
843 4026 888 4072 et
915 4015 1029 4088 cv).
1061 4016 1166 4071 Sed
1197 4015 1354 4085 hujus
1389 4017 1772 4087 dispertitionis
1818 4035 1908 4073 ra—

326 4113 532 4168 tionem
560 4125 681 4166 cum
719 4109 909 4165 vellem
935 4107 1388 4178 comprehendere
1406 4149 1422 4174 ,
1453 4124 1556 4162 non
1583 4109 1719 4163 valui
1743 4125 1758 4164 :
1785 4111 1907 4180 quia

326 4223 433 4263 nec
459 4207 590 4276 ipsae
625 4205 856 4276 quinque
888 4211 1065 4272 partes
1101 4201 1332 4272 mquales
1357 4210 1483 4256 sunt
1519 4201 1658 4257 inter
1683 4216 1771 4268 se,
1808 4203 1909 4258 etsi

307 4289 438 4354 'non
483 4296 761 4366 scriptura:
798 4293 1120 4364 quantitate,
1169 4293 1360 4347 saltem
1407 4293 1736 4348 Psalmorum
1793 4294 1908 4364 ipso

311 4385 575 4452 numero,
607 4396 666 4441 ut
707 4386 946 4440 tricenos
991 4384 1268 4439 haberent.
1299 4383 1366 4438 Et
1407 4385 1451 4438 si
1495 4385 1909 4458 uniuscujusque

329 4481 452 4535 libri
483 4478 604 4532 ﬁnis
626 4487 732 4532 cst.
767 4475 914 4539 Fiat,
944 4475 1068 4544 ﬁat;
1095 4490 1192 4528 cur
1226 4475 1360 4530 liber
1408 4475 1627 4544 quintus
1663 4475 1910 4546 idemque

307 4559 548 4625 ultimus
572 4581 678 4622 non
705 4564 892 4621 eodem
916 4564 1022 4619 ﬁne
1053 4563 1121 4618 sit
1147 4565 1460 4618 terminatus
1479 4604 1494 4628 ,
1521 4565 1714 4620 merito
1739 4566 1908 4636 quaeri

329 4671 528 4734 potest.
548 4661 656 4715 Nos
683 4667 858 4713 autem
897 4657 1184 4728 Scripturae
1228 4657 1498 4713 canonice
1538 4640 1906 4712 auctoritatem

328 4759 649 4824 sequentes,
698 4748 789 4802 ubi
834 4748 1054 4818 legitur,
1099 4747 1359 4816 Scriptum
1396 4757 1468 4800 est
1507 4748 1639 4800 enim
1687 4748 1740 4801 in
1781 4747 1909 4802 libro

329 4846 660 4901 Psalmorum
695 4840 833 4914 (Act.
875 4857 927 4904 ι,
964 4839 1092 4907 20);
1125 4854 1286 4891 unum
1331 4838 1662 4892 Psalmorum
1715 4839 1906 4893 librum

328 4952 450 4992 esse
478 4935 746 4989 novimus.
777 4932 844 4986 Et
869 4929 1023 4985 video
1057 4928 1266 5000 quidem
1293 4929 1559 4998 quomodo
1588 4938 1642 4983 et
1679 4927 1782 4984 hoc
1816 4945 1910 4984 vc-

329 5043 449 5082 rum
493 5025 596 5088 sit,
628 5032 682 5080 et
711 5021 837 5076 illud
864 5022 908 5076 si
933 5035 1118 5076 verum
1153 5029 1268 5084 est,
1293 5019 1418 5075 huic
1455 5035 1582 5074 vero
1629 5035 1734 5074 non
1770 5021 1910 5075 relu-

330 5127 525 5173 ctetur.
555 5115 696 5170 Fieri
736 5114 878 5169 enim
907 5123 1080 5184 potest
1106 5121 1163 5166 ut
1202 5111 1378 5182 aliqua
1404 5111 1785 5166 consuetudine
1825 5112 1912 5166 lit-

331 5217 568 5264 terarum
600 5207 934 5263 hebrtcarum
959 5219 1098 5260 unus
1143 5203 1280 5258 liber
1318 5202 1552 5267 dicatur,
1584 5203 1670 5272 qui
1701 5213 1909 5258 constat

331 5314 398 5354 ex
417 5297 692 5370 pluribus;
732 5297 870 5350 sicut
898 5311 964 5350 ex
993 5293 1248 5350 Ecclesiis
1279 5291 1519 5363 pluribus
1559 5307 1662 5346 una
1702 5301 1912 5348 constat

305 5373 596 5453 Ecclesia,
639 5395 695 5443 et
741 5403 807 5442 ex
847 5386 1082 5456 pluribus
1125 5385 1274 5440 cmlis
1323 5399 1482 5438 unum
1527 5385 1718 5440 etelum
1750 5383 1907 5456 (Non

337 5481 482 5549 enim
510 5480 764 5536 caelorum
793 5476 1006 5545 aliquod
1051 5475 1387 5544 praetermisit
1421 5476 1510 5545 qui
1555 5475 1720 5542 dixit,
1749 5475 1910 5530 Anxi-

339 5573 464 5628 lium
481 5587 642 5626 meum
669 5587 700 5623 a
724 5568 958 5631 Domino,
984 5567 1068 5629 qui
1093 5567 1208 5635 fecit
1236 5567 1412 5620 ratum
1449 5577 1495 5620 et
1532 5577 1718 5620 terram
1737 5565 1905 5639 [Psal.

338 5681 474 5731 cxx,
503 5663 582 5737 2].
606 5663 673 5717 Et
699 5677 820 5716 cum
846 5660 1116 5728 Scriptura
1150 5659 1322 5725 dicat,
1355 5659 1418 5713 Et
1442 5661 1630 5716 vocavit
1659 5659 1794 5716 Deus
1820 5662 1909 5732 ﬁr-

404 5779 424 5809 ι
449 5776 626 5839 Regius
639 5780 741 5822 ius:
760 5770 892 5833 Quod
912 5781 1182 5834 graecorum
1203 5770 1417 5833 quidam.

552 5857 779 5919 Sutor.
811 5859 1085 5917 Auuusr.
1133 5855 1238 5916 ιν.

1431 349 1826 410 ΕΝᾹΒΒ.³.ΤΙΟ
1865 347 1926 403 IN
1965 346 2280 404 PSALMUM
2325 345 2430 404 CL.
2471 419 2476 424 ζ

3451 348 3589 406 ltitia

2005 474 2308 517 mamentnm
2359 463 2576 528 caelum;
2612 470 2668 518 et
2702 476 2879 540 aquas.
2905 475 3026 518 esse
3062 475 3223 533 super
3281 462 3586 521 ﬁrmamen-

2006 561 2115 605 tum
2147 551 2298 622 [Gen.
2331 569 2382 612 ι.
2411 552 2464 616 8,
2497 551 2572 626 η,
2603 552 2705 608 hoc
2733 561 2814 608 est
2841 567 3003 623 super
3027 554 3221 608 ctelum
3249 569 3263 606 :
3296 568 3399 608 non
3429 569 3584 610 men—

2005 642 2134 697 titur
2164 654 2336 698 tamen
2360 647 2544 698 eadem
2575 644 2844 715 Scriptura
2866 643 3077 708 dicens,
3109 644 3176 699 Et
3199 663 3347 717 aqua:
3364 663 3476 716 qua:
3493 664 3585 700 su-

2007 751 2096 804 per
2122 735 2273 788 cwlos
2301 745 2415 788 sunt
2440 777 2454 798 ,
2486 733 2692 788 laudent
2717 751 2896 789 nomen
2924 733 3133 789 Demini
3153 734 3322 808 [PsaL
3347 752 3547 792 cxnvm
3570 779 3586 800 ,

2005 828 2040 880 4
2059 869 2073 890 ,
2097 826 2183 899 5];
2227 827 2348 896 quia
2392 843 2495 881 non
2538 827 2610 881 ait
2634 870 2648 890 ,
2678 843 2838 896 super
2861 828 3075 900 coelum)
3099 871 3114 896 ,
3138 837 3192 883 ct
3219 845 3322 884 una
3353 841 3492 884 terra
3521 846 3588 886 ex

2007 921 2186 974 multis
2215 913 2393 975 terris.
2427 921 2557 974 Nam
2593 928 2646 975 et
2677 920 2858 975 orbem
2889 929 3046 976 terrae
3067 963 3082 987 ,
3115 932 3169 976 et
3195 924 3378 978 orbent
3421 933 3589 978 terra-

2007 1027 2154 1076 rum,
2193 1012 2496 1082 quotidiana
2539 1013 2923 1068 consuetudine
2969 1013 3213 1068 dicimus.
3249 1015 3312 1070 Et
3351 1017 3439 1085 qui
3480 1017 3586 1080 ait,

2010 1103 2267 1162 Scriptum
2298 1107 2444 1159 estin
2472 1105 2598 1158 libro
2631 1105 2984 1174 Psnlntornm,
3017 1123 3316 1177 quanquam
3367 1123 3484 1162 mos
3513 1109 3592 1161 lo-

2009 1197 2204 1265 quendi
2233 1197 2309 1252 sic
2336 1213 2394 1252 se
2421 1196 2614 1251 habeat
2633 1243 2646 1262 ,
2675 1207 2732 1252 nt
2761 1215 2923 1252 unum
2952 1213 3069 1254 esse
3099 1199 3286 1253 librum
3319 1199 3592 1254 insinuare

2011 1285 2244 1340 voluisse
2284 1287 2560 1352 videatur;
2591 1299 2766 1343 tamen
2794 1291 3104 1359 responderi
3147 1299 3355 1360 potest,
3384 1291 3434 1343 in
3464 1291 3590 1344 libro

2011 1373 2334 1429 Psalmorum
2362 1393 2480 1430 esse
2502 1379 2702 1432 dictum
2728 1422 2743 1444 ,
2775 1380 2829 1433 In
2863 1380 3038 1450 aliquo
3066 1381 3202 1435 libro
3227 1397 3408 1435 eorum
3445 1382 3594 1451 quin-

2011 1481 2114 1535 que
2144 1483 2156 1517 :
2188 1467 2328 1538 quml
2361 1469 2410 1520 in
2439 1483 2536 1522 usu
2569 1469 2849 1524 locutionis
2878 1487 3046 1541 usque
3072 1473 3204 1527 adeo
3229 1471 3312 1526 vel
3343 1488 3446 1526 non
3477 1485 3589 1539 est,

2009 1559 2092 1611 vel
2124 1573 2246 1612 raro
2272 1568 2352 1614 est
2378 1601 2392 1625 ,
2423 1567 2482 1612 ut
2508 1560 2664 1613 etiam
2695 1561 2972 1616 duodecim
3003 1563 3384 1635 Prophetarum
3427 1581 3591 1619 unum

2012 1648 2204 1703 librum
2230 1663 2350 1704 esse
2378 1649 2496 1705 ideo
2527 1651 2929 1720 persuadeatur,
2958 1654 3078 1723 quia
3105 1657 3348 1724 similiter
3375 1657 3588 1727 legitur,

2013 1741 2156 1795 Sicut
2179 1743 2421 1811 scriptum
2449 1751 2522 1796 est
2542 1745 2594 1796 in
2624 1742 2750 1795 libro
2772 1741 3144 1813 Prophetarum
3167 1745 3302 1817 (Act.
3335 1763 3406 1801 vn
3431 1790 3445 1814 ,
3476 1747 3590 1818 42).

2011 1832 2147 1887 Sunt
2171 1833 2330 1888 etiam
2361 1834 2450 1904 qui
2481 1836 2762 1888 universas
2791 1837 3007 1891 omnino
3037 1839 3336 1906 Scripturas
3371 1843 3593 1896 canoni-

2010 1939 2102 1980 cas
2147 1941 2306 1978 unum
2357 1925 2545 1980 librum
2595 1937 2825 1993 vocent,
2875 1928 3015 1997 quod
3063 1929 3217 1982 valde
3271 1931 3496 1984 mirabili
3540 1941 3595 1986 et

2012 2015 2186 2069 divina
2229 2017 2430 2069 unitate
2463 2017 2786 2070 concordent
2818 2035 2832 2071 ε
2863 2027 2916 2072 et
2943 2019 3064 2073 hinc
3102 2034 3220 2074 csse
3247 2020 3442 2075 dictum
3471 2061 3484 2082 ,
3527 2021 3593 2074 In

2013 2107 2178 2176 capite
2205 2107 2321 2160 libri
2353 2107 2593 2176 scriptum
2621 2116 2692 2160 est
2719 2108 2781 2160 de
2819 2125 2928 2172 me,
2972 2117 3027 2160 ut
3065 2110 3251 2179 facimn
3286 2111 3596 2165 voluntatem.

1995 2205 2185 2262 tuam;
2223 2207 2283 2251 ut
2329 2197 2406 2252 sic
2454 2197 2779 2268 intelligatur
2823 2214 2916 2266 per
2957 2199 3148 2253 Filium
3193 2201 3353 2254 Pater
3401 2200 3602 2259 fecisse

2013 2287 2306 2353 mundum,
2353 2289 2505 2356 cujus
2548 2289 2782 2342 conditio
2825 2289 3141 2360 principium
3198 2291 3592 2360 Scripturarum

2012 2385 2095 2431 est
2127 2378 2178 2431 in
2211 2377 2346 2431 libro
2369 2377 2658 2432 Geneseos.
2693 2377 2789 2432 Vel
2819 2380 2986 2447 magis
3030 2381 3150 2450 quia
3201 2382 3476 2451 prophetia
3515 2385 3597 2438 vi-

2012 2469 2168 2524 detur
2195 2485 2341 2536 esse,
2373 2486 2476 2524 non
2527 2470 2663 2524 facta
2710 2487 2931 2525 narrans
2955 2513 2969 2538 ,
2997 2473 3089 2526 sed
3137 2473 3310 2529 littora
3355 2489 3596 2544 pruinam

2013 2560 2149 2615 tians
2181 2560 2307 2630 (non
2331 2559 2471 2615 enim
2511 2561 2618 2624 ait,
2657 2562 2798 2632 quod
2833 2561 3088 2628 fecerim;
3137 2563 3262 2629 sed,
3291 2576 3344 2616 nt
3370 2565 3555 2635 faciam
3575 2607 3592 2632 ,

2012 2655 2124 2708 sive
2143 2693 2156 2716 ,
2189 2663 2242 2706 ut
2271 2657 2487 2724 facerem
2511 2654 2816 2708 uoluntatem
2844 2655 3035 2724 tuam);
3061 2655 3129 2710 ad
3155 2657 3283 2710 illud
3310 2656 3428 2712 lucc
3465 2673 3595 2714 sen-

2013 2745 2176 2798 tentia
2205 2744 2480 2800 rel‘erenda
2508 2755 2609 2808 est,
2639 2745 2776 2814 quod
2807 2747 2857 2799 in
2891 2748 3073 2816 primis
3097 2748 3335 2817 partibus
3355 2749 3594 2816 ejusdem

2012 2835 2131 2890 libri
2161 2837 2416 2905 scriptum
2453 2845 2569 2902 est,
2598 2835 2764 2890 Erunt
2801 2839 2902 2891 duo
2929 2839 2981 2892 in
3017 2855 3166 2893 carne
3194 2855 3295 2893 una
3323 2839 3471 2910 (Gen.
3519 2857 3594 2905 tt.

1995 2925 2123 2997 '24).
2151 2925 2300 2993 Quod
2340 2937 2727 2982 sacramentum
2751 2943 2997 2998 maguum
3035 2929 3166 2984 dicit
3191 2931 3507 3000 Apostolus,
3541 2933 3594 2988 iu

2009 3017 2224 3072 Christo
2248 3026 2301 3072 ct
2327 3018 2378 3070 in
2409 3018 2644 3072 Ecclesia
2677 3015 2891 3091 (Epltes.
2922 3035 2976 3084 at,
3005 3021 3094 3084 51,
3125 3019 3238 3095 5‘2).
3276 3022 3594 3093 Quanquam

2011 3120 2066 3164 et
2103 3110 2200 3164 iste
2231 3109 2562 3165 Psalmorum
2587 3109 2721 3165 liber
2751 3119 2922 3179 potest
2965 3112 3184 3184 intelligi
3222 3113 3545 3184 signiﬁcatus
3573 3156 3591 3182 ,

2013 3200 2100 3254 ubi
2127 3199 2324 3255 dictum
2355 3209 2473 3267 est,
2507 3199 2574 3254 In
2600 3203 2766 3272 capite
2787 3203 2902 3256 libri
2929 3204 3172 3273 scriptum
3198 3213 3272 3258 est
3299 3205 3364 3259 de
3397 3223 3510 3272 me,
3539 3216 3596 3260 ut

2013 3291 2199 3360 faciam
2237 3290 2547 3344 voluntatem
2587 3299 2723 3345 tuam
2747 3308 2766 3346 :
2785 3293 3024 3362 sequitur
3049 3296 3190 3349 enim
3210 3334 3226 3360 ,
3253 3293 3391 3349 Deus
3419 3313 3559 3351 meus
3577 3339 3594 3362 ,

2012 3380 2148 3433 volui
2167 3421 2180 3444 ,
2229 3389 2276 3433 et
2319 3381 2478 3452 legem
2524 3390 2660 3436 tuam
2706 3383 2759 3436 in
2807 3382 2971 3438 medio
3015 3385 3183 3439 cordis
3229 3386 3346 3441 mei.
3374 3386 3451 3442 De
3475 3388 3614 3458 ipso~

2013 3473 2207 3542 quippe
2227 3475 2484 3544 accipitur
2503 3474 2847 3544 prOphetatus
2865 3475 2915 3530 in
2936 3476 3106 3546 capite
3135 3477 3256 3532 libri
3276 3476 3434 3546 hujus
3459 3459 3598 3548 psal-

2014 3579 2132 3618 mus
2161 3565 2275 3634 ipse
2303 3565 2533 3636 primus,
2564 3565 2750 3621 Beatus
2777 3568 2853 3622 uir
2875 3569 2964 3639 qui
2995 3585 3098 3623 non
3141 3570 3264 3623 abiit
3295 3571 3348 3624 in
3382 3573 3592 3628 consilio

2012 3653 2285 3724 impiorum
2308 3699 2323 3723 ,
2351 3667 2396 3711 et
2422 3659 2474 3711 in
2498 3657 2578 3712 uia
2599 3669 2918 3728 peccatorum
2942 3677 3042 3715 non
3066 3663 3234 3726 stetit,
3265 3672 3310 3717 et
3338 3664 3390 3718 in
3415 3669 3588 3719 cathe-

2013 3747 2108 3800 dra
2138 3748 2527 3817 pestilentiarum
2557 3766 2657 3802 non
2683 3749 2845 3803 sedit:
2863 3750 2954 3804 sed
2975 3751 3027 3804 in
3048 3751 3156 3824 lege
3181 3751 3386 3806 Domini
3409 3756 3590 3808 volun—

2014 3847 2092 3892 tns
2120 3839 2228 3908 ejus
2245 3880 2258 3904 ,
2290 3849 2334 3892 et
2363 3840 2416 3892 in
2441 3840 2549 3910 lege
2571 3841 2682 3910 ejus
2708 3841 3030 3894 meditabitur
3065 3841 3146 3897 die
3171 3859 3231 3896 ac
3257 3855 3402 3899 nocte
3421 3846 3590 3918 (Psal.

2014 3943 2071 3993 ι,
2101 3929 2155 3994 1,
2182 3929 2242 3998 2)
2267 3947 2280 3982 :
2307 3939 2363 3984 ut
2390 3931 2488 3984 hoc
2517 3931 2586 3985 sit
2612 3931 2753 4000 quod
2779 3931 2977 3986 dictum
3001 3943 3112 3998 est,
3142 3931 3281 3990 Deus
3306 3953 3471 4010 metu,
3499 3955 3594 3993 uo-

2015 4021 2120 4088 lui,
2144 4031 2192 4076 et
2217 4023 2374 4094 legem
2415 4031 2552 4075 tuam
2580 4023 2634 4076 in
2658 4023 2820 4077 medio
2854 4023 3020 4079 cordis
3061 4026 3178 4079 mei.
3217 4025 3370 4094 Quod
3410 4039 3591 4086 autem

1993 4112 2272 4182 sequitur,
2305 4111 2659 4182 Evangelimui
2685 4113 2940 4184 justitiam
2966 4125 3104 4168 tuam
3131 4115 3188 4169 in
3219 4115 3445 4174 Ecclesia
3478 4138 3594 4175 ma-

2013 4221 2114 4274 gna
2144 4203 2317 4274 (Psal.
2367 4219 2578 4268 χχχιι,
2610 4202 2800 4274 8-10);
2829 4206 3206 4276 congruentius
3245 4208 3312 4264 ad
3339 4208 3468 4265 illud
3507 4229 3594 4268 re-

1987 4297 1990 4302 ’
2013 4295 2201 4360 fertur,
2234 4295 2302 4348 Et
2330 4305 2476 4350 erunt
2505 4295 2606 4349 duo
2629 4297 2682 4350 in
2707 4313 2858 4350 carne
2877 4313 2998 4351 una.

2085 4387 2140 4443 5.
2164 4387 2292 4443 Sive
2312 4388 2600 4458 ergoillud,
2623 4390 2735 4443 sive
2753 4387 2859 4444 hoc
2888 4389 3212 4462 intelligatur
3225 4394 3366 4464 quod
3387 4395 3588 4454 dictum

2015 4487 2131 4546 cst,
2158 4477 2225 4532 In
2251 4479 2413 4550 capite
2433 4480 2588 4544 libri;
2615 4480 2752 4535 liber
2777 4480 2876 4536 iste
2909 4481 3242 4538 Psalmorum
3287 4501 3384 4556 per
3432 4491 3593 4559 quin-

1985 4561 2312 4643 'quagenos,
2366 4570 2413 4624 si
2467 4585 2564 4642 per
2611 4571 2754 4640 ipsos
2803 4573 3286 4644 quinquagenarias
3335 4578 3594 4634 articulus

2013 4659 2390 4732 interrogetur,
2418 4676 2669 4744 magnum
2697 4663 2893 4734 aliquid
2950 4673 3005 4718 et
3028 4665 3184 4721 valde
3211 4666 3430 4738 dignum
3460 4684 3589 4725 con-

2015 4755 2340 4812 sideratione
2365 4756 2671 4824 respondet.
2695 4756 2812 4810 Non
2838 4758 2980 4812 enim
3009 4758 3201 4813 frustm
3227 4760 3354 4814 mihi
3382 4761 3593 4817 videtur

2013 4845 2482 4916 quinquagesimus
2519 4861 2638 4900 esse
2676 4846 2743 4901 de
2788 4848 3133 4916 ptenitentia,
3159 4851 3482 4906 centesimus
3522 4853 3592 4908 de

2015 4935 2382 4989 misericordia
2412 4945 2466 4989 et
2488 4937 2689 5005 judicio
2709 4979 2723 5000 ,
2749 4937 3075 4993 centesimus
3114 4939 3587 5011 quinquagesimus

2013 5023 2082 5080 de
2109 5025 2266 5080 laude
2287 5026 2380 5080 Dei
2403 5025 2455 5079 in
2482 5030 2680 5082 sanctis
2708 5028 2843 5098 ejus.
2891 5029 2980 5084 Sic
3036 5030 3177 5084 enim
3221 5029 3290 5086 ad
3336 5041 3588 5090 aeternam

2014 5113 2330 5186 beatamque
2354 5117 2622 5173 tendimus
2645 5119 2805 5173 vitam
2828 5159 2842 5184 ,
2875 5119 3118 5189 primitus
3149 5133 3362 5192 peccata
3407 5138 3588 5182 nostra

2014 5205 2316 5262 damnando
2337 5250 2353 5276 ,
2381 5208 2574 5264 deinde
2595 5210 2732 5264 bene
2757 5209 2988 5266 vivendo
3007 5253 3022 5278 ,
3049 5223 3105 5266 ut
3131 5221 3252 5282 post
3267 5215 3592 5272 condemna-

2017 5305 2123 5353 tam
2148 5300 2306 5358 vitam
2339 5301 2532 5356 malam
2551 5308 2861 5372 gestamque
2885 5302 3414 5370 bonam,mereamur
3436 5318 3594 5363 aeter-

2013 5406 2160 5446 nam.
2186 5391 2490 5447 Secundum
2517 5395 2844 5464 propositum
2877 5394 3018 5449 enim
3050 5397 3420 5452 occultissimas
3438 5399 3592 5466 justi-

2017 5485 2102 5538 tias
2125 5485 2476 5554 honitatisque
2503 5499 2612 5539 sua:
2641 5485 2804 5551 Deus,
2826 5502 2950 5556 quos
2977 5487 3367 5556 praedestinavit,
3401 5489 3518 5544 illos
3545 5501 3594 5545 et

2015 5579 2204 5633 vocavit
2225 5593 2243 5642 ,'
2265 5587 2310 5632 et
2329 5593 2452 5648 quos
2473 5579 2664 5633 vocavit
2678 5619 2691 5642 ,
2711 5579 2848 5647 ipsos
2867 5588 2914 5634 et
2925 5579 3228 5650 justiﬁeanit
3245 5597 3264 5644 ;
3283 5597 3407 5650 quos
3423 5595 3591 5637 autem

2016 5669 2327 5736 iustiﬁcavit,
2373 5669 2511 5736 ipsos
2535 5679 2580 5723 et
2614 5670 2912 5740 gloriﬁcavit
2959 5669 3136 5740 (Rom.
3169 5687 3277 5738 vui,
3305 5673 3420 5744 50).
3453 5675 3586 5730 Pran-

2021 5760 2308 5816 dcstinatio
2358 5770 2536 5815 nostra
2593 5775 2696 5814 non
2739 5761 2789 5814 in
2850 5761 3001 5816 nobis
3043 5762 3180 5816 facta
3242 5774 3356 5828 est,
3401 5766 3495 5820 sed
3541 5767 3596 5826 in

2749 5903 2762 5932 .
2784 5856 3368 5927 Seixante—acux.)
