4038 6458
546 372 686 430 1965

540 488 751 546 occulto
795 488 931 557 apud
978 488 1149 557 ipsum
1171 529 1186 554 ,
1217 488 1268 546 ln
1306 490 1420 559 ejus
1463 492 1814 561 praescientia.
1845 494 1967 551 Tria
1991 512 2117 551 vero

542 580 745 650 reliqua
795 581 847 633 in
903 580 1056 635 nobis
1101 581 1265 646 liunt,
1296 583 1524 649 vocatio,
1553 583 1881 652 justiticatio,
1923 588 2123 656 gloriﬁ-

555 674 696 733 tatio.
731 671 994 727 Vocamur
1020 673 1406 742 prtedicationc
1452 676 1778 744 ptenitentia:
1804 695 1817 731 :
1848 678 1926 732 sic
1976 679 2116 732 enim

548 766 699 837 tmpit
729 766 979 820 Dominus
1010 766 1403 837 evangelizare,
1431 769 1575 838 Agite
1622 770 1960 839 paenitentiam
1981 789 1999 835 ;
2022 788 2119 841 yp-

541 858 899 929 prOpinquavit
944 859 1076 912 enim
1118 876 1326 929 regnum
1362 861 1604 915 caelorum
1626 861 1835 930 (Matth.
1870 879 1946 927 ιιι,
1974 864 2009 917 2
2032 882 2046 930 ;
2071 874 2117 917 et

544 965 614 1013 tv,
642 951 753 1019 t7).
783 948 1146 1005 Justiticamur
1193 950 1245 1004 in
1297 952 1578 1007 vocatione
1620 954 2019 1017 misericordiae,
2062 964 2117 1009 et

536 1041 724 1094 timore
745 1040 929 1109 jutlicii
954 1058 967 1093 :
990 1040 1113 1095 hinc
1134 1048 1219 1096 est
1238 1041 1377 1112 quod
1395 1041 1612 1111 dicitur,
1645 1042 1803 1108 Deus,
1836 1044 1888 1098 in
1915 1046 2117 1098 nomine

537 1146 620 1186 tuo
642 1132 839 1186 salvum
861 1148 939 1185 me
968 1135 1070 1203 fac,
1116 1141 1164 1187 et
1190 1133 1242 1187 in
1268 1134 1448 1187 virtute
1476 1143 1564 1187 tua
1582 1135 1764 1206 judico
1796 1151 1874 1189 me
1924 1134 2109 1207 (Psal.

533 1239 641 1283 uti,
664 1224 740 1293 '5).
769 1222 883 1277 Non
915 1224 1325 1294 timetjudicari,
1349 1227 1437 1295 qui
1470 1226 1973 1296 impetraveritante
1999 1229 2110 1281 sal-

528 1314 662 1369 vari.
691 1314 895 1381 Vocati,
922 1317 1289 1371 renuntiamus
1314 1316 1529 1372 diabolo
1575 1333 1669 1387 per
1718 1319 2107 1387 paenitentiam,

529 1421 597 1461 ne
635 1407 734 1462 sub
783 1406 912 1477 jngo
938 1407 1053 1476 ejus
1080 1423 1488 1463 remaneamus:
1514 1409 1815 1479 justificati,
1856 1426 2108 1465 sanamur

529 1513 624 1566 per
643 1498 1059 1554 misericordiam
1087 1514 1153 1553 ne
1168 1498 1425 1568 judicium
1464 1498 1777 1553 timeamus:
1805 1500 2102 1570 gloriﬁcati,

528 1590 815 1645 transimus
839 1590 889 1643 in
910 1592 1068 1644 vitam
1096 1599 1376 1656 cateruam,
1406 1589 1493 1644 ubi
1530 1590 1696 1645 Deum
1718 1590 1835 1645 sine
1862 1591 1965 1645 line
1992 1592 2108 1646 lau-

526 1685 733 1739 damus.
763 1685 844 1740 Ad
867 1685 967 1740 hoc
994 1687 1259 1755 pertinere
1288 1686 1518 1740 arbitror
1541 1686 1680 1756 quod
1703 1687 1957 1741 Dominus
1984 1689 2060 1742 ait
2088 1705 2102 1742 :

525 1773 659 1830 Ecce
680 1776 826 1846 ejicio
846 1777 1113 1841 daemonia,
1142 1787 1190 1832 et
1208 1778 1447 1831 sanitates
1479 1779 1688 1847 per/icio
1710 1779 1859 1833 hodie
1882 1789 1930 1833 et
1969 1795 2103 1845 cras,

527 1878 574 1922 et
620 1870 767 1923 tertia
793 1870 809 1901 ί
837 1885 1156 1925 consummor
1177 1869 1328 1939 (Luc.
1360 1886 1472 1936 xm,
1500 1870 1616 1941 32).
1646 1869 1799 1936 Quod
1846 1871 2005 1925 etiam
2052 1872 2103 1925 in

527 1959 701 2015 triduo
725 1977 836 2015 suae
856 1962 1117 2031 passionis
1136 1972 1192 2017 et
1233 1962 1570 2017 dormitionis
1624 1976 1679 2017 et
1746 1962 2103 2031 evigilationis

523 2053 775 2109 ostendit.
802 2054 1099 2109 Crucilixus
1124 2063 1207 2108 est
1235 2053 1376 2109 enim
1396 2094 1413 2120 ,
1441 2062 1495 2109 et
1522 2054 1781 2123 sepultus,
1835 2062 1890 2108 et
1921 2069 2100 2109 resur-

524 2147 679 2201 rexit.
706 2144 759 2200 In
791 2161 952 2201 cruce
992 2146 1059 2201 de
1088 2146 1419 2216 principibus
1444 2154 1500 2201 et
1530 2146 1882 2216 potestatibus
1909 2145 2100 2199 trium-

523 2235 702 2305 phavit
730 2277 745 2301 ,
800 2237 854 2291 in
907 2237 1154 2306 sepulcro
1214 2238 1498 2307 requievit,
1578 2238 1629 2291 in
1708 2238 2101 2293 resurrectione

522 2326 823 2382 exsultavit.
856 2325 1177 2381 Pmnitentia
1226 2326 1447 2393 cruciat,
1496 2326 1701 2396 justitia
1756 2327 2096 2395 tranquillat,

518 2416 626 2471 vita
656 2426 857 2472 :eterna
896 2416 1178 2487 gloriﬁcat.
1212 2416 1546 2472 Pmnitentia:
1587 2432 1691 2471 vox
1719 2424 1833 2471 est:
1860 2416 2099 2471 Miserere

518 2508 635 2573 mei,
670 2508 826 2574 Deus,
849 2508 1123 2562 secundum
1144 2524 1381 2579 magnam
1403 2508 1798 2563 misericordiam
1832 2517 2011 2573 tuam;
2049 2514 2097 2561 et

516 2599 788 2654 secundum
863 2596 1234 2654 multitudinem
1302 2598 1681 2653 miserationum
1723 2608 1926 2652 tuarum
1987 2599 2098 2654 dele

515 2691 825 2761 iniquitatem
842 2708 1022 2746 meam.
1050 2691 1174 2746 llzec
1193 2689 1347 2744 offert
1364 2690 1683 2745 sacriﬁcium
1715 2690 1824 2745 Deo
1850 2691 2093 2760 spiritum

514 2780 949 2847 contribulatum,
977 2796 1073 2836 cor
1105 2782 1391 2835 contritum
1432 2789 1487 2835 et
1517 2780 1849 2835 ltumiliatum
1901 2779 2091 2853 (Psal.

504 2886 563 2932 ιι..
591 2871 787 2940 5,19).
813 2871 1039 2926 Justitia:
1091 2870 1289 2925 Christi
1343 2886 1446 2925 vox
1503 2879 1586 2925 est
1630 2873 1681 2925 in
1722 2871 1906 2925 electis
1946 2873 2091 2927 suis:

512 2959 917 3015 Misericordiam
931 2970 977 3014 et
998 2961 1249 3030 judicium
1278 2959 1491 3013 cantabo
1515 2959 1624 3027 tibi,
1650 2959 1869 3014 Domine
1892 2977 1910 3023 ;
1954 2962 2092 3029 psal-

492 3053 635 3127 lam,
665 3062 710 3104 et
727 3052 1006 3122 intelligam
1032 3053 1085 3106 in
1111 3053 1193 3106 via
1211 3051 1557 3118 immaculata,
1588 3051 1793 3121 quando
1834 3052 1999 3106 uenies
2023 3052 2092 3106 ad

510 3156 606 3194 me.
627 3142 728 3196 Per
751 3142 1167 3197 misericordiam
1196 3141 1393 3211 quippe
1420 3141 1743 3210 adjuvamur
1770 3140 1836 3195 ad
1888 3140 2090 3196 facien-

507 3230 629 3285 dam
652 3230 933 3301 justitiam,
965 3242 1021 3286 ut
1043 3232 1215 3286 securi
1246 3231 1313 3285 ad
1338 3231 1598 3300 judicium
1644 3231 1961 3297 veniamus;
1991 3232 2082 3287 ubi

486 3322 883 3393 rdispcrduntur
911 3324 973 3376 de
998 3324 1195 3377 civitate
1225 3322 1437 3376 Domini
1465 3339 1637 3376 ontnes
1678 3323 1765 3392 qui
1814 3332 2090 3392 aperantur

484 3412 815 3481 iniquitatem
840 3410 1010 3483 (Psal.
1031 3428 1082 3476 c,
1117 3413 1167 3477 1,
1194 3412 1249 3475 2,
1276 3410 1354 3484 8).
1378 3412 1494 3481 Quo
1520 3427 1682 3468 versu
1703 3412 1941 3483 psalmus
1985 3414 2087 3469 iste

511 3504 866 3569 concluditur,
896 3506 1040 3558 vitaz’
1072 3513 1285 3559 aeterna:
1312 3520 1413 3558 vox
1433 3512 1536 3559 est.

575 3596 629 3659 4.
663 3593 809 3667 [vers.
840 3596 887 3659 ι,
916 3594 997 3665 2.]
1026 3594 1257 3647 Laudate
1289 3594 1557 3647 Dominum
1598 3594 1651 3648 in
1701 3596 1889 3649 sanctis
1936 3596 2085 3666 ejus:

506 3687 686 3756 utique
703 3686 753 3740 in
777 3686 855 3741 eis
875 3700 1009 3754 quos
1035 3685 1373 3755 gloriﬁcavit.
1397 3683 1627 3740 Laudate
1657 3702 1770 3740 eum
1818 3688 1872 3741 in
1899 3687 2079 3757 ﬁrma-

488 3786 670 3851 mento
710 3777 905 3830 virtutis
937 3776 1067 3848 ejus.
1115 3773 1346 3829 Laudate
1392 3792 1508 3833 eum
1548 3776 1601 3829 in
1630 3776 1897 3831 uirtutibus
1937 3778 2083 3846 ejus;

504 3867 610 3932 vel,
640 3876 695 3919 ut
714 3867 801 3920 alii
825 3866 1152 3936 interpretati
1174 3873 1331 3932 sunt,
1354 3866 1407 3919 in
1430 3867 1763 3936 potentatibus
1783 3868 1913 3936 ejus.
1940 3867 2082 3921 Latt-

478 3960 622 4012 rdate
660 3975 773 4012 eum
810 3959 1086 4012 secundum
1132 3957 1504 4012 multitudinent
1546 3958 1908 4028 magnitudinis
1950 3960 2081 4030 ejus.

503 4053 691 4107 Omnia
721 4054 819 4106 ista
847 4051 947 4123 ipsi
975 4060 1099 4106 sunt
1126 4051 1293 4105 sancti
1317 4050 1457 4120 ejus;
1484 4049 1752 4120 quomodo
1773 4049 1904 4105 dicit
1933 4052 2082 4120 Apo-

438 4202 448 4217 λ
507 4144 710 4199 stolus:
742 4142 809 4197 Ut
832 4158 924 4196 nos
947 4142 1105 4196 simus
1131 4141 1321 4207 justitia
1340 4139 1437 4194 Dei
1464 4141 1518 4193 in
1546 4140 1658 4209 ipso
1685 4140 1749 4210 (ll
1768 4138 2080 4210 Cor.v,21).

502 4236 558 4289 Si
585 4248 711 4304 ergo
733 4232 936 4303 justitia
972 4233 1063 4287 Dei
1096 4247 1254 4300 quam
1279 4229 1403 4286 fecit
1430 4232 1481 4286 in
1504 4231 1603 4295 eis,
1632 4246 1731 4286 cur
1763 4246 1866 4286 non
1898 4240 1951 4287 et
1978 4233 2085 4286 vir-

505 4337 593 4381 tns
618 4325 714 4380 Dei
735 4338 893 4395 quam
940 4322 1132 4379 lecitin
1161 4323 1261 4388 eis,
1302 4330 1359 4399 ut
1384 4329 1725 4392 resurgerem
1760 4337 1791 4376 a
1820 4323 2082 4378 mortuis?

501 4419 631 4473 Nam
661 4424 716 4472 et
739 4403 789 4471 in
820 4415 1017 4471 Christi
1046 4415 1436 4472 resurrectione
1464 4415 1631 4470 virtus
1656 4414 1890 4470 maxime
1927 4428 2081 4470 com~

478 4508 966 4576 ~mendatur;quia
1016 4508 1067 4561 in
1117 4506 1366 4576 passione
1394 4505 1671 4561 infirmitas
1712 4505 2081 4572 fuit,dicente

501 4600 779 4669 Apostolo,
814 4598 925 4653 Etsi
966 4599 1240 4667 cruci/imus
1287 4607 1359 4652 est
1402 4614 1467 4653 ea:
1505 4599 1821 4666 inﬁrmitate,
1848 4600 1936 4653 sed
1964 4601 2081 4653 vivit

502 4709 564 4747 ea:
591 4692 771 4746 virtute
806 4688 903 4744 Dei
934 4687 1061 4760 (Id.
1092 4704 1211 4754 xm,
1234 4688 1292 4757 4)
1319 4707 1332 4741 :
1364 4697 1418 4743 et
1461 4689 1565 4742 alio
1594 4689 1734 4751 loco,
1768 4687 1846 4742 Ad
1893 4705 2079 4759 cogno-

500 4784 760 4850 scendum,
792 4783 981 4853 tuquit,
1011 4798 1145 4847 eum,
1176 4790 1222 4834 et
1261 4782 1494 4835 virtutem
1548 4782 1924 4835 resurrectionis
1971 4784 2079 4855 ejus

505 4874 759 4947 (Philipp.
784 4891 861 4939 ιιι,
890 4874 999 4946 l0).
1032 4874 1245 4945 Optime
1289 4881 1465 4927 autem
1514 4874 1608 4937 ait,
1643 4872 1709 4927 In
1762 4874 2078 4941 ﬁrmamento

501 4966 698 5019 virtutis
742 4966 870 5035 ejus.
902 4965 1320 5019 Firmamentum
1366 4973 1447 5018 est
1492 4964 1636 5019 enim
1689 4964 1919 5030 virtutis,
1950 4966 2076 5035 quia

496 5058 607 5127 jam
630 5073 734 5111 non
767 5057 1043 5124 morietur,
1074 5066 1129 5111 et
1158 5070 1302 5110 mors
1323 5055 1397 5110 ei’
1428 5054 1564 5108 ultra
1594 5069 1700 5110 non
1717 5055 2080 5110 dominabitur

501 5149 679 5216 (Hom.
707 5165 782 5213 γι,
804 5148 883 5219 9).
917 5149 1023 5203 Cur
1068 5164 1171 5202 non
1213 5157 1267 5202 et
1312 5154 1615 5217 potentatus
1672 5147 1765 5202 Dei
1811 5146 2075 5213 dicantur,

501 5254 637 5310 quos
663 5238 715 5293 in
737 5240 814 5293 eis
833 5237 994 5293 fecit?
1039 5237 1148 5292 lino
1173 5237 1271 5306 ipsi
1309 5237 1416 5291 sint
1442 5245 1747 5305 potentatus
1776 5237 1925 5305 ejus;
1949 5251 2080 5306 quo.

502 5328 662 5384 modo
699 5329 897 5383 dictum
930 5337 1032 5392 est,
1069 5326 1179 5381 Nos
1225 5341 1408 5382 sumus
1445 5327 1649 5399 justitia
1704 5325 1796 5379 Dei
1840 5326 1893 5379 in
1946 5327 2077 5395 ipso.

502 5419 642 5488 Quid
693 5421 838 5476 enim
887 5420 1374 5490 potentius,quam
1423 5432 1647 5488 regnare
1691 5417 1742 5471 in
1782 5426 2076 5485 aeternum,

570 5584 584 5612 ι
607 5579 742 5652 laid,
766 5577 907 5652 tertia
928 5578 1023 5630 die.
1042 5579 1204 5637 Abest,
1221 5575 1318 5636 die,
1335 5589 1361 5625 a
1384 5577 1649 5639 potioribus
1673 5583 1776 5625 Mss.
1797 5581 1849 5625 et
1869 5588 1896 5625 a
1920 5588 2081 5639 grch

505 5650 646 5692 textu
670 5641 929 5703 Evangelii.

571 5709 589 5736 ²
615 5703 747 5763 Edd.,
770 5702 965 5760 et'vitte,
1004 5709 1097 5751 etc.
1138 5699 1387 5759 t‘articula,
1421 5704 1485 5758 et,
1522 5698 1776 5757 redundat,
1812 5711 1905 5748 nec
1935 5705 2011 5747 est
2032 5712 2079 5749 tu

484 5773 811 5889 ⁷
828 5831 955 5885 uss,
979 5837 1071 5874 non
1086 5830 1363 5884 morientur,
1388 5828 1433 5872 et
1456 5834 1582 5873 mors
1602 5821 1670 5874 eis
1688 5830 1832 5881 intra,
1858 5829 1954 5874 etc.

1777 382 1836 439 3.
1878 383 2241 441 AUCUSTINI
2281 386 2577 448 EPISCOPI

3670 418 3696 471 .4
3707 420 3806 479 963

2228 501 2329 602 sub
2354 503 2575 602 pedibus
2602 508 2789 579 positis
2832 513 3087 573 omnibus
3110 516 3372 577 inimicis?
3395 522 3503 580 Cur
3556 543 3661 583 non
3708 534 3803 602 ipsi

2226 596 2332 698 sint
2359 598 2517 653 etiam
2559 602 2838 661 multitudo
2882 611 3258 679 magnitudinis
3301 617 3455 685 ejus?
3497 620 3612 677 Non
3647 596 3748 693 qua
3783 629 3800 660 ⁸

2229 703 2342 755 Ipse
2369 705 2589 761 magnus
2612 706 2697 749 est
2717 737 2731 759 ,
2758 698 2850 752 sed
2878 716 2976 767 qua
3004 718 3224 774 magnos
3248 722 3344 763 eos
3371 709 3512 777 fecit,
3541 727 3645 769 tam
3670 721 3776 774 mul

2225 787 2337 878 tos,
2363 782 2460 836 hoc
2488 794 2601 849 est,
2636 787 2795 843 millia
2844 792 3083 847 millium.
3119 795 3266 852 Sicut
3303 800 3459 857 aliter
3487 805 3797 878 intelligitur

2216 868 2417 937 justitia
2446 888 2548 967 qua
2571 886 2652 967 est
2674 877 2785 946 ipse
2801 880 3003 949 justus;
3032 894 3189 942 auter
3212 904 3371 959 quam
3396 892 3448 947 in
3472 896 3624 953 nobis
3650 868 3794 967 iacit,

2222 967 2277 1013 ut
2304 976 2399 1015 nos
2420 962 2585 1020 sinius
2599 965 2801 1034 justitia
2824 971 2959 1041 ejus.

2287 1052 2341 1106 5.
2371 1051 2532 1109 Iidem
2555 1056 2651 1127 ipsi
2672 1062 2836 1116 sancti
2854 1074 2977 1119 sunt
2998 1065 3048 1120 in
3076 1070 3323 1127 omnibus
3348 1076 3563 1133 musicis
3583 1083 3795 1150 organis

2217 1140 2470 1214 deinceps
2495 1148 2771 1218 signiticati
2791 1195 2806 1220 ,
2835 1156 2900 1209 ad
2930 1157 3247 1216 laudandum
3266 1164 3452 1222 Deum.
3476 1168 3627 1236 Quod
3646 1140 3791 1229 enim

2218 1240 2490 1335 proposuit
2539 1240 2754 1335 dicens,
2778 1244 3007 1303 Laudate
3047 1250 3321 1309 Dominum
3349 1258 3402 1311 in
3434 1263 3620 1316 sanctis
3648 1264 3789 1335 ejus,

2214 1324 2316 1430 hoc
2345 1331 2674 1400 exsequitur,
2692 1337 2836 1392 varie
2854 1338 3160 1410 significans
3176 1346 3390 1402 eosdem
3414 1349 3559 1419 ipsos
3577 1324 3790 1412 sanctos

2214 1432 2345 1488 ejus.

2283 1508 2348 1604 6.
2378 1508 2524 1581 [vers.
2553 1512 2630 1586 3.]
2664 1514 2891 1573 Laudate
2917 1536 3030 1575 eum
3072 1523 3126 1578 in
3173 1542 3297 1581 sono
3343 1528 3477 1584 tuba:
3516 1544 3540 1586 :
3568 1543 3785 1604 propter

2213 1598 2380 1653 laudis
2402 1604 2903 1663 excellentissimam
2958 1612 3275 1669 claritatem.
3303 1616 3534 1674 Lauda'e
3732 1624 3785 1681 in

2211 1692 2447 1782 psalterio
2490 1705 2537 1749 et
2566 1698 2781 1753 cithara.
2814 1702 3126 1760 Psalterium
3178 1717 3261 1763 est
3308 1710 3376 1765 de
3424 1715 3786 1782 superioribus

2210 1781 2431 1838 laudans
2446 1784 2639 1851 Deum,
2670 1789 2873 1847 cithara
2897 1793 2964 1849 de
2990 1781 3566 1859 inferioribuslaudans
3597 1807 3781 1873 Deum;

2211 1879 2459 1964 tanquam
2481 1876 2548 1931 de
2571 1880 2877 1937 caelestibus
2897 1893 2951 1939 et
2977 1890 3319 1947 terrestribus
3338 1934 3353 1957 ,
3388 1903 3636 1964 tanquam
3664 1914 3783 1955 eum

2207 1964 2295 2031 qui
2322 1963 2646 2057 lecitcrelum
2668 1980 2722 2025 et
2752 1982 2967 2029 terram.
2990 1977 3107 2033 Jam
3135 1983 3329 2052 quippe
3366 1984 3419 2039 in
3448 1963 3554 2040 alio
3580 1990 3782 2057 psalmo

2207 2056 2547 2121 exposuimus
2576 2061 2883 2128 psalterium
2904 2066 3133 2139 desuper
3158 2072 3356 2128 habere
3380 2056 3634 2132 sonorum
3655 2079 3779 2136 illud

2205 2140 2426 2211 lignum,
2444 2149 2527 2201 cui
2547 2164 2831 2209 nervorum
2856 2158 3044 2225 series,
3069 2169 3129 2214 ttt
3146 2162 3418 2219 meliorem
3431 2181 3623 2222 sonum
3657 2172 3777 2226 red-

2204 2232 2313 2298 dat,
2339 2234 2620 2293 incumbit:
2641 2243 2780 2310 quod
2802 2244 3000 2314 lignum
3026 2249 3227 2306 cithara
3245 2252 3467 2309 inferius
3494 2256 3683 2313 habet.

2275 2324 2326 2377 7.
2370 2323 2519 2397 [vers.
2547 2328 2626 2402 4.]
2655 2331 2886 2388 Laudate
2909 2353 3021 2391 eum
3045 2340 3096 2393 in
3116 2351 3356 2412 tympano
3381 2347 3778 2422 ctchoro.Tym-

2204 2430 2397 2485 panum
2426 2421 2602 2477 laudat
2632 2425 2793 2479 Deum
2817 2469 2832 2494 ,
2857 2443 2976 2483 cum
2998 2431 3108 2499 jam
3150 2433 3202 2488 in
3228 2451 3389 2491 carne
3405 2450 3602 2495 mutata
3636 2421 3775 2500 nulla

2176 2518 2531 2603 estterrcnze
2572 2520 2927 2586 corruptionis
2966 2522 3267 2581 inﬁrmitas.
3296 2528 3369 2583 De
3412 2532 3559 2585 corio
3583 2534 3775 2603 quippe

2204 2600 2259 2653 lit
2290 2609 2595 2673 tympanum
2623 2609 2892 2665 exsiccato
2912 2622 3072 2683 atque
3103 2616 3331 2672 firmato.
3364 2618 3571 2676 Chorus
3596 2600 3774 2679 laudat

2203 2690 2401 2755 Deum,
2426 2696 2636 2763 quando
2680 2699 2857 2755 laudat
2903 2718 3022 2757 eum
3050 2716 3233 2774 pacata
3273 2711 3518 2765 societas.
3549 2712 3774 2770 Laudat:

2198 2797 2311 2835 eum
2334 2784 2386 2837 in
2415 2786 2616 2871 chordis
2636 2799 2680 2843 et
2707 2808 2919 2862 organo.
2945 2793 3184 2851 Chordas
3206 2798 3363 2855 habet
3389 2811 3443 2856 et
3466 2805 3769 2871 psalterium

2198 2880 2251 2925 et
2280 2873 2515 2941 cithara,
2544 2894 2663 2947 qua:
2691 2883 2935 2949 superius
2967 2900 3382 2944 commemorata
3426 2904 3569 2948 sunt.
3602 2896 3768 2966 Orga-

2199 2974 2523 3018 numantem
2553 2971 2803 3036 generale
2854 2989 3048 3029 nomen
3103 2986 3186 3032 est
3232 2981 3472 3036 omnium
3523 3001 3766 3042 γειευιιιιιη

2198 3055 2563 3123 musicorum;
2623 3064 2865 3129 quamvis
2905 3065 3016 3134 jam
3064 3069 3352 3127 obtinuerit
3402 3078 3764 3144 consuetudo,

2197 3155 2468 3215 utorgana
2500 3153 2707 3220 proprie
2735 3154 2981 3210 dicantur
3002 3174 3063 3212 ea
3085 3175 3202 3229 qua:
3240 3163 3492 3219 inﬂantur
3522 3167 3763 3223 follibus:

2193 3238 2332 3306 quod
2347 3254 2512 3308 genus
2528 3242 2874 3312 signiﬁcatum
2893 3246 2978 3302 hic
2991 3266 3108 3304 esse
3127 3268 3229 3305 non
3243 3255 3628 3310 arbitror.Nam
3646 3274 3763 3313 cum

2193 3342 2449 3397 organum
2476 3333 2788 3388 vocabulum
2835 3352 3068 3406 graecum
3092 3339 3200 3404 sit,
3243 3352 3299 3395 ut
3343 3344 3487 3409 dixi,
3515 3349 3766 3416 generale

2191 3420 2439 3474 omnibus
2465 3422 2681 3478 musicis
2710 3426 3108 3497 instrumentis;
3141 3432 3239 3487 hoc
3269 3435 3351 3488 cui
3408 3437 3560 3493 folles
3610 3440 3763 3494 adbi-

2190 3508 2402 3575 bentnr,
2425 3513 2530 3567 alio
2549 3514 2719 3570 Grmci
2742 3520 2957 3574 nomine
2986 3522 3271 3590 appellant.
3304 3524 3375 3580 Ut
3400 3537 3577 3581 autem
3610 3545 3763 3599 orga-

2189 3617 2313 3653 num
2342 3600 2565 3667 dicatur,
2590 3606 2755 3675 magis
2776 3609 2931 3662 latina
2954 3620 3005 3664 et
3031 3626 3092 3665 ea
3120 3612 3352 3683 vulgaris
3402 3625 3485 3670 est
3534 3633 3759 3673 consue-

2191 3692 2335 3748 tudo.
2394 3694 2546 3761 Quod
2589 3711 2716 3767 ergo
2765 3700 2948 3765 ait,in
2972 3703 3174 3757 chordis
3223 3717 3271 3757 et
3314 3721 3524 3776 organo,
3558 3709 3763 3763 videtur

2189 3785 2316 3838 mihi
2338 3785 2548 3854 aliquod
2573 3801 2827 3856 organum
2855 3790 2994 3860 quod
3033 3792 3259 3846 chordas
3310 3794 3534 3860 habeat,
3560 3798 3761 3867 signiﬁ-

2187 3892 2309 3930 care
2334 3877 2585 3931 voluisse.
2636 3878 2752 3933 Non
2802 3881 2940 3934 enim
2988 3882 3098 3937 sola
3145 3885 3392 3953 psalteria
3441 3898 3493 3942 et
3542 3890 3759 3944 citham

2187 3967 2413 4022 chordas
2465 3967 2699 4023 habent:
2730 3968 2823 4024 sed
2867 3971 2988 4040 quia
3029 3973 3079 4025 in
3131 3974 3379 4042 psalterio
3417 3988 3471 4031 et
3520 3979 3757 4044 cithara,

2190 4067 2402 4127 propter
2427 4074 2615 4113 sonum
2645 4060 2711 4115 ab
2743 4061 3078 4116 inferioribus
3125 4074 3179 4119 et
3225 4067 3586 4134 superioribus
3606 4110 3621 4135 ,
3678 4071 3757 4123 in-

2187 4160 2398 4203 ventum
2417 4160 2497 4204 est
2514 4150 2709 4222 aliquid
2730 4150 2868 4220 quod
2895 4152 3183 4207 secundum
3209 4156 3345 4209 hanc
3363 4156 3755 4213 distinctionem

2188 4242 2352 4311 possit
2391 4242 2641 4313 intelligi,
2670 4242 2811 4297 aliud
2852 4259 2948 4298 nos
2986 4244 3038 4298 in
3086 4246 3213 4315 ipsis
3264 4247 3477 4303 chordis
3522 4265 3758 4319 quaerere

2185 4333 2494 4398 admonuit;
2523 4335 2643 4402 quia
2670 4343 2724 4387 et
2753 4334 2881 4403 ipsa:
2925 4343 3049 4390 sunt
3090 4351 3252 4402 caro,
3284 4337 3376 4392 sed
3410 4338 3519 4406 jam
3559 4354 3588 4392 a
3636 4354 3757 4393 cor-

2185 4424 2429 4492 ruptione
2458 4424 2675 4478 liberata
2692 4425 2737 4477 ¹.
2762 4423 2963 4490 Quibus
2991 4425 3212 4481 fortasse
3240 4426 3360 4480 ideo
3382 4426 3581 4482 addidit
3609 4445 3759 4499 Orgao

2186 4531 2308 4569 num
2339 4557 2356 4582 ,
2408 4532 2513 4570 non
2556 4524 2616 4569 ut
2656 4517 2879 4586 singula:
2922 4526 3147 4586 sonent,
3198 4518 3291 4573 sed
3342 4526 3401 4573 nt
3455 4520 3757 4575 diversitate

2184 4607 2597 4662 concordissima
2625 4617 2938 4672 consonent,
2969 4610 3104 4664 sicut
3125 4609 3438 4663 ordinantur
3462 4612 3512 4665 in
3536 4626 3753 4681 organo.

2187 4698 2618 4752 llabebuntenim
2649 4700 2806 4753 etiam
2833 4708 2957 4754 tunc
2982 4700 3148 4754 sancti
3174 4701 3263 4754 Dei
3284 4700 3613 4755 differentias
3634 4716 3758 4756 suas

2183 4798 2556 4855 consonantes,
2583 4805 2686 4845 non
2711 4790 3064 4857 dissonantes,
3112 4790 3162 4843 id
3192 4801 3293 4856 est,
3324 4791 3757 4856 consentientes,

2184 4898 2288 4935 non
2341 4882 2749 4948 dissentientes;
2781 4882 2918 4937 sicut
2971 4881 3030 4936 fit
3073 4883 3419 4937 suavissimus
3467 4894 3756 4938 concentus

2182 4988 2247 5027 ex
2276 4972 2498 5027 diversis
2517 4973 2729 5042 quidem
2749 5013 2765 5039 ,
2787 4972 2881 5027 sed
2912 4988 3016 5028 non
3041 4974 3177 5027 inter
3204 4989 3263 5028 se
3299 4972 3539 5028 adversis
3588 4975 3758 5029 sonis.

2186 5065 2346 5119 Stella
2376 5065 2506 5118 enint
2545 5081 2575 5117 a
2604 5064 2747 5118 stella
2774 5064 2942 5131 cli/fert
2982 5066 3035 5118 in
3059 5065 3331 5132 claritate;
3366 5067 3439 5118 sic
3465 5075 3509 5118 et
3535 5081 3759 5119 resurre—

2182 5157 2279 5208 ctio
2306 5165 2575 5209 mortorum
2605 5154 2647 5225 (l
2672 5153 2789 5209 Cor.
2819 5171 2909 5219 xv,
2939 5156 3032 5221 H,
3059 5153 3171 5226 49.).

2254 5248 2303 5303 8.
2331 5246 2475 5319 [vers
2499 5249 2553 5312 5,
2578 5246 2656 5319 6.]
2688 5246 2918 5300 Laudote
2939 5263 3051 5300 eum
3076 5248 3128 5299 in
3147 5245 3387 5316 cymbalis
3414 5246 3537 5299 bene
3561 5261 3750 5299 sonan-

2185 5337 2332 5401 tibus,
2366 5336 2570 5391 iaudate
2594 5353 2709 5391 eum
2766 5337 2821 5390 in
2862 5337 3103 5406 cymbalis
3122 5336 3461 5407 jubilationis.
3502 5334 3755 5407 Cymbala

2185 5429 2407 5484 invicem
2438 5438 2657 5497 tangunt
2678 5438 2730 5481 ut
2758 5438 2947 5482 sonent
2968 5427 3027 5489 ‘;
3060 5427 3179 5483 ideo
3209 5444 3235 5480 a
3266 5426 3581 5497 quibusdam
3610 5426 3756 5478 labiis

2186 5522 2380 5587 nostris
2405 5530 2707 5591 comparata
2733 5530 2877 5575 sunt.
2909 5520 3013 5576 Sed
3046 5520 3235 5574 melius
3277 5519 3496 5589 intelligi
3546 5529 3678 5589 puto
3708 5517 3754 5570 in

2248 5699 2262 5726 ¹
2300 5701 2372 5743 Er.
2399 5693 2547 5753 Lugd.
2572 5701 2692 5743 Ven.
2716 5700 2845 5748 ιον..
2887 5692 2965 5743 hic
2990 5701 3039 5742 et
3066 5708 3075 5753 ι
3096 5692 3204 5741 aulo
3229 5700 3352 5747 rost,
3377 5691 3506 5752 quia.
3608 5697 3663 5737 λι.

2247 5762 2265 5787 ι
2297 5761 2368 5805 εἰς
2391 5733 2620 5804 nuriioros
2638 5763 2744 5805 Mss.
2772 5733 2883 5805 add.
2910 5770 3045 5812 vero,
3064 5733 3290 5804 liberatam

2251 5824 2269 5850 ³
2289 5818 2424 5878 Fdd.,
2447 5825 2498 5867 ut
2516 5818 2634 5868 bene
2655 5824 2835 5893 sonent.
2861 5820 3024 5876 Abest,
3050 5821 3181 5874 item,
3201 5829 3226 5865 a
3249 5824 3353 5865 uss.
