4080 6472
1456 407 1851 470 ENARRATIO
1887 404 1950 460 IN
1990 401 2307 459 PSALMUM
2344 398 2481 457 XIV.
3423 378 3566 456 δηοσ

2003 519 2425 588 sonantia,quia
2473 512 2842 570 consonantia.
2865 511 2974 568 Vos
3017 511 3150 569 estis
3190 512 3306 568 huic
3349 515 3568 570 omnia:

1993 613 2124 668 nihil
2149 611 2235 666 hic
2258 609 2363 665 vile
2383 649 2398 674 ,
2420 607 2553 662 nihil
2579 605 2668 661 hic
2694 604 3082 669 transitorium,
3132 603 3268 660 nihil
3301 602 3566 660 ludicrum

1994 706 2278 774 cogitetur.
2306 700 2374 756 Et
2393 699 2515 770 quia
2545 703 2736 768 sapere
2754 695 3048 752 secundum
3069 711 3286 752 carnem
3308 711 3452 750 mors
3466 705 3572 763 est,

2000 796 2178 850 Omnis
2191 792 2398 863 spiritus
2419 791 2590 845 laudet
2615 787 2913 843 Dominum.

310 442 448 500 1965

311 553 568 628 eyuibalis
613 541 1005 620 quodammodo
1043 535 1260 594 laudare
1287 533 1453 589 Deum
1475 530 1634 594 ,dum
1663 525 1890 628 quisque

316 618 610 702 honoratur
633 618 666 694 a
693 637 937 708 proximo
961 647 1079 697 suo,
1109 643 1215 683 non
1243 641 1274 680 a
1313 625 1528 695 seipse;
1559 629 1615 674 ct
1662 618 1888 671 invicem

318 742 646 796 honorantes
670 733 799 788 dant
824 727 1035 783 laudem
1056 726 1183 780 Deo.
1203 719 1282 777 Ne
1304 719 1422 790 quis
1445 725 1621 770 autem
1648 709 1890 784 cymbala

318 830 672 897 intelligeret,
701 837 820 894 quae
844 819 960 875 sine
980 817 1156 872 anima
1180 819 1405 873 sonant,
1435 809 1556 864 ideo
1584 814 1710 876 puto
1737 802 1892 897 addit

320 892 545 986 tum,in
591 892 834 986 cymbalis
863 907 1205 984 jubilationis.
1245 901 1496 960 Jubilatio
1545 910 1809 965 namque,
1841 892 1894 946 id

319 1008 711 1069 est-ineffabilir
747 1007 860 1059 laus
884 1045 901 1070 ,
931 1000 1142 1056 nonnisi
1189 997 1257 1052 ab
1306 995 1482 1050 anima
1521 988 1893 1061 proficiscitur.

320 1107 430 1161 Nec
451 1097 882 1173 pnetereundum
908 1093 1156 1150 existimo
1180 1086 1321 1158 quod
1368 1083 1556 1140 musici
1599 1081 1782 1136 dicunt
1799 1118 1815 1142 ,
1843 1087 1898 1132 et

323 1211 409 1249 res
437 1194 548 1263 ipsa
589 1185 867 1251 manifesta
913 1191 1022 1247 est,
1049 1180 1146 1236 tria
1196 1191 1317 1232 esse
1367 1188 1562 1245 genera
1605 1184 1896 1232 sonorum;

2405 992 2588 1033 SANC'I’I
2631 991 2842 1032 Αυιιειιι
2889 989 3163 1032 AUGUITINI

2005 1090 2097 1153 (uti
2107 1090 2303 1154 quidem
2319 1090 2369 1138 in
2385 1088 2529 1139 editis
2538 1094 2787 1138 Er.etLov.
2799 1087 2859 1136 ad
2869 1086 3014 1150 hujus
3027 1086 3142 1135 torni
3152 1085 3333 1134 calcem
3350 1085 3580 1149 habetur)

323 1211 409 1249 res
438 1209 548 1263 Ipsa
589 1209 867 1251 matntcsw
913 1209 1022 1247 cat,
1051 1209 1146 1236 tua
1196 1209 1317 1232 cano
1367 1209 1562 1245 δῠιιωα
1605 1209 1756 1226 δυ’-υ·
1773 1209 1858 1224 υιυ
1881 1209 1896 1232 9

323 1299 494 1350 νοω,
526 1282 674 1344 nam,
705 1277 856 1346 pulsu
884 1287 1073 1336 :voce,
1095 1277 1245 1324 utcst
1267 1282 1360 1336 per
1377 1265 1556 1319 fauces
1582 1260 1898 1322 ειπιθτῖειευ
2062 1330 2222 1350 num
2251 1338 2358 1350 Md
2397 1328 2616 1350 “tu.”
2646 1343 2893 1350 “mm”
2929 1251 2951 1350 ἶ

334 1329 494 1350 ’“’ννν
526 1329 674 1344 -ν---ι
707 1329 839 1346 rvi"
889 1329 894 1330 γ
1059 1329 1071 1336 ν
1269 1329 1280 1336 .

327 1378 445 1431 sine
489 1386 689 1443 organo
735 1367 914 1437 aliquo
958 1361 1222 1419 cantantis
1269 1357 1533 1419 hominis;
1566 1355 1730 1420 ﬂatu,
1760 1353 1899 1407 sicut

486 1466 514 1470 --
540 1465 551 1470 -
801 1459 813 1470 .
929 1458 940 1468 ο
965 1456 978 1470 ι
1060 1455 1092 1470 νο
1144 1469 1147 1470 ,
1198 1469 1205 1470 κ
1230 1467 1241 1470 -
1273 1451 1304 1470 l9
1338 1467 1348 1470 -
1407 1449 1559 1470 ..--1---
1615 1448 1750 1470 ,2-..ι
1799 1459 1894 1470 ..ιιι-

2059 1330 2225 1395 Quam
2248 1338 2358 1400 post
2391 1329 2618 1399 singulos
2641 1343 2893 1382 sermones
2923 1335 3070 1397 atque
3094 1335 3334 1380 tractatus
3362 1339 3530 1378 arcere

2656 1419 2932 1470 consuevit.

2656 1435 2714 1473 σο
2720 1435 2910 1472 nsuevu
2918 1455 2932 1471 ο

326 1484 424 1539 per
461 1465 677 1528 tibiam,
731 1459 817 1515 vel
855 1456 980 1526 quid
1045 1451 1351 1524 ejusmodi;
1407 1449 1584 1520 pulsu,
1613 1448 1753 1504 sicut
1799 1459 1894 1514 per

327 1557 585 1611 citharam
606 1593 622 1616 ,
653 1551 735 1606 vel
778 1547 906 1616 quid
953 1543 1239 1616 ejusmodi.
1269 1541 1481 1596 Nullum
1515 1541 1692 1608 itaque
1738 1551 1906 1605 genus

338 1648 427 1701 bic
479 1641 894 1714 praitermissum
966 1645 1102 1691 est:
1152 1648 1275 1687 nam
1315 1647 1415 1685 vos
1467 1639 1552 1684 est
1613 1629 1664 1682 in
1707 1629 1905 1689 choro,

342 1733 771 1797 ﬂatusin‘ttzba,
804 1729 986 1799 pulsus
1035 1727 1090 1780 in
1141 1725 1382 1786 cithara;
1426 1731 1672 1790 tauquam
1722 1733 1907 1782 mens,

337 1828 590 1897 spiritus,
629 1835 860 1890 corpus;
889 1818 982 1873 sed
1027 1824 1149 1886 ‘per
1196 1813 1611 1876 similitudines,
1660 1826 1764 1864 non
1817 1825 1912 1878 per

2079 1535 2334 1590 Conversi
2373 1533 2438 1587 ad
2481 1532 2759 1587 Dominum
2801 1532 2965 1586 Deum
3004 1531 3215 1586 Patrem
3251 1528 3590 1598 omnipoten-

2015 1641 2145 1690 tem.
2177 1643 2309 1697 puro
2336 1624 2497 1680 corde
2523 1625 2570 1676 ei
2589 1665 2604 1687 ,
2635 1631 2890 1692 quantum
2921 1632 3095 1693 potest
3131 1622 3361 1697 parvitas
3387 1631 3589 1683 nostra,

2013 1719 2271 1774 maximas
2299 1725 2460 1786 atque
2488 1728 2642 1769 veras
2667 1713 2864 1783 gratias
2889 1728 3108 1778 agamus
3133 1730 3145 1766 :
3180 1693 3460 1781 precantes
3481 1719 3594 1762 toto

2014 1813 2192 1865 animo
2238 1807 2560 1878 singularem
2616 1803 3079 1858 mansuetudinem
3127 1804 3276 1872 ejus,
3314 1810 3371 1856 ut
3409 1815 3594 1871 preces

340 1917 710 1988 proprietates.
735 1910 887 1980 Quod
918 1923 1045 1977 ergo
1071 1905 1368 1976 proposuit,
1391 1901 1621 1956 Laudate
1643 1901 1914 1954 Dominum

341 2015 396 2064 in
413 2007 603 2063 sanctis
623 2005 750 2074 ejus,
779 2001 970 2072 quibus
999 2001 1098 2052 hoc
1123 1997 1292 2060 dixit,
1325 1994 1424 2048 nisi
1450 1997 1528 2048 eis
1569 1994 1735 2063 ipsis?
1765 1993 1833 2046 Et
1861 1991 1912 2045 in

349 2098 541 2169 quibus
564 2103 622 2150 ut
647 2095 811 2148 Deum
855 2089 1102 2151 laudent,
1134 2087 1236 2142 nisi
1269 2086 1320 2140 in
1369 2084 1598 2154 seipsis?
1623 2083 1734 2138 Vos
1773 2081 1914 2136 enim

345 2189 514 2246 sancti
539 2188 655 2258 ejus
675 2228 690 2250 ,
715 2184 918 2254 inquit,
941 2183 1108 2236 virtus
1133 2179 1248 2250 ejus
1270 2179 1401 2234 estis
1418 2219 1432 2242 ,
1458 2177 1552 2232 sed
1583 2191 1740 2246 quam
1795 2174 1920 2228 fecit

346 2283 400 2336 in
425 2281 688 2342 vobis;et
734 2284 1038 2346 potentatus
1066 2274 1217 2343 ejus,
1245 2282 1300 2328 et
1325 2269 1604 2325 multitudo
1651 2268 1919 2338 magnitu-

345 2371 488 2427 dinis
516 2369 670 2439 ejus,
697 2381 852 2438 quam
881 2363 1005 2418 fecit
1027 2372 1081 2418 et
1102 2362 1332 2417 ostendit
1354 2362 1404 2414 in
1436 2359 1609 2414 vobis.
1637 2357 1748 2412 Vos
1793 2358 1921 2412 estis

349 2462 508 2525 tuba,
563 2459 906 2531 psalterium,
971 2455 1208 2517 cithara,
1287 2462 1630 2523 tympanum,
1683 2449 1920 2515 chorus,

347 2550 565 2608 chordae
586 2590 604 2616 ,
632 2557 688 2604 et
711 2562 966 2618 organum
987 2587 1004 2613 ,
1049 2554 1104 2601 et
1130 2545 1370 2616 cymbala
1416 2541 1742 2612 jubilationis
1783 2539 1923 2594 bene

2016 1911 2228 1956 nostras
2265 1899 2317 1953 in
2365 1895 2698 1965 beneplacito
2749 1910 2847 1948 suo
2891 1893 3143 1948 exaudire
3179 1893 3458 1962 dignetur;
3489 1889 3594 1944 ini-

2017 1993 2213 2048 micum
2240 2005 2450 2060 quoque
2477 2003 2507 2041 a
2536 1987 2732 2041 nostris
2753 1986 2956 2040 actibus
2981 1993 3036 2038 et
3063 1982 3472 2053 cogitationibus
3493 1995 3592 2035 sua

2021 2085 2216 2138 virtute
2241 2081 2490 2152 expellat,
2521 2079 2675 2133 nobis
2702 2077 2858 2131 fidem
2880 2075 3214 2144 multiplicat,
3245 2082 3476 2128 mentem
3498 2087 3598 2142 gu-

2022 2174 2229 2236 bernet,
2263 2171 2568 2240 Spiritualcs
2609 2167 2961 2238 cogitationes
2989 2165 3268 2225 concedat,
3299 2172 3356 2218 et
3375 2161 3442 2216 ad
3473 2162 3599 2216 bea-

2022 2264 2303 2318 titudinem
2331 2277 2480 2315 suam
2513 2258 2798 2329 perducat:
2821 2273 2920 2326 per
2942 2255 3124 2311 Jesum
3147 2253 3417 2308 Christum
3437 2251 3600 2306 ﬁlium

2023 2372 2176 2410 suum
2206 2355 2491 2408 Dominum
2524 2360 2790 2415 nostrum,
2819 2348 2906 2420 qui
2933 2363 3052 2402 eum
3087 2362 3152 2400 eo
3191 2346 3318 2400 vivit
3338 2353 3393 2400 et
3418 2353 3602 2416 regnat

2026 2447 2079 2500 in
2117 2445 2318 2500 unitate
2337 2443 2570 2513 Spiritm
2591 2441 2764 2498 sancti
2794 2441 2956 2505 Deus,
2976 2454 3072 2510 per
3088 2438 3266 2493 omnia
3292 2436 3484 2493 saacula
3503 2450 3604 2491 sae-

2026 2537 2290 2592 culorum.
2321 2536 2514 2590 Amen.

357 2664 3155 2697 ______________________.__—__—————————————-—

1514 2788 1631 2860 IN
1681 2785 2227 2858 PSALMUM
2287 2781 2480 2854 XIV

1733 2932 2224 3010 ENARRATIO,

351 3095 403 3138 tu
425 3087 580 3136 tribus
617 3093 723 3134 MSS.
747 3083 988 3140 Vaticano,
1015 3078 1164 3140 Regio
1187 3083 1240 3126 et
1259 3075 1357 3140 alio
1386 3076 1798 3140 Dominicanorum
1820 3057 2090 3140 conventus
2109 3071 2456 3140 claromontanl
2477 3064 2703 3140 reperta,
2720 3075 2941 3140 proxime
2976 3082 3092 3126 ante
3112 3074 3501 3140 alteram,un
3523 3088 3612 3126 suo

415 3147 522 3197 loco
535 3146 713 3218 habes,
750 3143 971 3205 ejusdem

415 3215 670 3259 mentarto.
1314 3246 1320 3254 ,

428 3335 480 3389 1.
523 3332 674 3407 [vers.
721 3327 798 3401 1.]
841 3328 1148 3407 Opportune
1174 3320 1656 3407 quartus-decimus
1696 3319 1932 3407 psalmus

358 3393 666 3466 lectus‘est;
696 3409 752 3455 et
779 3393 1075 3453 secundum
1103 3394 1346 3448 ordinem
1378 3393 1446 3466 ita
1481 3393 1692 3466 evenit,
1719 3400 1774 3443 ut
1803 3405 1929 3466 pro.

365 3459 730 3544 pemodum'de
751 3468 1004 3544 industria
1023 3465 1191 3544 lectus
1215 3477 1334 3544 esse
1359 3461 1612 3544 videatur.
1627 3459 1930 3544 secundum

357 3529 597 3599 brdinem
628 3541 794 3596 lectus
835 3545 918 3592 est
944 3536 1184 3590 Psalmus
1203 3573 1216 3594 ,
1239 3541 1293 3586 et
1317 3547 1382 3586 ex
1410 3529 1808 3599 dispensatione
1839 3530 1931 3584 hei

361 3624 489 3683 puto
533 3613 726 3683 factum
766 3623 884 3683 esse
923 3603 1146 3683 utquod
1178 3603 1328 3683 vobis
1354 3602 1638 3683 proderat,
1673 3599 1725 3654 in
1745 3599 1932 3683 ordine

358 3670 660 3752 exponendi
708 3679 864 3734 hodie
893 3670 1228 3752 recitaretur.
1269 3671 1499 3752 Quartus
1524 3670 1932 3752 deeiuuisp's‘al-

362 3739 481 3807 mtis
509 3752 676 3806 lectus
712 3757 814 3809 est,
840 3747 926 3815 qui
958 3743 1318 3815 prmscribitur
1347 3739 1584 3793 Psalmus
1615 3739 1794 3815 Dauid.
1823 3740 1924 3792 Da-

361 3821 454 3876 vid
501 3831 675 3874 autem
729 3808 909 3870 noStér
955 3808 1202 3868 Christus
1228 3819 1348 3876 est,
1377 3819 1436 3864 ut
1483 3825 1629 3877 szepe
1673 3808 1928 3863 diximus.

365 3889 566 3945 Deinde
595 3889 816 3957 legimus
863 3884 1122 3957 in_Exodo
1147 3922 1161 3945 ,
1196 3881 1326 3957 quia
1347 3888 1547 3957 quarta
1588 3880 1789 3957 dccima
1847 3878 1932 3957 die

366 3976 532 4030 agnus
555 3948 857 4012 imtiioletur
879 3953 1071 4030 (Enati.
1097 3967 1192 4030 xit,
1219 3951 1273 4015 5,
1297 3951 1391 4030 6);
1413 3959 1598 4020 quarta
1617 3948 1932 4030 decimandie

369 4018 691 4093 immolatur,
737 4018 947 4094 quando
975 4027 1095 4077 luna
1135 4023 1288 4090 plena
1319 4018 1404 4094 est
1422 4018 1678 4094 .'_quaudo
1723 4018 1852 4094 nihil
1884 4019 1930 4072 ei

366 4099 518 4154 deest
544 4098 612 4153 de
639 4087 836 4150 lumine
865 4114 878 4150 :
910 4094 1084 4148 videte
1109 4087 1236 4161 ergo
1265 4090 1408 4156 quod
1425 4087 1671 4161 Christus
1686 4104 1802 4161 _non
1829 4089 1930 4161 im-

372 4170 600 4222 molatur
627 4167 724 4220 nisi
768 4167 820 4218 in
865 4164 1099 4234 perfecto
1128 4158 1192 4215 ει
1226 4161 1383 4234 pleno
1409 4160 1626 4213 lumine.
1671 4158 1930 4234 Quoniam

368 4253 494 4308 ergo
523 4247 706 4308 quarta
737 4228 938 4308 decima
968 4233 1053 4287 die
1082 4228 1434 4308 immolandos
1458 4237 1543 4282 est
1564 4243 1732 4308 agnus
1760 4228 1929 4291 vobis,

369 4299 510 4361 tuine
536 4299 797 4374 Propheta
823 4305 1063 4367 miratur,
1097 4311 1149 4374 et
1175 4300 1480 4374 interrogat,
1507 4309 1560 4352 et
1582 4299 1750 4374 Adicit:

437 4377 495 4430 2.
520 4367 768 4438 Domine,
794 4374 904 4442 quis
931 4370 1172 4426 habitabit
1208 4371 1259 4422 in
1301 4369 1623 4442 tabernaculo
1664 4377 1750 4442 tuo
1774 4368 1800 4421 ?
1824 4367 1933 4442 Vos

407 4449 456 4501 ni
489 4445 646 4500 vultis
671 4437 909 4501 habitare
937 4445 986 4496 in
1014 4440 1352 4495 tabernaculo
1367 4437 1788 4502 l)omiui,attdite
1807 4439 1931 4507 quid

407 4465 456 4501 111
489 4464 646 4500 11111118
671 4464 909 4501 nanttare
937 4464 986 4496 111
1014 4464 1352 4495 wucrttatuutu
1367 4464 1594 4502 sumunt,
1611 4464 1788 4492 autum:
1807 4464 1931 4507 llllul

367 4464 580 4572 iiicitur.
635 4515 762 4582 Quis
801 4512 1042 4566 habitabit
1079 4511 1132 4563 in
1173 4507 1491 4582 tabernacula
1533 4518 1618 4582 tuo
1643 4509 1669 4561 τ’
1697 4517 1784 4560 aut
1820 4509 1936 4577 quis

370 4579 716 4656 rcquiescetr'in
744 4593 910 4656 tuante
923 4591 1096 4656 sancto
1115 4581 1240 4656 tua?
1269 4579 1555 4656 Non-prius
1585 4579 1633 4630 in
1662 4587 1861 4656 monte,
1880 4589 1934 4632 et

373 4648 552 4724 postea
588 4656 637 4708 in
689 4653 1058 4724 tabernaculo;
1091 4650 1186 4724 sed
1219 4650 1359 4716 prius
1391 4649 1440 4700 iu
1484 4648 1857 4724 tabernaculo,
1881 4657 1935 4702 ct

372 4718 440 4777 ita
471 4726 520 4778 in
555 4731 750 4776 monte.
789 4720 1208 4774 Tabernaculum
1252 4735 1356 4770 non
1396 4727 1476 4771 est
1519 4718 1666 4772 lirma
1703 4718 1930 4784 domus,

372 4795 766 4848 tabernaculum
795 4806 898 4843 non
943 4789 1100 4842 habet
1151 4787 1583 4851 fundamentum;
1615 4788 1706 4841 sed
1749 4788 1849 4840 huc
1877 4788 1933 4839 il-

370 4866 560 4932 lucque
598 4870 847 4932 mutatur,
877 4868 928 4912 ct
957 4875 1076 4912 cum
1107 4859 1511 4932 transmigrante
1551 4858 1760 4932 migrat.
1797 4856 1932 4932 Pro-

375 4925 552 5001 pterea
585 4931 804 4993 dicitur,
857 4935 1104 5001 stupentia,
1141 4926 1545 5001 nonAbabi‘tatio.
1575 4925 1805 5001 Domine,
1825 4928 1934 5001 guis

369 4995 555 5057 accolet
595 5003 648 5054 in
695 4995 1015 5054 tabernaculo
1067 5008 1150 5050 tuo
1177 4999 1202 5050 ?
1240 4995 1498 5063 Quoniam
1541 4997 1932 5048 tabernaculum

373 5083 473 5132 est.
509 5082 788 5141 propterea
817 5079 1049 5141 adparata
1088 5067 1299 5121 dicitur.
1352 5065 1630 5141 Videamus
1659 5081 1786 5134 ergo
1809 5066 1932 5141 quid

371 5154 447 5195 cst
477 5135 898 5204 tabernaculum,
928 5138 1049 5206 quid
1079 5145 1161 5191 cst
1187 5151 1498 5190 tnous:cum
1534 5135 1930 5189 tabernaculum

371 5229 473 5264 non
523 5211 717 5265 habeat
760 5209 1186 5270 fundamentum,
1228 5207 1319 5259 sed
1356 5207 1545 5259 donius
1596 5207 1792 5259 incerta
1821 5206 1929 5269 sit;

346 5291 579 5335 ‘-tuontes
610 5292 789 5335 autem
832 5281 977 5332 lirma
1009 5277 1236 5330 habeant
1282 5275 1615 5328 fundamenta
1643 5293 1656 5337 ;
1687 5277 1933 5328 taberna-

371 5353 546 5405 eulum
580 5352 708 5403 mihi
751 5348 955 5403 videtur
981 5363 1100 5402 esse
1129 5347 1279 5402 iSIius
1310 5346 1488 5400 tuuudi
1511 5346 1765 5400 Ecclesia.
1786 5344 1934 5400 Nunc

373 5421 622 5474 Ecclesia)
651 5436 781 5488 quas
827 5419 1014 5472 videtis
1033 5458 1048 5478 ,
1079 5417 1413 5488 tabernacula
1440 5425 1625 5488 sunt;
1659 5431 1762 5468 non
1791 5417 1932 5488 enim

371 5491 455 5544 hic
502 5486 876 5560 permzincmus
923 5489 1251 5560 habitantes,
1279 5486 1373 5541 scd
1399 5486 1508 5560 alio
1535 5486 1810 5560 migratum
1839 5501 1932 5538 su-

379 5555 516 5614 nos.
537 5561 592 5615 Si
618 5562 756 5614 enim
790 5560 978 5612 transit
1007 5558 1218 5612 schema
1252 5556 1431 5609 mttndi
1464 5556 1614 5609 istius
1636 5557 1673 5623 (Ι
1698 5555 1814 5609 Cor.
1839 5572 1930 5620 vn,

373 5631 426 5684 ’51
457 5633 474 5700 )
500 5672 515 5696 ,
545 5639 598 5684 et
625 5631 818 5700 dicitur
868 5631 919 5683 in
957 5630 1061 5682 alio
1102 5628 1231 5700 loco
1257 5667 1271 5691 ,
1308 5627 1438 5692 Quia
1471 5626 1649 5700 malunt
1702 5636 1935 5700 et_terra

373 5696 646 5782 vensibunt
669 5700 692 5782 (
718 5699 903 5782 illatua.
928 5699 1165 5782 &Xl\l.‘53
1183 5700 1232 5764 ):
1263 5706 1463 5782 quinto
1488 5697 1654 5765 magis
1671 5706 1723 5782 et
1753 5696 1935 5782 Eccle-

371 5773 560 5847 siarum
594 5766 794 5847 lapides
847 5784 980 5839 quos
1011 5768 1291 5847 videmus?
1334 5766 1480 5846 Nunc
1522 5781 1647 5847 ergo
1679 5766 1934 5847 Ecclesia:

370 5837 710 5897 tabernacula
737 5837 1008 5907 dicuntur,
1036 5841 1284 5910 quoniam
1335 5837 1609 5908 migraturi
1651 5852 1833 5892 sumus
1866 5837 1932 5891 de

1105 3133 1170 3187 ini
1194 3138 1546 3200 expositionem
1570 3148 1584 3183 :
1610 3142 1662 3184 et
1676 3136 1882 3183 maxima
1914 3142 2054 3196 parte
2077 3136 2259 3184 inserta
2279 3133 2477 3197 vulgato
2501 3133 2595 3184 sub
2625 3133 2822 3184 nomine
2858 3139 3130 3201 Hieronymi
3168 3138 3220 3186 in
3253 3133 3461 3186 Psalmos
3480 3149 3611 3187 com-

2045 3319 2158 3374 istis
2187 3319 2253 3373 ad
2292 3329 2526 3374 montem
2565 3331 2808 3375 sanetum
2863 3321 2981 3376 Dei.
3026 3321 3157 3390 Quis
3199 3331 3282 3378 est
3325 3325 3422 3378 iste
3459 3338 3615 3381 mons

2042 3390 2552 3462 Domini__sanctus?
2598 3391 2734 3462 Dicit
2783 3391 3032 3448 Ezechiel
3085 3402 3267 3447 contra
3320 3394 3610 3462 principem

2037 3460 2162 3531 Tyri
2195 3478 2209 3514 :
2247 3458 2550 3515 Vulneratus
2576 3477 2649 3527 es,
2686 3461 2874 3530 inquit,
2904 3479 2936 3514 a
2959 3473 3128 3516 monte
3148 3458 3374 3516 Domini.
3404 3462 3470 3517 Et
3494 3458 3607 3527 quis

2033 3531 2309 3602 requiescet
2341 3531 2394 3602 in
2433 3541 2600 3602 tuante
2637 3544 2810 3585 sancto
2838 3542 2923 3585 tua
2971 3532 2988 3602 (
3033 3531 3220 3586 Ezeeh.
3275 3549 3458 3596 xxvm,
3498 3533 3566 3589 16
3591 3575 3609 3602 ,

2043 3597 2143 3654 sec.
2174 3599 2315 3672 LXX
2342 3597 2407 3672 )?7
2439 3601 2699 3667 Quoniam
2723 3617 2850 3672 ergo
2879 3602 2945 3656 de
2976 3597 3331 3657 tabernaculis
3357 3602 3420 3656 ad
3451 3597 3610 3658 mon;

2035 3679 2118 3742 tes
2142 3671 2422 3742 migratnri
2440 3687 2661 3735 sumus;
2691 3671 2947 3726 debemus
2976 3672 3180 3726 discere
3221 3672 3310 3742 qui
3353 3681 3479 3728 sunt
3521 3673 3609 3728 isti

2034 3740 2120 3809 qui
2156 3741 2436 3809 migraturi
2457 3750 2582 3794 sunt
2612 3743 2660 3793 in
2683 3751 2914 3794 montem
2937 3753 3175 3795 sanctum
3209 3740 3320 3795 Dei.

2105 3810 2158 3863 5.
2177 3808 2442 3882 [Μηνὶ]
2471 3811 2582 3865 Hoc
2604 3811 2744 3880 quod
2773 3811 2929 3874 dixit,
2949 3812 3073 3877 Quis
3090 3811 3328 3864 habitabit
3352 3812 3403 3865 in
3437 3813 3604 3882 tabers

2034 3880 2217 3933 uacula
2245 3880 2368 3933 tuo?
2390 3880 2478 3932 aut
2515 3881 2626 3950 quis
2670 3882 2937 3946 requiescet
2975 3885 3028 3935 in
3059 3890 3225 3935 monte
3258 3892 3429 3935 sancto
3471 3891 3554 3935 tuo
3582 3881 3610 3936 ἓ

2041 3950 2542 4020 interrogantiscst.
2572 3951 2724 4017 Quod
2759 3966 2887 4020 ergo
2922 3952 3266 4020 interrogavit
3307 3951 3569 4019 Pr0plteta
3593 3993 3611 4017 ,

2037 4035 2175 4072 nunc
2214 4019 2502 4089 respondet
2545 4021 2776 4089 Spiritus
2821 4019 3079 4076 Sanctus:
3128 4019 3332 4089 etquid
3363 4022 3412 4076 ei
3438 4022 3614 4077 dicit?

2035 4090 2128 4143 Vis
2158 4090 2312 4162 scire,
2342 4106 2374 4142 ο
2412 4089 2698 4162 Propheta,
2725 4091 2966 4162 visscire
2985 4092 3103 4162 quis
3133 4092 3331 4146 habitet
3354 4093 3403 4146 in
3436 4092 3611 4162 taberf

2037 4160 2225 4212 naeulo
2251 4174 2393 4222 meo,
2420 4171 2512 4213 aut
2538 4161 2656 4229 quis
2679 4161 2976 4229 requiescat
2994 4160 3045 4215 in
3071 4171 3253 4216 monte
3271 4172 3454 4216 sancto
3467 4161 3614 4216 meo?

2036 4229 2172 4302 Audi
2204 4245 2322 4302 qua:
2351 4240 2644 4302 sequuntur
2673 4247 2686 4282 :
2715 4231 2760 4284 si
2793 4231 2908 4285 haec
2937 4231 3124 4302 feceris
3150 4247 3267 4301 qua:
3295 4240 3609 4302 sequuntur,

2039 4299 2297 4352 liabitabis
2349 4300 2399 4353 iu
2437 4312 2616 4353 monte
2655 4310 2839 4355 saneto
2870 4317 3009 4357 meo.
3044 4299 3316 4368 Vos‘ergo
3343 4299 3431 4368 qui
3456 4301 3616 4356 vultis

2038 4368 2280 4423 habitare
2319 4370 2369 4422 in
2415 4369 2756 4424 tabernacqu
2783 4411 2798 4433 ,
2845 4381 2899 4424 et
2942 4371 3232 4427 ascendere
3274 4372 3328 4426 in
3376 4381 3614 4426 montem

2035 4447 2274 4492 sanctum
2332 4440 2466 4504 Dei,
2519 4455 2627 4494 non
2654 4455 2878 4495 necesse
2903 4451 2985 4496 est
3034 4453 3092 4495 ut
3137 4456 3253 4496 mea
3305 4442 3464 4496 verba
3516 4457 3613 4494 an-

2037 4509 2192 4581 diatis
2223 4526 2236 4561 :
2257 4510 2439 4581 audite
2465 4511 2589 4581 quid
2625 4511 2878 4565 Dominus
2915 4511 3197 4580 Propheta:
3239 4511 3614 4581 responderit;

2037 4578 2141 4631 hoc
2172 4577 2326 4633 facite
2362 4577 2505 4648 quod
2543 4581 2794 4648 praicepit
2834 4577 3083 4636 Dominus
3107 4623 3122 4646 ,
3153 4592 3206 4636 et
3233 4577 3532 4637 asceudctis
3562 4583 3614 4636 in

2037 4659 2269 4702 montem
2286 4659 2531 4721 sanctum
2560 4651 2791 4704 Domini.
2825 4651 2924 4716 Qui
2951 4651 3230 4721 ingreditur
3259 4653 3366 4706 sine
3391 4654 3612 4715 macula,

2037 4729 2082 4771 et
2109 4729 2346 4790 operatur
2363 4720 2638 4790 justitiam.
2660 4722 2942 4789 Propterea
2963 4720 3158 4777 dicitur
3175 4731 3228 4775 et
3253 4723 3303 4776 in
3323 4723 3615 4776 centesimo

2037 4799 2224 4842 octavo
2273 4789 2513 4858 deeimo
2559 4792 2762 4858 psalmo
2791 4833 2806 4856 ,
2853 4790 2996 4844 Beati
3071 4792 3378 4845 immaculati
3436 4793 3490 4845 in
3538 4793 3618 4844 via

2038 4857 2224 4930 (Psal.
2251 4874 2432 4930 cxvut,
2460 4857 2527 4930 1)
2553 4857 2569 4911 ἐ
2599 4863 2773 4930 statim
2826 4861 2875 4912 iu
2929 4862 3188 4929 principio
3219 4862 3437 4927 dicitur,
3471 4860 3619 4914 Beati

2036 4929 2347 4981 immaculati
2377 4930 2429 4981 in
2468 4929 2566 4982 via.
2614 4929 2891 4996 Quomodo
2938 4933 3006 4985 ibi
3043 4932 3272 4995 dicitur,
3297 4931 3617 4984 immaculati

2037 4999 2088 5069 in
2112 5001 2188 5069 uia
2221 5015 2238 5061 ;
2265 4999 2348 5069 sic
2369 5007 2422 5051 et
2451 4999 2536 5052 hic
2561 4999 2773 5062 dicitur,
2820 5000 2918 5066 Qui
2948 5003 3226 5069 ingreditur
3248 5003 3356 5054 sine
3393 5003 3617 5054 macula.

2039 5067 2138 5140 Qui
2171 5067 2482 5140 ingreditur.
2511 5069 2561 5122 iu
2586 5070 2665 5123 via
2693 5079 2790 5123 cst.
2825 5071 2926 5134 Qui
2954 5067 3234 5140 ingreditur
3261 5073 3369 5138 sine
3396 5073 3616 5126 macula.

2042 5136 2226 5210 Yidete
2251 5138 2387 5210 quid
2422 5140 2724 5210 percipitur
2755 5156 2766 5190 :
2809 5156 2911 5192 non
2941 5136 3093 5210 digit,
3137 5141 3236 5207 Qui
3265 5136 3501 5210 pervenit
3552 5142 3618 5196 ad

2040 5207 2198 5260 linem
2221 5207 2336 5261 sine
2359 5209 2558 5262 macula
2587 5225 2600 5271 ;
2631 5209 2723 5262 sed
2745 5249 2760 5271 ,
2789 5209 2884 5275 Qui
2918 5208 3091 5263 adfine
3129 5211 3179 5263 in
3213 5207 3401 5267 itinere
3432 5222 3535 5274 est,
3567 5222 3622 5265 ct

2040 5278 2302 5348 maculam
2333 5293 2435 5330 non
2466 5279 2642 5331 habet.
2689 5279 2872 5348 Dicere
2897 5280 3088 5348 aliquis
3112 5290 3358 5348 poterat:
3391 5281 3501 5335 Neu
3529 5282 3622 5334 hav

2041 5347 2140 5401 beo
2181 5349 2438 5402 maculam
2465 5389 2479 5412 ,
2525 5363 2628 5402 non
2677 5347 2775 5402 feci
2822 5347 3040 5406 malum.
3081 5347 3196 5403 Non
3247 5351 3440 5405 sufficit
3470 5351 3619 5405 nobis

2040 5418 2238 5470 malum
2271 5434 2373 5470 non
2401 5417 2576 5472 facere
2605 5459 2618 5478 .
2655 5420 2752 5471 nisi
2794 5419 3075 5473 fecerimus
3104 5429 3160 5474 ct
3189 5421 3408 5474 bottttm.
3454 5421 3618 5475 Deni-

2039 5503 2141 5557 que
2162 5489 2398 5554 sequitur
2432 5505 2444 5540 :
2475 5487 2534 5540 Et
2561 5499 2800 5556 operatur
2853 5491 3116 5556 justitiam.
3149 5491 3261 5544 Non
3291 5492 3423 5544 dixit
3449 5532 3464 5555 ,
3489 5505 3621 5558 ope-

2041 5568 2184 5611 ratur
2207 5559 2532 5630 castitatem;
2567 5576 2669 5612 non
2693 5560 2842 5623 dixit,
2867 5571 3120 5628 operatur
3147 5561 3478 5630 sapientiam,
3496 5575 3609 5629 opev

2041 5637 2186 5681 ratur
2223 5628 2620 5699 fortitudinem.
2673 5630 2736 5683 Et
2768 5630 2847 5682 lim
2892 5630 3110 5698 quidem
3157 5628 3384 5685 virtutes
3408 5628 3622 5699 optimm

2041 5711 2186 5772 sunt.
2221 5697 2378 5772 Yet-bi
2402 5713 2578 5772 causa.
2607 5701 2861 5772 sapientia
2893 5697 3044 5772 nobis
3079 5701 3320 5770 prodest,
3354 5711 3411 5772 ut
3434 5697 3622 5772 perse-

2041 5767 2342 5821 (utionibns
2371 5770 2713 5840 erudiamur;
2764 5770 3014 5824 fortitudo
3060 5767 3216 5826 nobis
3257 5767 3474 5840 prodest
3500 5811 3516 5837 ,
3565 5779 3620 5824 ut

2043 5839 2497 5904 persecutionibus
2547 5842 2896 5909 resistamus;
2941 5841 3136 5897 deinde
3185 5839 3533 5910 temperantia
3569 5849 3625 5897 et
