4080 6470
543 401 682 461 I967

542 511 761 570 castitas
797 511 951 567 nobis
977 507 1213 580 prodest,
1240 523 1308 562 ne
1337 508 1619 577 perdamus
1647 509 2106 580 animasrnostras.

544 583 758 640 Justitia.
783 583 893 635 sola
919 577 1108 649 magna
1147 580 1310 632 virtus
1340 589 1422 632 est
1451 588 1504 633 et
1538 589 1707 649 mater
1733 579 1988 631 omnium.
2019 577 2110 649 Di-

545 663 632 708 cat
658 654 880 722 aliquis:
914 647 1189 722 Quo—modo
1224 649 1425 722 justitia
1455 648 1627 722 major
1655 657 1739 722 est
1764 649 1974 722 caneris
2001 647 2110 722 vir-

544 717 783 778 tutibus?
806 721 1024 774 Caetera:
1045 717 1263 772 virtutes
1294 719 1574 772 habentem
1597 718 1880 781 delectant;
1907 717 2110 785 jnstitia

543 809 650 847 non
677 792 904 846 delectat
943 790 1226 846 habentem
1248 804 1327 849 se,
1355 788 1448 842 sed
1476 790 1625 842 alios.
1649 789 1702 842 Si
1728 803 1843 841 sum
1871 789 2106 855 sapiens,

541 862 803 930 sapientia
827 876 913 915 me
939 861 1196 930 delectat;
1224 859 1268 912 si
1298 874 1413 912 sum
1439 858 1609 930 fortis,
1641 874 1724 911 me
1746 859 1974 930 delectat
2001 859 2108 911 for-

542 928 713 986 titudo
742 945 892 994 mea;
922 931 964 984 si
992 929 1146 982 fuero
1172 939 1367 989 castus,
1398 929 1617 982 castitas
1646 944 1759 980 mea
1786 928 1963 980 lzetitia
1995 943 2108 981 mea

545 1011 629 1055 est
651 1019 663 1053 :
683 1009 933 1055 caeterum
958 999 1161 1067 jusﬂtia
1193 1015 1299 1051 non
1332 1000 1546 1066 prodest
1570 998 1803 1062 habenti,
1827 997 1920 1052 sed
1949 1006 2110 1052 ozete-

543 1071 620 1124 ris
665 1070 872 1124 miseris
911 1086 1015 1122 non
1062 1069 1396 1123 habentibus.
1429 1069 1534 1121 Fac
1562 1067 1790 1135 aliquem
1825 1081 2108 1134 pauperem

542 1142 714 1193 rixam
751 1140 946 1192 habere
991 1155 1113 1192 cum
1164 1138 1322 1191 fratre
1372 1154 1522 1199 meo;
1559 1139 1637 1189 lae
1684 1137 1896 1190 fratrem
1935 1153 2110 1190 meum

544 1221 818 1278 potentem
845 1224 981 1270 esse,
1011 1218 1066 1262 et
1093 1208 1252 1261 alium
1288 1247 1301 1268 ,
1327 1209 1426 1261 hoc
1452 1217 1532 1260 est
1557 1208 1783 1278 alienum
1812 1222 1840 1260 a
1869 1224 1952 1260 me
1985 1223 2105 1276 pau-

545 1277 726 1347 pcrcm
757 1287 811 1332 et
837 1280 1106 1340 miserum,
1132 1278 1354 1345 Opprimi
1385 1294 1477 1344 per
1508 1277 1794 1344 potentiam
1821 1277 2111 1343 :sapientia

546 1364 664 1404 mea
691 1349 817 1418 quid
849 1349 1062 1416 prodest
1102 1347 1364 1418 pauperi?
1389 1347 1643 1418 fortitudo
1682 1363 1802 1418 mea
1827 1348 1950 1410 quid
1983 1363 2108 1418 prof

545 1419 666 1472 dest
695 1415 956 1487 pauperi?
995 1415 1122 1471 mea'
1149 1418 1366 1470 castitas
1398 1417 1521 1485 quid
1562 1416 1777 1483 prodest
1817 1415 2112 1484 pauperi‘?

543 1489 752 1542 Justitia
785 1488 1020 1555 prodest,
1049 1490 1299 1556 quoniam
1332 1503 1435 1540 non
1467 1487 1664 1555 accipio
1692 1502 1970 1554 perseuam
2003 1487 2110 1538 fra-

546 1559 666 1625 tris,
697 1558 788 1611 sed
818 1572 912 1626 pro
937 1560 1157 1611 veritate
1205 1557 1402 1625 judico.
1438 1556 1645 1610 Justilia
1692 1573 1794 1608 non
1841 1558 1984 1609 novit
2013 1557 2114 1610 fra-

544 1638 704 1692 trem,
732 1643 836 1680 non
870 1628 1015 1680 novit
1044 1638 1263 1680 matrem
1291 1667 1304 1690 ,
1334 1641 1439 1678 non
1471 1629 1614 1678 novit
1658 1637 1892 1694 patrem;
1921 1627 2115 1679 verita-

545 1707 654 1752 tem
683 1699 828 1750 novit
854 1715 866 1748 :
899 1712 1175 1765 personam
1199 1712 1299 1750 non
1323 1697 1534 1761 accipit,
1560 1697 1836 1749 Dominum
1859 1697 2110 1749 imitatur.

546 1769 937 1834 PrOptcreaque
967 1768 1136 1829 dixit,
1177 1766 1241 1818 Et
1290 1777 1532 1834 operatur
1579 1766 1821 1831 iustitium
1851 1807 1866 1829 ,
1920 1781 1985 1818 ne
2037 1767 2115 1818 vi-

545 1837 761 1890 deretur
779 1847 1000 1890 ceteras
1026 1837 1248 1889 virtutes
1269 1837 1580 1889 exclusisse.
1615 1836 1711 1900 Qui
1744 1835 1988 1888 irascitur
2014 1849 2112 1904 pro

543 1907 762 1959 alterius
777 1906 1072 1974 refrigerio,
1091 1907 1180 1974 qui
1197 1906 1416 1959 aliorum
1435 1905 1660 1958 miseriis
1678 1921 1780 1958 non
1798 1906 2109 1972 delectatur,

543 1977 645 2030 iste
669 1977 841 2045 justus
861 1987 962 2045 est.

613 2044 678 2099 4.
697 2045 844 2116 [υεη.
873 2044 948 2116 5.]
976 2046 1220 2098 Dicamus
1239 2054 1292 2116 et
1317 2054 1509 2116 extera
1529 2054 1988 2116 qruznisequuntur.
2017 2045 2117 2112 Qui

543 2114 764 2183 loquitur
791 2114 1046 2168 veritatem
1072 2117 1125 2167 in
1150 2115 1300 2167 corde
1325 2132 1435 2168 suo.
1465 2114 1611 2166 Multi
1654 2115 1938 2181 loquuntur
1971 2117 2112 2168 veri-

543 2193 706 2238 tatem
733 2185 785 2239 in
811 2185 985 2245 labiis.
1017 2195 1069 2238 et
1116 2201 1220 2238 non
1271 2187 1321 2237 in
1370 2184 1550 2246 corde,
1580 2187 1666 2252 qui
1707 2185 1956 2238 videntur
1990 2201 2115 2239 vera

543 2254 738 2316 dicere,
772 2255 863 2308 sed
889 2269 983 2308 cor
1015 2270 1133 2307 cum
1166 2255 1318 2307 labiis
1346 2270 1448 2306 non
1476 2263 1751 2307 consonat.
1779 2254 1879 2317 Qui
1895 2272 1994 2307 non
2021 2255 2118 2323 egit

544 2323 716 2376 dolum
748 2325 800 2376 in
827 2327 997 2394 lingua
1027 2341 1138 2394 sua.
1169 2325 1300 2388 Quia
1321 2325 1461 2392 quod
1491 2333 1670 2378 mente
1702 2334 1966 2390 tractavrt,
1999 2341 2117 2378 scr~

545 2408 704 2446 mone
739 2392 976 2462 protulit.
1027 2392 1136 2446 Nec
1167 2395 1279 2459 {erit
1327 2395 1554 2462 proximo
1611 2411 1700 2446 suo
1729 2395 1940 2446 malum.
1993 2395 2120 2459 Qni-

544 2463 666 2516 dam
705 2474 887 2531 putant
916 2465 1208 2531 proximum
1249 2479 1367 2516 esse
1409 2465 1622 2516 fratrem
1647 2506 1661 2528 ,
1707 2474 1797 2517 aut
1841 2466 2070 2518 vicinum
2101 2505 2114 2527 ,

543 2536 964 2601 aut'cognatum,
994 2543 1083 2586 aut
1108 2535 1576 2602 consanguineum.
1603 2534 1707 2586 Sed
1739 2535 1992 2587 Dominus
2018 2550 2116 2587 no-

547 2612 659 2674 ster
691 2602 845 2674 docet
875 2619 970 2674 nos
1002 2605 1052 2674 in
1082 2603 1393 2674 Evangelii),
1424 2606 1474 2656 in
1505 2618 1582 2674 ea,
1606 2604 1851 2672 parabola
1881 2606 1966 2657 tibi
1998 2605 2117 2674 qui-

544 2672 667 2726 dam
707 2672 984 2726 descendit
1025 2673 1091 2726 de
1118 2672 1414 2727 JernSalem
1466 2674 1516 2725 in
1561 2673 1806 2727 Jcricho:
1855 2672 2117 2728 Sacerdos

545 2743 808 2806 transivit,
839 2742 1053 2796 Levites
1084 2744 1344 2803 transivit,
1380 2759 1482 2795 non
1511 2752 1592 2796 cst
1623 2745 1869 2796 misertus
1897 2761 1911 2806 ;
1940 2746 2119 2798 Sama-

543 2812 673 2881 rites
698 2814 967 2871 transivit.
1000 2821 1054 2866 et
1081 2814 1332 2865 misertus
1357 2823 1457 2866 est.
1508 2814 1571 2866 Et
1607 2814 1897 2881 interrogat
1936 2824 2118 2881 postea

543 2880 818 2954 Dominus,
849 2891 902 2935 et
926 2883 1224 2954 dicit._Quis
1264 2882 1442 2954 horum
1473 2884 1729 2954 prosimus
1758 2880 1894 2954 fuit?
1926 2880 1988 2937 Et
2013 2894 2120 2954 sta-

545 2951 640 3004 tim
669 2950 863 3005 dicitur
891 2969 904 3004 :
942 2952 1040 3018 Qui
1070 2951 1190 3005 bene
1225 2953 1361 3022 fecit.
1396 2952 1464 3005 Et
1500 2952 1656 3006 infert
1686 2950 1941 3008 Dominus
1969 2971 1982 3006 :
2015 2951 2115 3017 Ite,

607 3063 626 3094 ⁸
650 3068 716 3112 Ita
731 3070 874 3113 vetus
889 3064 1106 3128 codexin
1116 3062 1387 3113 Colbertina
1402 3063 1712 3128 bibliotheca,
1723 3066 1805 3128 qui
1820 3065 2117 3128 charactere,

544 3122 691 3173 forma
720 3132 771 3174 et
793 3127 1140 3184 magnitudine,
1171 3128 1317 3185 Regio
1341 3125 1565 3174 volumini
1588 3139 1616 3174 a
1640 3122 1892 3176 Pe’tr'archa
1931 3122 2121 3175 laudato

544 3185 826 3257 simillimus,
853 3186 1125 3257 eademque
1163 3193 1327 3257 etate,
1375 3187 1421 3234 id
1437 3195 1544 3257 est,
1569 3197 1685 3257 ante
1719 3201 1872 3257 annos
1911 3189 1971 3236 ab
2011 3189 2122 3257 hinc

541 3249 882 3307 septingentos
902 3247 1190 3310 descriptus,
1217 3247 1418 3310 altegpm
1437 3248 1564 3296 illam
1588 3249 1754 3297 I’salmi
1785 3249 1840 3296 t4
1859 3249 2122 3310 expositio-

543 3310 858 3372 nemcpariter
895 3309 1129 3366 exhibet;
1155 3309 1557 3370 quemadmodum
1592 3317 1644 3358 et
1663 3310 1756 3358 alia
1779 3309 1999 3372 quaedam
2032 3309 2122 3356 du-

543 3368 760 3439 bia,_inio
778 3377 1044 3439 qttaucerto
1065 3368 1254 3439 constat
1283 3382 1516 3439 nori_esse
1555 3368 1835 3439 Augustini:
1863 3371 2020 3433 qualis
2043 3377 2122 3420 est

542 3428 693 3497 [κιείῌί
729 3428 1022 3497 inl’sahnOs
1046 3429 1262 3497 praefatio
1295 3433 1347 3480 in
1386 3432 1559 3497 iisdem
1594 3428 1838 3497 codicibus
1871 3428 2116 3497 contenta:

541 3488 796 3553 [sapientia
811 3503 920 3540 mea
941 3488 1063 3554 Quid
1077 3491 1271 3555 prodest
1291 3491 1533 3556 pauperi?
1553 3491 1748 3542 Justitia
1761 3494 1974 3556 prodest,
1998 3493 2117 3554 etc.]

1241 397 1300 450 S.
1340 393 1708 453 AUGUSTINI
1742 391 2044 451 EPlSCOPI
2080 390 2472 450 ENARRATIO
2510 397 2581 453 IN
2613 393 2935 450 PSALMUM
2971 391 3115 450 XIV.

3660 391 3802 449 1988

2215 518 2261 564 et
2287 524 2372 588 ac:
2396 508 2628 588 similiter
2666 509 2818 588 facitc
2861 506 2892 588 (_
2908 508 3036 561 Luc.
3068 522 3104 561 x
3129 548 3144 572 ,
3418 505 3642 588 _0_mnes
3669 521 3800 575 ergo

2218 580 2370 634 nobis
2398 579 2639 634 homines
2666 576 2893 648 proximi
2911 593 3130 642 sumus,
3160 588 3213 632 et
3241 576 3369 630 nulli
3401 576 3662 648 debemus
3685 593 3798 629 ma-

2217 649 2324 702 lum
2358 659 2549 704 tacere.
2580 646 2679 702 Sin
2713 660 2888 702 autem
2922 649 3190 716 proximos
3226 647 3572 715 intelligimus
3603 646 3792 716 fratres

2215 729 2269 773 et
2306 729 2598 789 cognatos;
2645 734 2772 784 ergo
2813 715 2935 772 licet
2977 720 3130 772 nobis
3157 717 3357 789 alienis
3402 718 3539 770 male
3573 715 3790 789 facere.

2216 790 2321 843 Sed
2350 787 2486 844 abstt
2517 792 2584 843 ita
2613 791 2832 843 credere
2863 805 2876 841 :
2922 804 3106 841 omnes
3154 788 3398 840 homines
3437 787 3660 855 proximi
3706 803 3794 839 su-

2214 876 2374 925 mus;
2417 877 2574 913 unum
2610 863 2749 912 enim
2783 860 3036 912 habemus
3088 868 3313 925 patrem.
3346 855 3414 909 Et
3465 858 3794 924 opprobrium

2215 948 2315 984 non
2345 931 2532 996 accepit
2561 930 2798 982 adversus
2832 930 3086 998 proximos
3113 945 3251 981 suos.
3281 927 3509 981 Grandis
3538 942 3624 978 res
3651 926 3790 979 dici-

2216 1010 2318 1054 tur.
2350 999 2626 1068 Nunquam
2653 1040 2664 1061 ,
2699 1001 2884 1068 inquit,
2915 999 3122 1051 vicinus
3158 1007 3517 1051 murmuratus
3543 1006 3625 1050 est
3654 1011 3792 1068 con-

2218 1081 2297 1124 tra
2326 1086 2446 1124 eum
2472 1067 2497 1131 ;⁷
2532 1067 2795 1135 numquam
2822 1069 3042 1131 invenit,
3077 1069 3262 1137 inquit,
3290 1069 3520 1134 aliquam
3551 1067 3792 1120 occasio-

2216 1156 2337 1194 nem
2381 1140 2693 1192 detrahendi
2747 1141 2833 1193 ei:
2878 1140 2991 1192 haec
3031 1138 3196 1191 virtus
3245 1138 3457 1192 excedit
3501 1137 3790 1191 humanam

2216 1211 2593 1275 conditionem,
2626 1210 2713 1262 Dei
2741 1210 2903 1278 gratia
2923 1213 3024 1263 est.

2287 1282 2339 1334 5.
2371 1280 2517 1350 [vers.
2539 1279 2616 1351 4.]
2643 1279 2723 1331 Ad
2749 1277 2959 1332 nihilum
2984 1277 3223 1351 deductus
3239 1288 3310 1330 est
3333 1277 3390 1351 in_
3405 1287 3670 1344 conspectu
3691 1277 3801 1351 eius

2220 1347 2497 1418 "antiquus.
2547 1347 2653 1404 Etsi
2680 1351 2966 1419 imperator
2990 1357 3090 1412 est,
3124 1349 3221 1401 etsi
3245 1347 3536 1419 praefectus
3561 1347 3795 1419 est,_etsi

2218 1416 2498 1489 episcopus
2525 1432 2623 1481 est,
2659 1416 2770 1472 etsi
2807 1420 3082 1488 presbyter
3108 1421 3122 1486 (
3158 1420 3208 1470 in
3239 1417 3477 1489 Ecclesia
3507 1418 3649 1483 enim
3677 1416 3794 1469 ista:

2219 1488 2344 1542 sunt
2370 1492 2650 1559 dignitates
2675 1493 2712 1557 ),
2743 1492 3059 1558 quicumque
3089 1489 3260 1540 malus
3289 1498 3370 1540 est
3417 1488 3471 1559 in
3501 1497 3795 1553 conSpectn

2219 1561 2386 1613 sancti
2413 1558 2438 1621 ,7
2471 1576 2565 1627 pro
2615 1559 2779 1610 nihilo
2827 1566 3181 1625 computatur.
3214 1559 3276 1610 Et
3304 1558 3483 1609 statim
3504 1559 3746 1624 sequitur
3775 1571 3789 1627 ς

2222 1625 2660 1682 Τίηιεηιρεάιιιεηι
2692 1627 2969 1680 Dominum
3004 1627 3274 1696 glori/ictu.
3311 1627 3414 1696 Iste
3453 1637 3668 1696 sanctus
3696 1625 3792 1694 qui

2220 1700 2512 1768 ingreditur
2537 1701 2654 1753 sine
2697 1698 2901 1750 macula
2925 1738 2939 1760 ,
2971 1695 3057 1765 qui
3105 1706 3348 1768 potentcs
3375 1695 3602 1768 despicit
3627 1735 3642 1756 ,
3667 1698 3793 1762 quia

2219 1765 2342 1824 mali
2385 1780 2536 1832 sunt;
2573 1770 2616 1821 si
2656 1783 2812 1834 quem
2845 1768 3036 1819 viderit
3081 1765 3270 1819 timere
3298 1766 3485 1830 Deum,
3515 1765 3638 1817 licet
3666 1779 3797 1831 pan-

2220 1856 2316 1910 per
2352 1840 2440 1903 sit,
2467 1851 2642 1892 tamen
2671 1839 2816 1910 illum
2842 1837 3119 1910 gleiificat.
3143 1837 3404 1910 Quijurqt
3422 1836 3650 1910 proximo
3669 1851 3787 1899 suo,

2220 1904 2265 1963 et
2295 1927 2396 1962 non
2422 1910 2606 1976 decipit
2633 1910 2672 1960 ί.
2711 1908 2774 1960 Et
2802 1904 2888 1961 hic
2914 1908 3210 1976 proximum
3247 1906 3493 1960 similiter
3529 1904 3786 1958 debemus

2220 1981 2478 2047 accipere,
2513 1987 2567 2031 ut
2595 1993 2775 2045 supra.

2293 2043 2348 2103 ϐξ
2374 2048 2522 2121 [rers.
2547 2047 2624 2119 5.]
2641 2043 2741 2121 Qui
2762 2047 3022 2116 pecuniam
3043 2063 3185 2121 suum
3207 2061 3305 2097 non
3323 2043 3544 2121 de_dit__ad
3567 2059 3794 2121 usuram.

2220 2115 2394 2174 Multa"
2410 2131 2530 2172 sunt
2555 2115 2671 2187 qua:
2695 2115 2956 2178 diCautur,
2994 2117 3086 2169 scil
3120 2116 3250 2169 hora
3278 2115 3628 2187 excludimur.
3653 2115 3792 2179 Quo-

2223 2192 2361 2244 niam
2385 2184 2978 2242 autemnudiustertius
3019 2187 3086 2240 de
3130 2185 3386 2254 principio
3425 2195 3511 2238 cat
3555 2184 3670 2238 hare
3703 2199 3793 2236 eos

2223 2261 2299 2330 (a)
2331 2260 2578 2330 diximus,
2607 2267 2660 2310 et
2687 2258 2913 2330 propitio
2946 2257 3052 2330 Deo
3079 2256 3145 2309 de
3163 2254 3409 2330 Chaldzea
3436 2256 3635 2330 egressi
3665 2255 3790 2330 estis

2223 2325 2341 2383 cum
2374 2329 2641 2383 Abraham
2676 2327 2824 2397 (Gen.
2845 2342 2917 2390 x1,
2954 2325 3076 2397 5|),
3093 2335 3147 2379 et
3164 2325 3484 2397 meministis
3509 2340 3624 2392 qua:
3648 2325 3795 2397 dixe-

2223 2415 2424 2459 ramus,
2457 2393 2721 2467 quomodo
2753 2397 2950 2466 egressi
2982 2393 3112 2449 estis
3143 2396 3209 2447 de
3238 2393 3487 2467 Cli;ild._ra
3512 2433 3528 2457 ,
3558 2407 3611 2448 et
3635 2393 3795 2447 νειιί-

2225 2471 2322 2522 stis
2342 2471 2392 2522 in
2414 2464 2608 2522 terram
2631 2464 3012 2535 promissionis.
3039 2467 3274 2532 Denique
3291 2475 3344 2517 et
3368 2464 3630 2535 Abraham
3654 2474 3800 2535 post-

2222 2555 2380 2608 quam
2411 2539 2552 2592 venit
2578 2533 2641 2590 in
2659 2548 2850 2591 terram
2885 2537 3276 2608 promissionis,
3309 2535 3433 2587 hinc
3448 2534 3579 2608 _ini_le
3606 2533 3799 2608 adver-

2223 2602 2368 2681 sarii
2390 2608 2767 2681 eratit,Jitistes
2799 2617 2990 2660 terram
3031 2607 3311 2681 tenebant;
3344 2605 3485 2657 venit
3519 2602 3794 2681 Dominus,

2223 2689 2277 2732 et
2307 2678 2482 2732 cdueit
2511 2671 2629 2732 enin
2662 2678 2822 2735 foras.
2855 2685 2906 2728 et
2936 2676 3084 2744 ponit
3113 2677 3162 2727 in
3189 2685 3420 2728 montem
3441 2715 3455 2736 ,
3477 2685 3530 2727 et
3555 2671 3796 2744 ostendit

2224 2751 2271 2802 ei
2312 2751 2608 2802 universam
2639 2757 2850 2804 terram.
2881 2742 3113 2798 et‘dieit:
3146 2745 3266 2797 Ηαέ
3289 2745 3455 2796 omnia
3480 2745 3568 2795 tibi
3594 2742 3726 2794 dabo
3748 2750 3796 2792 et

2224 2820 2400 2871 semini
2422 2819 2548 2888 tuo(
2582 2817 2669 2871 Id.
2698 2833 2812 2878 xm,
2846 2817 2911 2870 15
2931 2817 2972 2887 ).
3006 2816 3090 2869 llli
3118 2815 3362 2884 promisit
3389 2855 3403 2878 ,
3433 2814 3588 2867 nobis
3618 2811 3798 2867 reddi-

2228 2899 2375 2942 lUl'US
2395 2900 2497 2943 εει.

2367 2997 2602 3068 Explicit
2627 3003 2879 3051 tractatus
2909 2993 3109 3048 Aurelii
3141 2991 3422 3062 Augustini
3445 2991 3684 3062 episcopi

2854 3107 2922 3162 de
2951 3107 3163 3161 Psalmo
3184 3105 3323 3159 XIV.

2319 3221 2388 3276 Et
2427 3239 2546 3276 mox
2591 3223 2644 3276 in
2694 3221 2871 3275 iisdem
2900 3219 3029 3274 Mss.
3073 3218 3339 3287 subjicitur
3380 3219 3541 3270 altera
3584 3218 3801 3288 ejusdem

2227 3292 2423 3348 Psalmi
2452 3295 2714 3364 expositio,
2741 3306 2853 3361 quae
2884 3291 3079 3358 incipit,
3113 3289 3186 3343 De
3216 3289 3317 3342 hoc
3343 3290 3527 3354 titulo,
3551 3299 3656 3344 etc.

2291 3433 2309 3492 ε
2333 3431 2406 3478 sic
2427 3431 2593 3479 verius
2609 3431 2748 3492 juxta
2761 3427 2888 3477 Colb.
2909 3435 2993 3478 bis.
3019 3425 3286 3492 [despicit.]

2291 3491 2365 3555 (a)
2392 3498 2546 3552 Forte,
2567 3491 2884 3544 cuteclteseos.

607 3756 723 3813 cum
743 3755 938 3800 centum
954 3756 1016 3813 et
1035 3750 1380 3813 quinquaginta
1401 3747 1569 3811 psalmi
1585 3749 2008 3813 indecursutomi
2033 3749 2175 3813 hujus
2195 3751 2353 3813 quarti
2375 3749 2542 3797 ordine
2561 3747 2785 3813 cardinali
2804 3745 2944 3813 simul
2970 3753 3026 3813 et_
3042 3745 3242 3813 ordinali
3273 3746 3486 3813 invicem
3510 3745 3808 3813 subsequan-

543 3816 636 3872 tur,
648 3811 770 3872 hinc
789 3807 1240 3872 specialem'eorum
1257 3807 1464 3858 indicem
1487 3811 1770 3872 subjiciendi
1794 3811 1922 3872 nulla
1947 3825 2040 3859 non
2066 3807 2509 3867 niodo'neeessitas,
2533 3812 2619 3858 sed
2644 3823 2708 3857 ne
2731 3810 2930 3872 facultas
2948 3808 3145 3872 quidem
3169 3811 3308 3857 nobis
3327 3807 3543 3869 suppetit
3560 3819 3571 3854 :
3590 3807 3811 3872 quoniam

541 3869 662 3922 nihil
680 3867 910 3921 aliud'hic
933 3872 1077 3919 index
1101 3871 1477 3928 demonstraret,
1501 3867 1645 3933 quam
1667 3872 1796 3934 quod
1855 3871 2026 3920 uilihet
2047 3881 2236 3932 aperto,
2261 3879 2314 3920 ut
2335 3873 2496 3929 aiunt,
2521 3872 2706 3930 codice,
2730 3871 2952 3919 invenire
2966 3867 3200 3919 'l'acillime
3226 3867 3404 3932 potest.
3422 3867 3656 3926 Quantum
3675 3867 3734 3914 ad
3757 3875 3810 3918 ea

546 3944 658 3980 aute
681 3933 943 3980 doctrinam
968 3929 1205 3980 moralem
1230 3940 1282 3980 et
1303 3933 1617 3980 domuaticam
1633 3969 1646 3980 .
1689 3886 2085 3980 diseiiiiinamuue
2110 3942 2159 3980 et
2183 3934 2429 3980 historiam
2463 3933 2846 3980 complectuntur
2866 3967 2880 3980 .
2904 3943 2996 3980 seu
3017 3943 3217 3979 sensum
3244 3927 3520 3980 .itteralem.
3544 3929 3794 3980 mysticum

1811 3952 1835 3994 ll

546 3944 658 3994 quae
681 3933 948 3994 doctrinam
968 3929 1205 3980 moralem
1230 3940 1282 3980 et
1303 3929 1617 3994 dogmaticam
1633 3969 1646 3991 ,
1688 3929 1804 3982 disci

1861 3927 2092 3995 inanique
2110 3942 2159 3995 et
2183 3927 2429 3982 historiam
2463 3927 2846 3994 complectuntur
2866 3967 2880 3990 ,
2904 3943 2996 3980 seu
3017 3927 3520 3995 sensum'jtteralem,
3544 3929 3794 3995 mysticum

545 3987 860 4056 caeterosque'
874 3993 1112 4056 exhibent
1133 4000 1185 4042 et
1211 3987 1487 4056 enucleant,
1521 3987 1885 4056 haec'omnia'ad
1909 3987 2091 4056 ealc'em
2113 3993 2266 4043 ultimi
2290 3995 2403 4044 tomi
2427 3987 2963 4056 oppidbindicahuniur,
2986 3991 3209 4051 subjecto
3230 3989 3453 4054 generali
3473 3987 3635 4040 initis
3649 3987 3800 4051 alpha

545 4051 703 4107 betico
723 4051 784 4104 et'
798 4052 1048 4116 analytteo,
1083 4066 1181 4117 quo
1199 4061 1244 4104 s.
1272 4051 1483 4104 Doctoris
1503 4067 1653 4118 Opera
1678 4055 1784 4106 haec
1805 4055 2156 4106 absolutissima
2177 4051 2552 4106 coronabuntur.
2653 4062 2710 4104 at.

1344 4771 1716 4833 EXPLICIT
1762 4773 1960 4833 TOMI
2002 4773 2302 4848 QUARTI
2343 4772 2539 4832 PARS
2581 4771 3038 4832 POSTERIOR.

2263 5257 2340 5316 ὃ.)
